3234 5034
670 298 763 346 cn
1166 291 1264 345 DE
1300 287 1770 345 SCRIPTORVM
1805 285 1996 340 VITIS
2032 285 2127 339 ΕΤ
2163 281 2471 340 SCRJPTIS

669 465 991 524 admodum
1030 477 1373 538 pauperem
1428 461 1759 520 decessisse
1805 458 1998 516 tradit
2043 449 2162 534 [fr.
2199 447 2272 533 2]
2317 459 2374 512 et
2415 452 2779 512 liberalitate
2819 463 2948 520 suo,

668 563 876 637 quoad
916 564 1168 634 uixerit,
1210 564 1632 620 sustentatum.
1704 558 1891 616 huius
1933 555 2186 617 libertus
2227 551 2350 628 fuit
2395 550 2587 609 Iulius
2633 547 2948 618 Modestus,

670 664 733 720 in
778 661 999 720 studiis
1052 667 1236 734 atque
1290 659 1579 718 doctrina
1627 657 1893 729 uestiyia
1927 654 2188 728 patroni
2229 656 2486 710 secutus.
2557 645 2638 704 Ex
2683 661 2800 723 quo
2847 659 2948 702 sua

669 759 925 837 sumpsit
978 755 1377 835 Hieronymus
1422 757 1511 816 ad
1554 773 1610 815 α.
1650 751 1828 813 2008
1867 753 2015 812 Abr.
2045 749 2119 821 (9
2155 766 2210 809 a.
2247 747 2412 820 Chr.)
2436 763 2503 822 p.
2533 745 2658 803 145
2697 742 2832 802 Sch.
2877 737 2950 799 ad

670 853 963 934 Hyginum
1018 853 1426 933 praeceptoris
1482 869 1812 931 cognomen
1870 847 2261 909 transferens:
2324 845 2384 906 C.
2431 844 2623 903 Iulius
2675 841 2952 916 Hyyiuus

670 962 1067 1030 coquomento
1114 953 1463 1030 Polyhistor
1504 953 1952 1027 qrammaticus
1995 948 2256 1008 habetur
2300 945 2587 1004 inlustris.
2659 936 2952 997 Dubitatio

670 1051 743 1112 de
800 1053 990 1131 patria
1044 1050 1217 1112 facile
1274 1051 1355 1110 ita
1411 1056 1641 1110 remota
1697 1055 1816 1125 est,
1869 1053 1935 1106 ut
1983 1061 2171 1123 genus
2219 1042 2290 1102 de
2335 1039 2612 1119 Hispania
2655 1054 2789 1098 eum
2835 1041 2952 1093 tra-

669 1152 827 1211 xisse
864 1157 1173 1212 statuatur.
1238 1165 1375 1210 nam
1413 1145 1573 1227 quod
1611 1145 1935 1208 Suetonius
1974 1161 2110 1203 eum
2147 1137 2492 1201 Alexandria
2538 1141 2703 1215 capta
2745 1134 2785 1192 i.
2816 1151 2867 1193 e.
2903 1151 2953 1191 a.

668 1245 789 1312 47!
796 1244 923 1309 707
972 1267 1007 1310 a
1053 1246 1308 1309 Caesare
1363 1265 1619 1326 puerum
1675 1243 1924 1305 Romam
1979 1239 2298 1302 adductum
2353 1254 2480 1297 esse
2536 1231 2788 1309 tradidit,
2841 1230 2954 1290 hoc

668 1355 893 1408 temere
950 1347 1096 1426 tingi
1148 1363 1268 1407 non
1323 1347 1532 1424 potuit.
1606 1343 1750 1404 hinc
1805 1343 1984 1403 etiam
2041 1357 2158 1419 quo
2214 1337 2335 1397 fere
2393 1352 2542 1395 anno
2597 1339 2766 1392 natus
2819 1347 2950 1388 esse

669 1442 947 1506 uideatur
1000 1452 1263 1525 apparet,
1318 1445 1491 1504 annis
1538 1433 2164 1520 64s690—60s694.
2235 1433 2451 1495 Romae
2501 1438 2688 1492 autem
2737 1426 2955 1486 Corne·

669 1541 785 1604 lius
831 1542 1164 1604 Alexander
1208 1541 1571 1622 polyhistor,
1629 1541 1940 1601 institutus
1985 1555 2020 1598 a
2072 1531 2358 1613 discipulo
2413 1527 2658 1609 quodam
2706 1525 2956 1586 Cratetis

668 1641 1019 1720 Pergameni
1066 1648 1127 1702 et
1172 1643 1235 1702 in
1282 1641 1583 1701 civitatem
1626 1638 1952 1699 Romanam
2002 1655 2032 1694 a
2081 1631 2241 1694 Sulla
2287 1649 2336 1690 a.
2375 1617 2954 1706 82s672—7931'675

668 1747 966 1820 receptus,
1002 1758 1141 1800 cum
1168 1738 1523 1800 Alexandria
1561 1743 1895 1816 caperetur,
1934 1735 2186 1794 maxime
2223 1726 2467 1790 florebat
2479 1719 2528 1810 ¹)
2558 1741 2742 1803 eoque
2778 1723 2956 1782 etiam

669 1836 937 1916 Hyginus
983 1846 1370 1917 praeceptore
1416 1854 1563 1897 usus
1612 1843 1720 1896 est.
1796 1832 1953 1913 quod
1998 1849 2146 1892 uero
2192 1845 2328 1889 eum
2372 1823 2680 1886 imitationi
2723 1835 2956 1899 quoque

670 1935 856 1996 fuisse
896 1935 1215 1996 Suetonius
1260 1933 1490 2013 scribit,
1537 1935 1650 1995 hoc
1697 1934 1958 2012 primum
2007 1927 2081 1990 ad
2127 1925 2433 1988 materiam
2479 1927 2776 1982 tractatam
2821 1934 2957 1996 per·

670 2035 835 2094 tinet.
912 2052 1047 2095 nam
1103 2043 1170 2095 ut
1215 2032 1573 2110 Alexander,
1631 2034 1712 2092 ita
1761 2030 2027 2110 Hyginus
2083 2043 2258 2106 opera
2315 2019 2696 2103 geographica
2749 2035 2816 2077 ea
2867 2033 2958 2074 ra·

671 2133 832 2192 tione
879 2134 1230 2212 composuit,
1268 2140 1335 2192 ut
1374 2131 1601 2192 fabulas
1643 2127 2053 2192 delectationis
2091 2141 2268 2185 causa
2304 2125 2594 2182 insereret
2626 2122 2685 2176 et
2719 2112 2956 2175 urbium

670 2229 1041 2291 conditarum
1072 2231 1335 2310 origines
1371 2237 1857 2309 persequeretur.
1907 2223 2119 2287 deinde
2157 2230 2406 2300 uterque
2441 2235 2556 2278 non
2601 2223 2716 2274 tam
2755 2210 2959 2272 iudicii

670 2330 995 2389 acrimonia
1043 2337 1145 2389 aut
1192 2328 1481 2408 elegantia
1528 2328 1818 2388 orationis
1864 2343 2041 2404 quam
2089 2317 2416 2400 colligenda
2467 2314 2648 2375 aliena
2695 2311 2956 2372 doctrina

672 2426 923 2506 insignis
972 2421 1165 2510 fuit’),
1212 2445 1408 2507 neque
1455 2436 1656 2488 tamen
1705 2444 1835 2486 eam
1885 2423 2214 2485 doctrinam
2250 2438 2358 2499 pro
2396 2437 2498 2478 sua
2541 2415 2810 2478 uendidit
2854 2416 2959 2479 sed

672 2525 911 2585 nomina
968 2534 1279 2586 auctorum
1335 2525 1680 2604 adscripsit,
1741 2523 1802 2584 id
1858 2521 2019 2602 quod
2083 2519 2384 2599 complura
2441 2514 2744 2576 Alexandri
2807 2517 2959 2595 t'rag-

672 2631 871 2684 menta
916 2624 1095 2685 etiam
1142 2640 1301 2684 nunc
1349 2630 1647 2684 testantur
1694 2631 1870 2702 atque
1913 2624 1974 2682 in
2013 2626 2172 2680 tanta
2209 2618 2498 2698 paucitate
2537 2617 2707 2675 etiam
2745 2611 2957 2693 Hygini

674 2720 781 2797 (fr.
820 2721 880 2783 2.
920 2723 978 2782 6.
1023 2723 1077 2782 7.
1120 2717 1317 2806 10).³)
1394 2720 1498 2782 sed
1557 2723 1747 2800 magis
1803 2718 1878 2780 ad
1933 2737 2031 2780 res
2076 2716 2366 2778 Romanas
2421 2712 2722 2783 inclinauit.
2785 2731 2960 2792 quam

674 2828 1041 2901 praeceptor,
1080 2821 1359 2900 quoniam
1397 2837 1515 2880 non
1555 2818 1749 2880 solum
1787 2820 1967 2879 situm
2003 2815 2245 2878 urbium
2281 2811 2608 2874 Italicarum
2646 2809 2960 2871 scribendo

675 2917 979 2997 amplexus
1054 2926 1145 2978 est
1210 2918 1315 2979 sed
1380 2919 1561 2979 etiam
1629 2917 1701 2978 de
1765 2918 1917 2978 uiris
1987 2912 2316 2976 illustribus
2387 2910 2566 2972 libros
2635 2911 2962 2988 composuit

676 3013 951 3096 idemque
1008 3015 1443 3097 exemplorum,
1498 3033 1652 3096 quac
1706 3014 2043 3078 litterarum
2107 3029 2326 3092 genera
2379 3006 2683 3070 Cornelius
2745 3005 2960 3086 Nepos,

676 3121 743 3172 ut
798 3130 998 3176 rerum
1054 3133 1347 3176 nouarum
1404 3113 1658 3195 cupidus
1705 3115 1918 3192 fuerat,
1967 3119 2102 3173 ante
2149 3129 2285 3172 eum
2331 3106 2484 3188 apud
2529 3105 2816 3166 Romanos
2863 3123 2960 3165 ex·

678 3207 967 3292 coluerat3
1022 3212 1181 3273 hunc
1236 3221 1435 3274 autem
1490 3213 1759 3292 Hyginus
1815 3214 1994 3272 etiam
2052 3213 2112 3270 in
2169 3228 2238 3270 eo
2285 3205 2527 3268 consilio
2572 3210 2808 3264 secutus
2853 3213 2960 3278 est,

678 3305 837 3386 quod
882 3327 957 3370 ne
1004 3307 1327 3390 legentium
1374 3309 1639 3372 taedium
1687 3317 1976 3388 moueret,
2023 3309 2310 3370 uarietate
2357 3321 2554 3364 rerum
2598 3301 2958 3362 ieiunitatem

680 3404 1023 3488 exornabat3
1070 3408 1216 3488 quin
1264 3410 1442 3470 etiam
1491 3429 1630 3471 cum
1677 3407 1748 3470 de
1797 3408 2008 3489 apibus
2053 3405 2272 3468 librum
2327 3403 2550 3480 ederet,
2605 3396 2818 3461 fabulis
2865 3397 2961 3458 ab·

680 3501 955 3566 undabat.
1028 3523 1164 3566 nam
1212 3506 1536 3570 Columella
1583 3513 1620 3569 l.
1657 3527 1705 3569 s.
1745 3515 2130 3588 posteaquam
2177 3503 2390 3584 Hygini
2435 3499 2788 3577 diligentiam
2839 3495 2960 3556 lau-

1021 3655 1128 3662 *μὴ

863 3739 915 3804 1)
950 3735 1031 3792 Of.
1069 3737 1367 3796 Hulleman
1426 3743 1513 3798 De
1562 3745 1725 3798 Corn.
1766 3744 1925 3798 Alex.
1965 3741 2157 3812 Pozyh.
2225 3733 2496 3792 Susemihl
2551 3731 2960 3788 GrieehoeAles.

688 3812 877 3870 Liuor.
907 3815 955 3870 Π
992 3835 1045 3887 p.
1077 3824 1373 3876 noe—384.

862 3899 915 3962 2)
951 3895 1165 3966 Hygini
1210 3901 1439 3968 quidem
1486 3904 1824 3958 iudustriam
1873 3902 2115 3958 mediam
2165 3897 2324 3970 ponit
2363 3896 2507 3950 iuter
2533 3889 2758 3962 Vergilii
2799 3905 2960 3944 orna-

686 3977 877 4028 menta
912 3979 973 4030 et.
1008 3977 1151 4032 Celsi
1192 3979 1537 4051 elegantiam
1574 3983 1890 4040 Columella
1919 3983 2017 4054 (IX
2055 3989 2103 4048 2,
2136 3987 2163 4035 1
2187 3982 2305 4050 sq.)‚
2341 3975 2489 4047 quod
2527 3975 2794 4028 ‘ueterum
2831 3986 2959 4024 auc-

688 4055 873 4140 *ff’mm
916 4054 1129 4145 placitu
1176 4062 1403 4116 secretis
1450 4063 1707 4134 dispersa
1751 4062 2112 4119 monimentis
2163 4056 2434 4114 industrie
2477 4051 2722 4122 collegit,
2763 4049 2960 4120 Vergi-

690 4129 823 4266 3:21
844 4135 1080 4202 poeticis
1124 4137 1353 4196 floribus
1402 4143 1774 4205 illuminauit,
1822 4144 2017 4199 Celsus
2056 4141 2348 4209 utriusque
2381 4131 2664 4191 memorati
2701 4129 2964 4185 adhibuit

822 4215 958 4267 um‘.

868 4299 921 4354 8}
958 4293 1041 4348 De
1080 4299 1394 4357 Alexandro
1432 4305 1501 4360 cf.
1534 4305 1755 4374 Frugm.
1787 4306 1919 4360 hist.
1951 4306 2142 4359 Graec.
2173 4301 2250 4355 ΙΙΙ
2286 4319 2338 4370 p.
2369 4303 2484 4352 207.
