3234 5034
639 362 862 411 XXXVI
1139 340 1235 396 DE
1273 340 1741 397 SCRIPTORVM
1776 340 1963 396 VITIS
2002 340 2096 395 ET
2134 339 2450 396 SCRIPTIS

821 510 1028 571 Elucet
1090 512 1273 589 igitur
1327 511 1504 571 etiam
1559 509 1701 570 hinc
1756 510 1884 571 eius
1942 510 2260 570 artificium
2315 518 2374 571 et
2429 512 2493 571 in
2549 509 2944 590 quadriparti-

639 611 799 670 tione
859 612 1038 671 totius
1094 610 1455 687 argumenti,
1512 628 1630 688 qua
1684 610 1738 669 si
1790 616 2048 688 poterat,
2104 627 2249 670 usus
2306 616 2398 669 est
2454 601 2577 691 (‘ut
2629 607 2763 669 ideo
2822 609 2945 669 fere

638 709 838 769 omnia
874 709 994 768 sint
1032 702 1503 787 quadripartita’‚
1553 710 1629 769 de
1673 710 1710 767 1.
1748 710 1784 767 l.
1829 708 1883 765 V
1914 700 2047 791 12),
2088 714 2147 767 et
2182 708 2247 767 in
2286 708 2703 768 coniunctione
2742 725 2945 768 rerum

639 826 776 867 cum
831 805 1120 867 librorum
1185 807 1347 867 exitu
1415 813 1473 866 et
1526 806 1591 865 in
1649 805 1876 865 ratione
1932 806 2301 865 tractationis
2357 805 2685 866 secundum
2742 823 2945 866 rerum

638 905 988 965 uarietatem
1015 904 1304 964 instituta.
1352 922 1490 965 nam
1520 904 1633 963 etsi
1663 910 1851 964 totum
1880 921 2030 981 opus
2070 904 2251 964 certis
2289 921 2498 982 regum
2536 920 2943 982 generumque

639 1001 980 1063 nominibus
1046 1003 1218 1081 quasi
1269 1003 1594 1082 pertexuit,
1651 1000 1978 1062 luxuriauit
2032 1008 2227 1063 tamen
2286 1004 2347 1061 in
2394 1001 2760 1081 exornando,
2808 1020 2947 1061 cum

638 1102 837 1162 uarias
886 1098 1113 1160 fabulas
1161 1118 1232 1160 ex
1281 1098 1492 1179 amplis
1541 1097 1903 1160 Graecorum
1952 1098 2249 1159 thesauris
2297 1098 2559 1177 adderet,
2606 1118 2724 1179 qua
2768 1100 2831 1159 in
2882 1117 2947 1159 re

639 1217 714 1259 ne
773 1198 1016 1259 deorum
1074 1199 1484 1259 auctoritatem
1540 1200 1865 1276 minueret,
1922 1216 2071 1276 quae
2120 1199 2315 1276 turpia
2362 1198 2689 1277 antiquitus
2738 1196 2809 1257 de
2858 1198 2948 1258 eis

640 1296 1059 1375 narrabantur,
1113 1295 1211 1357 uel
1268 1294 1671 1357 Euhemerum
1728 1302 1971 1356 secutus
1984 1289 2036 1378 ¹)
2095 1294 2168 1355 ad
2229 1294 2501 1356 homines
2566 1295 2821 1375 rettulit,
2880 1303 2950 1355 ut

641 1394 909 1474 Europae
966 1402 1202 1473 raptum
1257 1392 1330 1454 ad
1389 1392 1687 1455 Xanthum
1736 1392 2113 1454 Cretensium
2176 1411 2403 1473 regem,
2459 1395 2541 1453 ita
2600 1401 2824 1471 tamen,
2880 1404 2951 1453 ut

640 1492 858 1554 multos
903 1493 1175 1553 homines
1222 1491 1489 1553 eiusdem
1539 1491 1808 1552 doctrina
1853 1510 2001 1551 usus
2045 1492 2109 1551 in
2158 1489 2405 1553 deorum
2451 1508 2769 1553 numerum
2812 1500 2952 1571 post

641 1598 894 1651 mortem
939 1598 1214 1668 receptos
1260 1607 1392 1649 esse
1442 1587 1700 1667 doceret,
1747 1588 1847 1649 uel
1885 1584 2028 1649 ‘non
2076 1586 2403 1650 fabulosam
2448 1589 2555 1651 sed
2600 1589 2949 1649 historicam

641 1690 933 1749 rationem
971 1682 1253 1748 reddens’
1280 1689 1363 1747 ita
1403 1686 1627 1747 fabulas
1664 1686 1795 1747 illas
1833 1688 2261 1765 interpretatus
2292 1696 2397 1765 est,
2434 1697 2504 1749 ut
2534 1686 2675 1748 deos
2705 1690 2952 1748 omnino

641 1784 889 1847 maculis
917 1787 1202 1847 uitiorum
1235 1785 1631 1846 humanorum
1659 1791 1958 1864 purgaret,
1988 1784 2117 1845 illas
2146 1792 2341 1845 autem
2372 1794 2714 1847 secerneret
2740 1785 2813 1845 ab
2844 1788 2953 1865 eiS,

641 1902 792 1965 quae
823 1880 1104 1962 ‘ingeniis
1142 1882 1449 1943 hominum
1487 1885 1570 1944 ita
1608 1890 1811 1943 essent
1850 1882 2037 1961 fictae,
2084 1890 2152 1942 ut
2198 1901 2317 1943 non
2365 1890 2565 1944 essent
2612 1881 2951 1963 opprobriis

641 1983 956 2043 numinum
996 1976 1266 2060 adfixae'‚
1311 1980 1479 2042 uelut
1515 1980 1882 2060 Triptolemi,
1921 1979 2255 2059 Minotauri,
2304 1980 2753 2061 Centaurorum,
2800 2000 2951 2061 quas

642 2079 882 2160 quidem
946 2081 1105 2140 inter
1169 2078 1458 2140 diluuium
1521 2077 1897 2139 Deucalionis
1952 2086 2013 2139 et
2076 2077 2299 2139 bellum
2355 2078 2675 2140 Troianum
2742 2096 2952 2140 recen·

643 2186 860 2239 suerat.
875 2170 928 2261 ²)
1005 2178 1180 2237 tertio
1237 2176 1388 2237 libro
1435 2175 1618 2237 Varro
1675 2176 1985 2237 historiam
2045 2194 2195 2256 quae
2263 2174 2573 2237 dicebatur
2635 2176 2705 2237 de
2767 2176 2953 2237 rebus

641 2286 778 2355 post
821 2274 1044 2336 bellum
1090 2274 1412 2335 Troianum
1458 2292 1653 2353 usque
1699 2273 1773 2335 ad
1815 2272 2063 2334 Romam
2117 2274 2413 2335 conditam
2459 2274 2687 2355 effudit,
2734 2282 2950 2353 quarto

642 2376 706 2435 in
751 2373 946 2435 lucem
993 2374 1242 2451 originis
1279 2371 1574 2433 Romanae
1622 2389 1975 2451 progressus
2013 2371 2213 2433 ltaliae
2253 2371 2625 2452 disciplinam
2665 2381 2725 2433 et
2760 2373 2949 2434 uitam

647 2467 731 2555 (si
777 2491 906 2533 eam
960 2473 1092 2533 iure
1140 2490 1174 2531 a
1220 2470 1432 2531 Seruio
1488 2470 1780 2531 laudatam
1838 2488 1970 2531 esse
2027 2472 2343 2549 sumimuS,
2385 2470 2469 2549 fr.
2500 2464 2617 2555 20)
2666 2487 2801 2531 cum
2858 2472 2951 2531 eis

645 2590 792 2651 quas
857 2577 1029 2630 antea
1094 2567 1441 2648 depinxerat
1507 2567 1785 2647 gentibus
1850 2587 2223 2648 comparasse
2299 2576 2359 2629 et
2424 2568 2953 2648 comprehendisse

643 2668 901 2745 uidetur,
937 2668 1020 2729 ita
1055 2674 1123 2728 ut
1161 2685 1194 2727 a
1229 2665 1511 2727 Romanis
1548 2685 1670 2746 eoS,
1716 2685 1867 2747 quos
1903 2668 2119 2728 imitati
2156 2675 2374 2745 essent,
2422 2674 2749 2747 superatos,
2796 2686 2955 2747 quae

645 2766 717 2827 ab
773 2765 893 2827 illis
939 2766 1334 2844 accepissent,
1381 2764 1534 2825 sacta
1579 2783 1712 2825 esse
1768 2764 2013 2825 meliora
2061 2764 2495 2827 demonstraret
2539 2766 2789 2840 (mma.
2826 2769 2864 2827 l.
2902 2784 2955 2827 s,

633 2884 702 2943 p.
731 2864 863 2925 241
882 2867 1019 2939 sq).

822 2960 976 3023 Illud
1029 2968 1227 3021 autem
1285 2959 1548 3022 studium
1595 2962 1844 3021 rationis
1890 2979 2278 3022 numerorum
2324 2960 2779 3041 Pythagoricum
2827 2980 2959 3023 non

647 3060 838 3122 solum
885 3077 982 3119 res
1029 3065 1305 3119 externas
1351 3057 1458 3118 sed
1505 3060 1683 3119 etiam
1722 3058 2251 3138 chronographiam
2288 3059 2520 3120 imbuit.
2582 3060 2645 3119 in
2683 3077 2799 3138 qua
2836 3062 2957 3120 etsi

647 3161 720 3220 in
746 3160 1099 3219 uniuersum
1138 3154 1365 3215 Castori
1403 3174 1468 3216 se
1508 3156 1750 3234 addixit,
1788 3164 1987 3217 tamen
2025 3159 2156 3237 ipsa
2199 3157 2399 3218 indole
2448 3156 2519 3218 ad
2560 3156 2961 3237 Pythagoram

645 3256 984 3335 inclinabat,
1016 3262 1084 3315 ut
1111 3256 1241 3315 eius
1269 3254 1443 3315 modo
1474 3274 1538 3315 se
1566 3257 1745 3316 etiam
1775 3254 2016 3336 sepeliri
2044 3255 2280 3317 iuberet
2310 3257 2496 3329 (Ptin.
2517 3275 2574 3317 n.
2594 3257 2653 3317 h.
2672 3256 2777 3331 35,
2802 3256 2961 3317 160.

649 3356 774 3418 uid.
794 3373 867 3416 m.
890 3354 1005 3415 Βῆ.
1035 3356 1139 3414 l..s·.
1155 3371 1223 3430 p.
1253 3354 1386 3413 235
1402 3356 1537 3429 sq).
1595 3371 1731 3413 nam
1771 3372 1907 3414 cum
1946 3355 2119 3414 stoici
2159 3370 2347 3415 annos
2384 3355 2641 3415 maiores
2678 3354 2965 3416 miliariis

650 3451 915 3514 ciuilium
972 3469 1262 3511 annorum
1322 3449 1574 3512 dimensi
1630 3459 1857 3529 essent,
1913 3452 2095 3513 Varro
2144 3459 2204 3512 et
2250 3470 2387 3513 eum
2434 3470 2747 3513 numerum
2792 3453 2967 3515 intra

649 3549 1113 3631 quadringentos
1171 3548 1558 3628 quadraginta
1611 3568 1799 3610 annos
1856 3551 2123 3611 coercuit
2172 3558 2237 3611 et
2286 3549 2757 3611 emendationem
2806 3557 2967 3611 tem-

831 3705 884 3773 1)
921 3702 1050 3757 vid.
1079 3702 1279 3757 Festus
1317 3720 1358 3757 s.
1391 3720 1442 3757 u.
1473 3721 1525 3773 p.
1557 3708 1689 3758 310:
1746 3702 1853 3758 Sus
1902 3703 2226 3759 Mineruam
2270 3705 2334 3758 in
2371 3705 2669 3773 prouerbio
2705 3712 2807 3771 est,
2858 3708 2969 3762 ubi

650 3786 775 3855 quie
817 3784 880 3837 id
925 3784 1078 3838 docet
1120 3784 1369 3851 alterum,
1413 3785 1573 3839 cuius
1619 3786 1733 3853 ipse
1768 3786 1979 3839 inscius
2025 3792 2115 3839 est.
2182 3802 2353 3853 quam
2396 3803 2509 3839 rem
2556 3786 2621 3839 in
2656 3785 2854 3853 medie,
2896 3796 2969 3843 ut

651 3867 832 3931 aiunt,
871 3866 1114 3934 positam
1153 3864 1327 3919 Varro
1362 3870 1413 3919 et
1449 3864 1791 3919 Euhemerus
1834 3865 2038 3934 ineptis
2081 3865 2283 3937 mythis
2318 3866 2602 3921 inuoluere
2636 3868 2971 3923 maluerunt

652 3962 819 4016 quam
853 3945 1172 4013 simpliciter
1206 3947 1421 4012 νείατα.

831 4026 886 4094 2)
925 4024 1102 4093 Saepe
1137 4023 1368 4090 fabulis,
1405 4040 1548 4093 quas
1581 4024 1807 4094 ‘poetae
1836 4026 2085 4093 cantent,
2112 4025 2344 4079 theatra
2372 4029 2727 4097 concrepent,
2754 4028 2972 4097 populi

655 4104 966 4159 celebrent?
1017 4102 1256 4173 opponit
1301 4104 1628 4159 declamans
1675 4104 2027 4174 Augustinus
2071 4104 2526 4160 rationalismum
2562 4105 2837 4162 Varronis
2898 4114 2974 4164 ut

656 4200 867 4254 magna.
903 4200 1032 4239 cum
1070 4182 1330 4237 doctrina.
1366 4200 1434 4238 ex
1473 4183 1837 4238 obscurarum
1872 4184 2079 4241 notitia.
2106 4184 2425 4241 litterarum
2454 4186 2719 4253 eruentis,
2746 4187 2974 4256 quibua

664 4265 756 4319 ‘ne
804 4264 1035 4318 deorum
1090 4266 1330 4318 naturae
1375 4280 1474 4319 seu
1529 4264 1781 4319 moribus
1836 4264 2139 4320 credantur
2186 4264 2541 4337 incongrnn’,
2585 4266 2979 4336 prohibeatur

655 4345 748 4417 (de
785 4362 832 4400 c.
861 4344 915 4400 d.
947 4343 1128 4399 XVIH
1168 4350 1250 4399 10.
1284 4350 1366 4399 11.
1400 4348 1504 4415 12).
