3234 5034
626 339 819 387 Lm
1127 320 1225 375 DE
1263 321 1727 377 SCRIPTORVM
1762 321 1951 377 VITIS
1991 323 2082 377 ΕΤ
2121 323 2436 379 SCRIPTIS

626 489 977 566 magistratu
1016 496 1181 550 sexto
1222 487 1317 550 die
1365 507 1427 550 se
1472 489 1772 552 abdicauit
1809 487 2139 552 ‘inciuilem
2186 489 2564 571 potestatem’
2609 509 2742 552 esse
2791 509 2940 552 con-

625 594 870 667 testanS,
918 585 1193 666 idemque
1240 590 1473 666 primus
1521 596 1762 649 curator
1807 607 2112 669 aquarum,
2160 607 2413 668 quorum
2461 590 2752 650 honorum
2801 607 2940 668 gra·

624 687 768 746 tiam
826 685 1079 765 rettulit,
1139 704 1274 746 cum
1330 685 1402 746 ab
1459 705 1529 747 eo
1586 686 1868 748 inductus
1923 705 1972 748 a.
2023 683 2234 768 2s752
2301 696 2544 750 senatus
2599 689 2938 766 Augustum

624 790 855 863 patrem
894 785 1121 862 patriae
1160 785 1505 845 nominauit.
1574 785 1714 845 hinc
1752 787 1882 847 eius
1919 788 2208 847 memoria
2243 785 2481 866 publica
2520 786 2672 847 silet.
2738 793 2937 846 totum

617 887 689 942 ‘se
737 880 1037 942 abdidisse
1084 881 1326 942 uidetur
1371 882 1706 944 litterarum
1753 882 1968 944 studiis
2015 886 2463 963 patrocinioque
2509 891 2847 963 poetarum,
2895 903 2936 944 a

624 999 741 1060 quo
790 997 863 1041 ne
922 987 1092 1040 antea
1142 978 1385 1059 quidem
1431 999 1569 1041 eum
1616 981 1876 1042 alienum
1924 982 2112 1043 fuisse
2160 989 2406 1043 constat.
2481 988 2734 1043 mortem
2780 981 2940 1042 obiit

622 1080 851 1157 ingenii
899 1077 1199 1139 debilitate
1248 1081 1635 1158 corporisque
1685 1078 1886 1140 dolore
1945 1080 2250 1141 conlectus
2297 1099 2452 1141 anno
2499 1079 2622 1140 fere
2673 1075 2933 1159 13s766

625 1179 746 1250 (sic
793 1179 1025 1238 Bessan
1076 1181 1115 1238 l.
1151 1179 1248 1254 s.),
1312 1178 1608 1256 ueniaque
1676 1195 1812 1238 eum
1877 1185 2230 1257 prosecutus
2297 1186 2388 1239 est
2441 1177 2694 1239 Ouidius
2757 1177 2936 1238 exsul

625 1277 735 1348 (ex
783 1277 976 1336 Ponto
1025 1275 1067 1334 I
1106 1276 1162 1351 7,
1192 1275 1281 1335 29
1306 1278 1441 1350 sq.).

802 1371 973 1434 Nunc
1020 1374 1347 1452 quaeritur,
1392 1391 1570 1453 quam
1616 1381 1848 1453 partem
1897 1375 2075 1435 huius
2111 1377 2273 1435 uitae
2309 1375 2618 1435 uarietatis
2655 1371 2934 1434 Messalla

626 1470 1028 1551 descripserit.
1104 1470 1402 1533 Plutarchi
1451 1471 1694 1550 quidem
1749 1473 2108 1533 testimoniis
2156 1473 2272 1550 (fr.
2312 1473 2516 1547 1—3)
2565 1479 2932 1532 commenta-

622 1571 849 1630 riorum
915 1571 977 1630 in
1040 1568 1281 1630 modum
1348 1587 1483 1630 eum
1544 1569 1615 1630 de
1671 1589 1867 1649 pugna
1931 1570 2301 1650 Philippensi
2365 1573 2560 1648 egisse
2622 1571 2928 1647 cognitum

620 1667 934 1746 habemuS,
992 1666 1064 1728 de
1120 1669 1291 1728 cuius
1343 1665 1744 1747 descriptione
1793 1670 2014 1730 acriter
2056 1677 2185 1730 tum
2233 1668 2372 1729 hinc
2420 1666 2584 1729 illinc
2631 1675 2926 1728 certatum

622 1773 729 1826 est.
796 1765 1049 1845 amplam
1098 1767 1259 1825 enim
1304 1764 1525 1826 Brutus
1564 1765 1922 1845 Cassiusque
1961 1766 2264 1827 cohortem
2303 1767 2572 1827 uirorum
2613 1764 2928 1825 doctorum

622 1883 824 1925 secum
875 1862 1163 1924 duxerant
1202 1865 1354 1936 (uid.
1372 1881 1440 1940 p.
1472 1883 1622 1924 LXVI
1638 1866 1813 1939 sqq),
1861 1866 1964 1942 qui
2019 1872 2086 1925 ut
2133 1863 2328 1925 studio
2374 1863 2470 1925 uel
2518 1865 2776 1943 partium
2823 1862 2928 1923 uel

621 1963 847 2041 ingenii
896 1963 991 2021 sui
1035 1960 1371 2022 ostentandi
1429 1960 1864 2039 satisfacerent,
1920 1960 1992 2022 ad
2040 1965 2269 2023 animos
2313 1962 2621 2022 hominum
2677 1979 2929 2021 mouen-

622 2058 728 2120 dos
766 2059 949 2121 multa
990 2059 1063 2120 de
1100 2059 1337 2120 illorum
1376 2058 1704 2120 miserabili
1743 2067 1932 2120 morte
1973 2059 2473 2122 declamauerunt.
2546 2058 2720 2120 aliam
2759 2061 2928 2119 uiam

620 2157 951 2218 Messallam
990 2159 1327 2235 ingressum
1366 2175 1498 2218 esse
1536 2165 2001 2218 consentaneum
2049 2166 2155 2221 est.
2229 2160 2514 2219 nimirum
2563 2175 2742 2238 quem
2789 2167 2930 2236 post

620 2255 782 2317 illam
837 2273 1096 2335 pugnam
1152 2256 1385 2316 seruari
1439 2254 1730 2315 beneflcio
1787 2254 2058 2316 Caesaris
2113 2255 2394 2317 maluisse
2452 2273 2628 2335 quam
2681 2253 2926 2316 dubiam

622 2373 788 2434 spem
836 2370 1139 2414 armorum
1188 2351 1441 2432 amplius
1488 2359 1780 2433 temptare
1818 2352 2074 2414 Velleius
2113 2355 2222 2427 (II
2261 2355 2374 2428 71)
2425 2353 2692 2431 tradidit,
2741 2371 2924 2432 quem

622 2461 821 2514 tamen
878 2451 1133 2512 eundem
1193 2453 1371 2512 etiam
1431 2460 1638 2531 postea
1687 2450 1958 2511 Cassium
1997 2453 2416 2530 imperatorem
2464 2470 2637 2512 suum
2685 2448 2923 2530 praedi·

622 2569 789 2610 casse
835 2549 1074 2610 Tacitus
1122 2552 1293 2623 (ann.
1334 2550 1435 2609 IV
1464 2551 1598 2627 34),
1647 2567 1824 2628 quem
1871 2551 2112 2610 omnino
2160 2567 2400 2610 auream
2447 2548 2924 2610 mediocritatem

623 2647 900 2708 dilexisse
966 2650 1087 2708 uita
1155 2647 1343 2725 docet,
1407 2648 1566 2709 hunc
1631 2655 1698 2709 ut
1763 2645 2034 2708 diuersas
2087 2654 2289 2726 partes
2345 2647 2714 2724 conciliaret,
2773 2645 2926 2706 illud

620 2765 771 2826 opus
819 2747 1155 2825 suscepisse
1200 2744 1487 2806 habemus
1531 2763 1640 2806 cur
1678 2748 2059 2824 coniciamus,
2107 2763 2219 2806 nec
2257 2745 2544 2806 absonum
2583 2763 2716 2805 esse
2753 2743 2922 2804 uide·

619 2843 798 2923 bitur,
844 2843 1003 2923 quod
1050 2852 1253 2923 postea
1292 2843 1450 2905 idem
1488 2843 1706 2905 libellis
1742 2842 2052 2904 Octauiani
2091 2861 2328 2904 causam
2367 2853 2572 2904 contra
2600 2844 2923 2902 Antonium

622 2942 912 3022 defendit,
967 2940 1373 3020 indignatione
1430 2945 1561 3002 eius
1615 2943 1774 3002 uitae
1821 2940 2074 3020 odioque
2123 2941 2468 3021 Cleopatrae
2515 2939 2922 3001 exacerbatus.

620 3039 726 3101 sed
782 3059 933 3119 quae
980 3040 1193 3101 horum
1242 3041 1804 3101 commentariorum
1851 3045 2012 3100 certa
2060 3037 2278 3100 indicia
2327 3047 2673 3119 supersunt,
2721 3040 2922 3099 omnia

620 3137 694 3198 ad
740 3157 996 3216 pugnam
1047 3137 1207 3198 illam
1254 3139 1558 3216 pertinent
1604 3145 1958 3217 seruataque
2006 3144 2145 3198 sunt
2183 3156 2214 3197 a
2255 3136 2380 3197 solo
2427 3136 2760 3214 Plutarcho,
2799 3155 2920 3216 quo

620 3243 865 3315 excepto
914 3234 987 3295 ad
1034 3235 1210 3296 talem
1266 3234 1484 3296 librum
1542 3235 1669 3296 solo
1715 3236 1784 3295 fr.
1825 3231 1866 3296 5
1917 3235 2214 3313 ducimur,
2261 3233 2366 3294 ubi
2413 3234 2733 3296 Suetonius
2793 3252 2920 3294 rem

619 3333 774 3394 bello
824 3333 1022 3395 Siculo
1078 3334 1290 3394 factam
1350 3335 1862 3413 commemorauit,
1918 3350 2035 3411 quo
2081 3331 2355 3392 Messalla
2403 3332 2698 3393 Coruinus
2747 3331 2920 3392 Octa·

618 3434 795 3493 niano
835 3434 1134 3510 egregiam
1174 3449 1415 3510 operam
1454 3433 1768 3510 praestitit.
1825 3437 1885 3492 at
1922 3449 2072 3510 quae
2111 3429 2183 3490 de
2223 3428 2410 3490 Dellio
2449 3428 2674 3490 Seneca
2705 3429 2822 3506 (fr.
2847 3431 2918 3502 6)

618 3533 911 3608 narrauit,
978 3530 1193 3590 melius
1256 3547 1393 3590 cum
1458 3528 1678 3590 libellis
1752 3531 1815 3589 in
1878 3530 2198 3589 Antonium
2263 3529 2505 3607 scriptis
2579 3529 2920 3604 concinunt,

617 3647 814 3708 neque
869 3647 1014 3689 uero
1070 3627 1383 3688 Muenzero
1440 3627 1744 3688 adsentior
1799 3630 1894 3704 (p.
1933 3628 2066 3686 405
2082 3631 2197 3702 sq.)
2251 3628 2457 3705 etiam,
2523 3643 2674 3704 quae
2737 3625 2918 3703 uulgo

618 3725 762 3787 illuc
814 3744 882 3786 ex
932 3724 1201 3785 Charisio
1257 3726 1617 3804 referuntur,
1673 3727 1832 3786 inter
1877 3725 2438 3785 commentariorum
2487 3723 2772 3802 reliquias
2817 3741 2920 3802 po-

618 3823 811 3885 nenda
868 3841 999 3884 esse
1056 3823 1384 3884 arbitranti.
1457 3842 1596 3884 nam
1657 3825 2078 3903 inscriptiones
2134 3821 2371 3883 illorum
2437 3820 2772 3882 libellorum
2839 3823 2918 3882 ita

618 3925 826 3984 citauit
872 3922 1173 3983 Charisius
1220 3941 1274 4001 p.
1320 3917 1447 3982 104
1494 3931 1554 3983 et
1604 3917 1748 4000 129,
1785 3929 1852 3982 ut
1887 3922 2032 4000 quin
2071 3919 2218 3980 tales
2265 3919 2536 3980 Messalla
2589 3921 2917 3998 scripserit,

621 4020 877 4081 dubitari
932 4039 1050 4080 non.
1106 4021 1321 4100 possit3
1387 4039 1533 4098 quas
1597 4039 1734 4080 cum
1798 4018 1974 4080 Plinii
2039 4017 2191 4078 libro
2257 4018 2640 4096 grammatico
2689 4014 2918 4094 debeat,

620 4126 680 4179 et
715 4121 959 4179 tertium
988 4120 1117 4178 eius
1146 4116 1342 4178 locum
1374 4120 1468 4194 (p.
1492 4119 1650 4192 146)
1683 4124 1743 4178 et
1787 4116 1966 4178 alium
1996 4115 2285 4178 naturalis
2311 4116 2596 4176 historiae
2627 4115 2761 4190 (33,
2783 4117 2914 4190 50),

618 4235 735 4297 quo
782 4215 1087 4277 Messallae
1138 4213 1437 4276 ‘oratoris'
1480 4217 1819 4276 testimonio
1863 4233 2010 4276 usus
2057 4216 2298 4276 Antonii
2343 4212 2776 4274 obscenitatem
2823 4231 2914 4272 ca-

616 4315 860 4376 uillatur
907 4317 1014 4394 (fr.
1048 4315 1181 4393 10),
1237 4316 1461 4376 maiore
1512 4332 1650 4375 cum
1707 4312 2119 4393 probabilitate
2168 4312 2241 4373 ad
2287 4311 2420 4372 illos
2467 4329 2703 4388 reuoco,
2749 4329 2916 4390 prae-
