3234 5034
980 350 1091 406 cn.
1121 351 1475 408 Domnvs
1512 353 1848 410 conano
2289 379 2558 428 cm

418 517 577 580 Nam
645 521 995 600 priusquam
1060 519 1315 582 Corbulo
1380 540 1541 583 arma
1607 541 1851 584 mouere
1915 532 2142 605 posset,
2206 525 2556 606 Vologaeses

256 615 573 678 domestica
634 617 929 679 discordia
986 627 1299 681 reuocatus
1354 621 1471 682 iam
1522 619 1591 682 de
1639 620 1916 683 Armenia
1963 622 2334 685 abscesserat
2379 633 2553 706 atque

254 717 422 777 etiam
476 716 551 777 ab
600 716 703 778 illo
754 726 814 778 et
850 716 922 778 ab
973 717 1259 779 meidio
1306 717 1622 800 Quadrato,
1671 722 1774 800 qui
1811 719 2042 801 Syriam
2089 722 2554 803 administrabat,

250 817 510 876 monitus
560 815 716 877 datis
753 815 1059 879 obsidibus
1094 835 1303 897 pacem
1342 817 1603 879 firmauit
1651 811 1729 900 (a.
1769 813 2058 904 55s808),
2106 839 2256 900 quae
2295 823 2554 884 triennio

248 921 371 993 post
424 913 503 974 ab
550 916 683 994 ipso
731 914 963 976 turbata
1012 923 1103 976 est
1149 934 1268 977 non
1313 917 1503 978 inuito
1550 915 1829 997 Roman0,
1877 920 1978 999 qui
2019 915 2288 999 ‘dignum
2324 923 2550 1001 magni-

248 1011 451 1073 tudine
508 1013 715 1093 populi
761 1012 1007 1075 Romani
1064 1013 1309 1075 rebatur
1359 1021 1527 1094 parta
1582 1014 1726 1076 olim
1783 1035 1814 1076 a
1862 1016 2106 1079 Lucullo
2153 1018 2552 1100 Pompeioque

249 1107 544 1192 recipere’
602 1112 779 1187 (Tac.
828 1131 971 1174 ann.
1016 1113 1199 1174 XIII
1234 1114 1352 1188 34)
1414 1120 1589 1194 atque
1653 1116 1922 1195 interim,
1997 1124 2064 1176 ut
2129 1117 2424 1196 quondam
2489 1119 2552 1179 in

250 1207 591 1291 Germania,
649 1209 905 1272 militum
960 1213 1187 1272 animos
1244 1211 1417 1290 longa
1470 1213 1687 1273 inertia
1743 1211 2068 1292 degeneres
2125 1217 2444 1278 seueritate
2493 1225 2552 1279 et

250 1311 583 1370 constantia
632 1328 737 1370 sua
785 1309 856 1369 ad
902 1317 1169 1370 ueterem
1220 1309 1593 1390 disciplinam
1643 1309 1977 1373 reduxerat.
2055 1313 2162 1374 sed
2200 1333 2296 1375 res
2337 1315 2436 1376 diu
2476 1315 2549 1376 ad

250 1425 549 1469 armorum
618 1408 939 1468 discrimen
1004 1425 1123 1468 non
1183 1410 1366 1488 uenit,
1432 1407 1741 1488 colloquiis
1806 1411 1964 1472 inter
2029 1410 2424 1474 Corbulonem
2491 1421 2550 1475 et

247 1505 599 1586 Tiridatem,
672 1506 1010 1587 Vologaesis
1094 1507 1363 1586 fratrem,
1456 1515 1694 1587 tempus
1775 1511 1993 1570 teritur
2076 1513 2545 1591 expugnatisque

249 1604 503 1666 castellis
570 1603 926 1685 quibusdam
990 1606 1327 1688 Armeniae3
1394 1612 1520 1668 tum
1584 1625 1731 1667 uero
1798 1606 2080 1686 Corbulo,
2147 1628 2282 1670 cum
2345 1609 2547 1671 Parthi

246 1702 655 1784 Hyrcanorum
731 1703 1059 1765 defectione
1133 1706 1561 1783 retinerentur,
1626 1705 1900 1766 Artaxata
1965 1706 2122 1767 facili
2196 1725 2374 1787 opera
2447 1727 2546 1769 ex-

244 1804 531 1881 pugnauit
590 1795 670 1884 (a.
711 1797 976 1884 58s811‚
1031 1803 1169 1864 Tac.
1210 1803 1389 1863 XIII
1426 1803 1615 1863 6-9,
1665 1798 1960 1889 34-41)
2009 1805 2544 1886 Tigranocertaque

244 1899 585 1962 uolentibus
625 1899 859 1961 ciuibus
907 1903 1145 1980 recepit.
1222 1903 1309 1962 sic
1345 1900 1604 1982 Tigrani,
1655 1901 1726 1961 ad
1774 1920 1951 1981 quem
1999 1923 2030 1964 a
2069 1902 2302 1965 Nerone
2339 1905 2543 1966 Arme-

248 2001 373 2060 niae
435 2017 688 2078 regnum
748 1998 1004 2060 delatum
1053 2007 1195 2079 erat,
1242 2001 1341 2060 uia
1387 2000 1677 2080 patefacta
1735 2009 1842 2080 est,
1889 2007 1956 2062 ut
2010 2003 2138 2082 ipse
2195 2003 2256 2062 in
2313 2001 2543 2082 Syriam

247 2096 354 2157 sihi
399 2098 759 2176 permissam
807 2096 1085 2158 recedere
1139 2107 1343 2177 posset
1398 2091 1476 2182 (a.
1516 2093 1784 2179 59s812,
1838 2099 1975 2161 Tac.
2013 2100 2184 2161 XIV
2211 2095 2542 2185 23—26).

246 2195 379 2255 hinc
422 2195 651 2256 bellum
698 2215 731 2256 a
767 2195 1002 2256 Parthis
1041 2195 1507 2275 redintegratum
1557 2188 1635 2280 (a.
1676 2191 1944 2281 61s814)
1991 2199 2073 2258 ita
2112 2201 2428 2280 componit,
2475 2207 2542 2262 ut

247 2302 301 2353 et
344 2293 790 2373 Tigranocerta,
835 2293 939 2355 ubi
984 2294 1272 2374 Tigranes
1320 2294 1718 2376 obsidebatur,
1764 2294 2162 2358 liberarentur
2207 2306 2265 2358 et
2315 2298 2386 2358 de
2432 2300 2539 2360 Ar-

245 2393 433 2452 menia
480 2391 705 2452 milites
742 2392 989 2454 Romani
1038 2391 1395 2454 decederent
1440 2411 1856 2473 summumque
1895 2394 2208 2458 arbitrium
2245 2395 2317 2457 ad
2355 2395 2540 2457 Nero-

246 2507 375 2551 nem
424 2489 779 2551 deserretur.
872 2490 1085 2571 legatio
1133 2498 1329 2552 tamen
1376 2491 1728 2572 Parthorum
1766 2494 2002 2554 irritum
2050 2493 2162 2554 fuit
2197 2493 2538 2576 bellumque

248 2588 543 2668 propalam
582 2587 657 2649 ab
694 2591 783 2649 eis
818 2587 1047 2650 illatum
1086 2597 1193 2669 est,
1240 2589 1395 2670 quod
1434 2589 1799 2651 Caesennius
1835 2590 2050 2653 Paetus
2087 2591 2538 2674 administrauit,

246 2684 425 2748 Roma
483 2687 558 2747 ad
618 2685 895 2748 tuendam
952 2687 1288 2749 Armeniam
1343 2688 1580 2749 missuS.
1675 2688 1778 2750 sed
1837 2708 1868 2749 a
1913 2689 2228 2769 Vologaese
2283 2693 2536 2754 circum-

248 2783 442 2846 clusus
488 2787 905 2866 turpissimum
954 2785 1161 2848 foedus
1206 2787 1359 2848 inire
1407 2793 1645 2848 coactus
1691 2787 2030 2850 Armeniam
2077 2790 2303 2869 omisit,
2359 2809 2536 2871 quam

250 2881 467 2945 cladem
507 2883 765 2945 Corbulo
806 2904 837 2944 a
868 2885 1035 2964 Syria
1074 2887 1266 2963 sarsit,
1314 2903 1448 2946 cum
1498 2892 1559 2946 et
1603 2886 1732 2965 ipse
1771 2885 2143 2966 concederet,
2189 2893 2256 2970 ut
2293 2889 2536 2951 castella

250 3000 279 3040 a
332 3001 391 3042 se
446 2990 614 3042 trans
662 2981 1021 3062 Euphratem
1084 2985 1312 3044 munita
1379 2982 1777 3062 diruerentur,
1835 2992 1894 3044 et
1949 3003 2071 3062 rex,
2138 2992 2204 3047 ut
2257 2986 2534 3048 Armenia

250 3076 521 3141 ‘diuersis
566 3080 881 3161 praesidiis
928 3076 1147 3142 uacua'
1192 3081 1362 3142 {ieret
1400 3073 1979 3167 (62s815),·R0mae
2027 3093 2223 3145 tamen
2271 3085 2332 3145 in
2377 3083 2534 3146 bello

250 3188 687 3257 perseueratum
726 3187 817 3241 est
843 3181 1277 3260 imperiumque
1308 3187 1475 3242 aucta
1504 3187 1794 3260 potestate
1823 3180 2163 3244 mandatum
2194 3181 2530 3245 Corbuloni.

250 3277 301 3334 is
342 3276 637 3358 Euphrate
684 3279 959 3339 tramisso
1004 3277 1213 3340 obuios
1258 3277 1464 3340 habuit
1500 3279 1724 3358 legatos
1763 3279 2097 3359 Vologaesis
2134 3279 2532 3362 Tiridatisque

254 3373 321 3434 de
360 3393 501 3454 pace
564 3378 781 3437 missos
838 3378 1043 3456 eisque
1096 3377 1243 3457 ipsis
1300 3376 1591 3458 colloquio
1644 3379 1968 3440 constituto
2031 3373 2330 3458 persuasit
2384 3373 2530 3462 (qua

256 3471 359 3534 lide
402 3477 575 3535 etiam
618 3473 770 3555 apud
816 3473 1100 3536 barbaros
1146 3473 1441 3556 utebatur,
1479 3477 1612 3538 XV
1631 3469 1766 3561 28),
1813 3485 1879 3537 ut
1915 3475 2210 3538 Tiridates
2258 3473 2530 3557 ‘poneret

253 3571 394 3649 apud
456 3573 715 3652 effigiem
782 3571 1050 3634 Caesaris
1114 3575 1348 3653 insigne
1405 3575 1636 3653 regium
1691 3593 1803 3637 nec
1858 3577 1975 3636 nisi
2029 3593 2208 3636 manu
2255 3575 2526 3638 Caesaris

256 3668 591 3732 resumeret’
648 3665 729 3754 (a.
767 3666 1032 3753 63s816,
1096 3672 1234 3734 Tac.
1273 3673 1405 3734 XV
1436 3668 1704 3756 1—31),
1763 3673 1825 3735 id
1886 3672 2041 3753 quod
2103 3673 2294 3735 tribus
2357 3677 2528 3736 annis

254 3775 382 3844 post
417 3767 635 3831 Romae
682 3770 902 3831 factum
951 3776 1058 3831 est.
2333 3823 2337 3827 .

416 3865 567 3928 Num
614 3887 761 3948 quas
818 3886 914 3928 res
966 3875 1172 3948 postea
1217 3867 1471 3930 Corbulo
1518 3871 1752 3950 fecerit,
1808 3878 1964 3931 tacet
2007 3871 2318 3951 memoria3
2375 3871 2526 3932 cele-

256 3959 445 4025 bratur
480 3973 707 4027 tantum
745 3969 875 4028 eius
912 3985 1091 4046 morS,
1138 3985 1274 4028 nam
1314 3969 1665 4029 criminante
1703 3967 1872 4029 Arrio
1910 3969 2076 4048 Varo,
2113 3967 2303 4029 milite
2338 3988 2524 4048 quon·
2619 3984 2626 3990 ’

260 4057 377 4122 dam
419 4083 523 4126 suo
552 4066 727 4138 (Tac.
764 4067 900 4128 hist.
934 4065 1047 4125 III
1076 4066 1164 4143 6),
1212 4086 1260 4126 a.
1300 4061 1557 4145 67J820
1604 4085 1634 4127 a
1684 4065 1917 4128 Nerone
1965 4066 2297 4127 Cenchreas
2345 4066 2522 4129 aduo-

259 4167 405 4222 catus
448 4181 716 4242 naueque
763 4162 1089 4224 escendens
1134 4165 1287 4225 mori
1323 4165 1523 4226 iussus
1562 4173 1670 4243 est,
1717 4183 1852 4226 cum
1891 4183 1954 4226 se
1991 4167 2284 4226 meruisse
2321 4164 2522 4226 clami-

262 4263 395 4319 taret
435 4262 581 4334 (Dio
620 4262 721 4339 63,
761 4262 863 4337 17,
904 4263 1056 4336 5sq.
1094 4262 1173 4338 cf.
1220 4263 1357 4322 Tac.
1395 4265 1529 4323 hist.
1572 4264 1650 4323 II
1678 4263 1780 4323 76.
1829 4265 2126 4324 Ammian.
2165 4264 2236 4324 X
2244 4263 2386 4336 1⁷2
2432 4265 2521 4338 5)

417 4357 529 4418 Sed
586 4358 843 4420 clausula
909 4361 1264 4420 narrationis
1330 4360 1484 4439 apud
1538 4359 1833 4439 Tacitum,
1899 4368 2206 4440 postquam
2265 4361 2521 4423 honores
