3234 5034
1083 332 1487 391 CORNELIVS
1525 332 1761 390 NEPOS
2276 354 2573 403 xxxxvn

265 507 456 567 tenori
506 504 740 567 lumina
794 505 1060 565 inserere
1118 504 1286 583 solet,
1333 506 1581 565 artificia
1631 504 2003 566 antitheseon
2050 512 2111 566 et
2154 506 2217 565 in
2264 505 2469 565 uerbis
2516 512 2576 565 et

265 610 322 667 in
373 604 578 684 rebuS,
628 603 1030 685 parecheseon
1078 596 1580 687 (‘Alliteration’),
1629 622 2013 665 numerorum
2060 612 2122 665 et
2170 605 2234 663 in
2291 602 2574 664 clausulis

267 713 324 765 et
377 706 444 765 in
499 722 740 765 morum
797 700 1296 781 descriptionibus
1353 703 1552 781 inepte
1609 702 1947 782 [requentat
1993 710 2051 764 et
2098 701 2384 781 cumulat,
2437 720 2574 763 cum

269 803 396 864 aliis
444 802 596 863 locis
644 800 1054 879 neglegentiae
1101 800 1352 859 crimine
1400 818 1518 860 non
1565 802 1755 879 possit
1800 800 2069 880 liberari,
2117 800 2265 861 locis
2312 819 2573 862 commu-

268 901 446 961 nibus
501 900 814 979 uulgarem
873 905 931 959 et
975 897 1354 959 cottidianam
1411 900 1763 977 sapientiam
1812 906 2155 978 arroganter
2200 899 2478 979 proponit
2491 891 2574 982 ¹);

271 996 456 1079 quid?
523 997 686 1079 quod
743 1015 818 1059 ne
877 1015 1078 1057 rerum
1131 995 1372 1076 quidem
1417 997 1661 1058 ueritati
1707 999 2001 1076 pepercit,
2057 997 2249 1075 uelut,
2307 1005 2375 1058 ut
2421 999 2573 1057 anti-

273 1098 458 1159 thesis
515 1098 644 1158 uim
690 1101 951 1174 augeret,
1004 1114 1138 1155 cum
1187 1093 1522 1155 Herodotus
1569 1095 1702 1168 (ΓΙ
1733 1096 1892 1169 110)
1940 1094 2258 1174 conplures
2316 1094 2443 1156 dies
2501 1094 2574 1155 ad

269 1196 644 1257 Pentelicum
671 1193 1064 1255 Athenienses
1103 1202 1296 1253 castra
1341 1191 1620 1253 habuisse
1669 1201 1875 1254 auctor
1912 1195 2007 1273 sit,
2052 1194 2399 1273 priusquam
2438 1212 2573 1254 cum

267 1293 542 1355 hostibus
591 1292 1008 1371 confligerent,
1054 1298 1294 1370 postero
1342 1288 1438 1351 die
1486 1297 1622 1369 post
1680 1298 1873 1365 castra
1921 1291 2115 1371 posita
2162 1290 2359 1371 Nepos
2404 1310 2575 1371 prae-

268 1393 414 1453 lium
463 1392 850 1453 commissum
891 1407 1023 1450 esse
1062 1388 1351 1450 declamat
1388 1380 1478 1471 (1,
1507 1390 1566 1465 5,
1595 1390 1657 1468 3,
1695 1390 1959 1451 imitatus
1987 1389 2308 1450 Isocratem
2347 1390 2388 1449 I
2398 1390 2451 1449 V
2470 1389 2575 1469 87,

269 1494 374 1571 qui
429 1492 611 1551 etiam
669 1488 879 1549 eodem
936 1480 1080 1571 die),
1137 1485 1392 1547 Xerxem
1451 1489 1567 1548 iter
1620 1490 1682 1547 in
1739 1486 2047 1549 Graeciam
2104 1506 2207 1549 sex
2268 1486 2575 1548 mensibus

269 1589 504 1669 fecisse,
545 1586 806 1648 reditum
843 1588 1088 1665 triginta
1119 1583 1326 1645 diebus
1357 1578 1446 1668 (2,
1477 1587 1536 1661 5,
1565 1586 1625 1660 2,
1655 1585 2043 1665 quadraginta
2072 1588 2335 1666 quinque
2366 1584 2577 1646 diebus

268 1686 604 1749 secundum
651 1682 1018 1745 Herodotum
1070 1684 1232 1743 VIII
1266 1676 1444 1767 115),
1489 1682 1853 1745 Alcibiadem
1899 1684 2287 1764 quadraginta
2334 1685 2578 1745 circiter

269 1803 456 1845 annos
503 1792 713 1844 natum
763 1781 916 1842 diem
965 1799 1310 1861 supremum
1358 1779 1556 1842 obisse
1594 1782 1688 1859 (7,
1727 1783 1829 1857 10,
1870 1783 1957 1859 6),
2004 1801 2139 1843 cum
2188 1780 2577 1861 quadraginta

269 1886 536 1963 quinque
587 1883 901 1942 minimum
948 1878 1214 1958 haberet,
1250 1878 1713 1940 Themistoclem
1749 1880 1967 1941 litteris
2004 1898 2397 1960 sermoneque
2434 1879 2575 1941 Per·

270 1984 394 2043 sico
461 1979 610 2041 adeo
677 1977 979 2039 eruditum
1044 1995 1202 2055 esse,
1265 1985 1334 2037 ut
1387 1976 1572 2038 multo
1630 1977 1997 2040 commodius
2061 1978 2368 2040 diceretur
2420 1978 2576 2058 apud

269 2096 474 2157 regem
522 2076 712 2138 uerba
757 2076 992 2155 secisse,
1040 2093 1216 2154 quam
1263 2076 1308 2134 ii
1351 2082 1612 2154 possent,
1662 2077 1762 2156 qui
1809 2078 1871 2137 in
1916 2076 2160 2137 Perside
2208 2084 2407 2137 essent
2456 2078 2577 2137 nati

271 2170 361 2259 (2,
391 2178 500 2253 10,
533 2177 570 2236 1
585 2197 608 2248 ;
656 2174 734 2252 cf.
771 2174 954 2234 Thuc.
986 2174 1028 2233 I
1067 2171 1195 2233 138
1241 2180 1356 2253 τῆς
1403 2170 1737 2255 Περσίδος
1782 2172 2083 2255 γλώσσης
2125 2171 2245 2237 ὅσα
2282 2172 2575 2256 ἠδύνατο

268 2273 654 2354 κατενόησε,
697 2271 850 2333 Plut.
888 2270 1092 2331 Them.
1132 2266 1218 2331 29
1265 2268 1388 2352 τὴν
1436 2270 1738 2352 Περσίδα
1784 2273 2091 2351 γλῶσσαν
2138 2266 2577 2353 ἀποχρώντως

269 2362 650 2453 ἐκμαθών);
708 2367 822 2429 alia
865 2369 1106 2428 omnino
1153 2368 1290 2429 ficta
1337 2377 1500 2449 sunt,
1547 2369 1715 2430 uelut
1770 2370 1987 2431 iterum
2032 2387 2239 2429 omnes
2288 2369 2578 2432 Lacedae-

269 2472 612 2531 moniorum
674 2468 874 2545 copias
929 2464 1002 2525 ab
1057 2464 1350 2545 Iphicrate
1405 2467 1639 2545 fugatas
1694 2486 1827 2528 esse
1876 2469 2011 2544 (11,
2047 2469 2107 2545 2,
2144 2469 2217 2543 3)
2274 2468 2575 2549 multaque

271 2586 425 2647 quae
454 2568 658 2627 omnia
687 2564 1004 2643 diligenter
1031 2562 1368 2645 Nipperdey
1397 2566 1458 2625 in
1493 2565 1753 2626 editione
1782 2584 1889 2627 sua
1918 2568 2142 2627 maiore
2171 2568 2416 2628 notauit.
2464 2585 2577 2627 nec

273 2667 474 2726 minus
521 2661 682 2743 quod
730 2664 792 2723 in
839 2662 1141 2742 prooemio
1187 2662 1357 2741 plura
1403 2666 1684 2743 persequi
1721 2680 1859 2725 cum
1896 2663 2367 2743 magnitudinem
2408 2664 2575 2726 uolu-

273 2765 454 2824 minis
508 2760 830 2842 prohibere
889 2759 1032 2821 dicit
1086 2768 1213 2821 tum
1269 2761 1734 2841 festinationem,
1789 2769 1859 2822 ut
1912 2780 1983 2822 ea
2033 2761 2379 2843 explicaret,
2426 2782 2577 2843 quae

275 2878 526 2923 exorsus
567 2867 728 2920 esset
756 2855 831 2938 (§
859 2858 948 2932 8),
987 2865 1088 2918 aut
1124 2858 1560 2937 Epaminondae
1601 2860 1993 2921 abstinentiae
2030 2859 2413 2923 illustrandae
2452 2879 2575 2922 mo-

276 2958 416 3020 dum
474 2954 876 3019 adhibendum
933 2974 1090 3036 esse,
1149 2959 1424 3036 quoniam
1479 2976 1598 3019 uno
1646 2958 1760 3019 boc
1803 2959 2107 3019 uolumine
2152 2962 2335 3020 uitam
2384 2959 2577 3021 excel-

275 3056 528 3118 lentium
593 3056 862 3115 uirorum
927 3052 1318 3134 complurium
1390 3054 1745 3117 concludere
1820 3058 2251 3136 constituisset,
2325 3077 2576 3138 quorum

275 3156 598 3235 separatim
654 3152 858 3213 multis
913 3151 1152 3213 milibus
1209 3171 1493 3214 uersuum
1549 3154 1887 3233 complures
1942 3158 2264 3235 scriptores
2320 3165 2455 3218 ante
2511 3175 2575 3218 se

275 3253 682 3333 explicassent
710 3252 842 3326 (15,
871 3251 931 3327 4,
961 3251 1051 3325 6),
1081 3250 1383 3312 rhetorum
1421 3251 1683 3313 scholam
1720 3254 1975 3332 sapiunt,
2021 3236 2139 3333 qui·
2162 3272 2337 3333 saepe
2376 3273 2576 3316 rerum

275 3352 538 3431 inopiam
599 3347 700 3408 tali
756 3350 983 3409 ratione
1029 3348 1398 3410 uelauerunt.
1473 3358 1532 3411 at
1577 3350 1753 3431 idem,
1802 3370 1937 3412 cum
1983 3353 2049 3412 in
2094 3352 2187 3413 his
2225 3352 2403 3414 rebus
2449 3372 2577 3413 ora-

275 3451 426 3511 tioni
482 3446 782 3508 ornandae
837 3448 1150 3507 ueritatem
1208 3447 1584 3528 concederet,
1643 3467 1676 3509 a
1722 3469 1786 3511 se
1834 3452 2155 3529 impetrare
2204 3468 2325 3511 non
2367 3453 2577 3531 potuit,

277 3550 424 3627 quin
471 3546 656 3607 Attici
711 3546 1047 3605 auctoritati
1103 3544 1420 3607 obsecutus
1475 3565 1592 3607 non
1647 3547 1837 3609 solum
1884 3566 2059 3627 saepe
2106 3550 2345 3609 nomina
2390 3551 2577 3629 scrip·

277 3655 504 3724 torum,
566 3642 784 3723 quibus
829 3660 976 3703 usus
1023 3651 1207 3722 esset,
1261 3642 1366 3703 sed
1414 3646 1592 3705 etiam
1641 3648 1899 3706 rationes
1946 3646 2238 3725 egregias,
2294 3665 2445 3726 quae
2501 3666 2575 3707 ne

279 3761 440 3803 nunc
477 3741 722 3822 quidem
761 3749 1204 3820 spernerentur,
1249 3740 1320 3802 de
1356 3744 1548 3821 pretio
1587 3762 1795 3804 eorum
1829 3744 2150 3825 proferret3
2201 3743 2273 3805 de
2310 3751 2577 3824 tempore

277 3842 460 3919 enim,
497 3859 616 3919 quo
646 3837 1074 3899 Themistocles
1110 3842 1172 3899 in
1200 3838 1505 3901 Persidem
1543 3841 1893 3920 confugerit,
1921 3841 2326 3922 Thucydidem
2364 3845 2579 3904 ceteris

279 3940 616 4018 anteponit,
675 3935 829 4016 quod
885 3944 1075 3998 aetate
1130 3940 1436 4016 proximus
1495 3937 1566 3999 de
1623 3942 1725 4019 iis,
1790 3941 1892 4019 qui
1952 3939 2189 4001 illorum
2244 3949 2578 4020 temporum

277 4035 562 4097 historias
627 4035 1027 4114 reliquissent,
1091 4042 1152 4096 et
1205 4035 1472 4097 eiusdem
1538 4038 1799 4098 ciuitatis
1862 4038 2043 4099 fuerit
2088 4039 2177 4115 (2,
2215 4039 2273 4115 9,
2314 4041 2351 4100 1
2366 4062 2389 4111 ;
2452 4044 2577 4103 uid.

466 4191 518 4259 1)
557 4194 607 4255 9,
638 4193 688 4256 ⁶,
711 4196 739 4242 1
787 4188 989 4244 accidit
1032 4189 1176 4255 huie,
1221 4190 1366 4258 quod
1409 4191 1596 4246 ceteris
1640 4192 1980 4260 mor-talibms,
2022 4199 2085 4247 ut
2118 4194 2581 4250 inconsideratior

279 4272 346 4323 in
384 4270 626 4324 secunda
662 4286 830 4338 quam
863 4270 928 4323 in
963 4270 1203 4324 aduersa
1237 4276 1366 4324 esset
1400 4271 1647 4338 fortuna.
1710 4276 1793 4339 18,
1825 4278 1874 4339 1,
1897 4279 1923 4326 1
1964 4274 2111 4341 quod
2144 4290 2374 4345 magnos
2408 4276 2578 4330 homi·

279 4367 380 4404 nes
415 4351 624 4405 uio-tute
660 4350 928 4415 metimur,
965 4366 1078 4404 non
1114 4351 1360 4418 fortuna,
1399 4350 1623 4406 similia..
