3234 5034
935 330 1032 385 DE
1071 330 1320 385 GENTE
1363 331 1627 386 POPVLI
1662 330 1955 386 ROMANl
2512 330 2599 393 23

371 492 568 547 Thales
616 492 872 547 Milesius
917 490 1095 547 fuisse
1147 490 1502 562 perhibetur,
1549 510 1693 546 unus
1740 508 1771 546 e
1818 495 2033 562 septem
2078 490 2429 562 sapientibus
2443 532 2457 557 ,
2499 489 2599 560 qui

372 574 494 643 post
528 573 824 643 theologos
854 576 1070 643 poetas,
1099 572 1160 627 in
1189 571 1394 643 quibus
1425 572 1682 643 Orpheus
1710 570 1953 627 maxime
1982 574 2233 627 omnium
2261 570 2597 627 nobilitatus

371 655 475 719 est,
525 651 696 722 σοφοί
743 652 1020 724 appellati
1069 656 1216 707 sunt.
1249 685 1314 693 —
1355 653 1639 708 Mortuum
1679 652 2005 721 Romulum,
2054 670 2179 707 cum
2228 655 2285 707 et
2324 652 2449 723 ipse
2484 670 2597 708 non

370 735 765 804 conparuisset,
804 733 865 787 in
904 734 1038 788 deos
1066 766 1136 775 -—
1166 734 1436 789 rettulere
1475 732 1731 788 Romani.
1763 766 1830 774 --
1860 732 2145 803 Regnauit
2178 732 2382 787 deinde
2408 732 2599 788 Numa

254 832 277 871 5
371 816 495 883 post
528 814 846 869 Romulum.
879 846 945 855 -
983 814 1092 869 hoc
1127 816 1402 885 regnante
1440 812 1653 868 Romae
1690 846 1757 855 ·-
1798 814 2046 868 Samiam
2094 812 2266 867 fuisse
2319 812 2595 883 Sibyllam

369 894 565 949 ferunt.
633 900 704 963 (c.
731 900 850 961 25.)
889 896 1188 964 Regnante
1231 896 1375 965 aput
1409 894 1693 949 Romanos
1731 894 2037 964 Tarquinio
2074 894 2291 963 Prisco,
2337 893 2437 962 qui
2474 910 2597 949 sue-

366 977 608 1031 eesserat
629 978 784 1031 Aneo
813 974 1026 1031 Marcio
1048 1008 1114 1017 -
1135 975 1391 1031 Pittacus
1421 975 1813 1045 Mitylenaeus,
1842 973 1990 1029 alius
2011 980 2258 1044 (praeter
2292 976 2595 1043 Thaletem)

366 1071 397 1110 e
432 1057 648 1127 septem
705 1054 1084 1127 sapientibus,
1131 1055 1306 1111 fuisse
1354 1055 1700 1127 perhibetur.
1750 1087 1816 1095 —
1869 1054 1947 1109 Hi
1992 1057 2125 1109 sunt
2170 1055 2376 1121 (ceteri)
2425 1054 2593 1110 Solon

363 1136 738 1201 Atheniensis,
769 1135 970 1191 Chilon
1005 1135 1501 1203 Lacedaemonius,
1531 1135 1870 1191 Periandrus
1910 1133 2248 1201 Corinthius,
2294 1134 2595 1189 Cleobulus

221 1235 272 1273 lo
363 1215 614 1285 Lindius,
651 1215 783 1270 Bias
821 1216 1142 1271 Prienaeus.

470 1298 586 1367 20.
655 1305 828 1365 Seru.
868 1308 930 1365 in
985 1304 1158 1380 Verq.
1198 1307 1348 1365 Aen.
1390 1303 1494 1364 IX
1534 1304 1667 1364 600
1739 1303 1940 1365 Italiae
2008 1301 2287 1382 diciplina
2350 1310 2410 1363 et
2468 1304 2594 1364 uita

296 1401 589 1480 laudatur,
647 1420 823 1481 quam
881 1410 942 1462 et
995 1401 1138 1463 Cato
1193 1403 1256 1463 in
1313 1399 1645 1480 originibus
1702 1409 1760 1462 et
1800 1402 1982 1462 Varro
2040 1403 2101 1460 in
2158 1408 2333 1479 gente
2389 1401 2595 1481 populi
2621 1398 2687 1455 fr.
2722 1406 2789 1454 76

295 1498 538 1561 Romani
586 1508 1024 1561 commemorat.

467 1592 585 1660 21.
635 1600 810 1660 Seru.
850 1602 914 1659 in
967 1600 1142 1675 Vero.
1183 1600 1332 1659 Aen.
1386 1599 1512 1658 VII
1554 1599 1684 1658 176
1746 1598 1997 1659 Maiores
2054 1598 2211 1658 enim
2264 1600 2452 1658 nostri
2500 1616 2591 1658 se-

220 1714 267 1754 is
297 1695 498 1757 dentes
547 1694 959 1777 epulabantur.
1033 1716 1210 1777 quem
1257 1714 1490 1757 morem
1529 1716 1560 1757 a
1599 1694 1931 1757 Laconibus
1969 1694 2309 1756 habuerunt
2355 1703 2416 1756 et
2452 1694 2592 1756 Cre·

291 1794 582 1873 tensibu8‚
639 1802 707 1855 ut
753 1794 937 1855 Varro
995 1795 1168 1857 docet
1219 1796 1282 1855 in
1337 1794 1510 1855 libris
1567 1792 1640 1855 de
1696 1802 1871 1873 gente
1930 1794 2135 1873 populi
2188 1791 2468 1871 Romani,
2530 1795 2591 1853 in

288 1891 504 1977 quibus
553 1892 716 1972 dicit,
763 1892 906 1973 quid
953 1912 984 1953 a
1033 1911 1266 1973 quaque
1314 1894 1606 1954 traxerint
1650 1900 1826 1969 gente
1872 1909 1984 1971 per
2027 1892 2439 1952 imitationem.
2548 1883 2555 1889 ’

467 1985 584 2055 22.
634 1993 807 2053 Seru.
839 1996 903 2052 in
948 1992 1119 2068 Ver-9.
1151 1993 1300 2053 Aen.
1346 1992 1437 2051 VI
1477 1992 1608 2050 760
1654 1988 1808 2050 Pura
1852 1988 2045 2066 hasta]
2094 1991 2131 2049 i.
2163 2007 2211 2049 e.
2243 1989 2374 2049 sine
2415 1988 2591 2049 ferro.

290 2107 420 2151 nam
479 2090 595 2150 hoc
655 2090 770 2151 suit
827 2091 1158 2168 praemium
1219 2087 1375 2169 apud
1434 2089 1693 2149 maiores
1754 2089 1883 2149 eius
1892 2134 1910 2167 ,
1965 2089 2069 2167 qui
2124 2096 2268 2148 tuno
2328 2088 2589 2166 primum

215 2207 264 2247 so
289 2190 533 2249 uicisset
594 2188 658 2248 in
719 2186 976 2267 proeli0‚
1042 2189 1198 2248 sicut
1261 2188 1344 2247 ait
1393 2185 1575 2247 Varro
1642 2187 1705 2246 in
1771 2184 1941 2247 libris
2008 2185 2080 2246 de
2145 2193 2322 2265 gente
2387 2184 2592 2265 populi

289 2284 550 2347 Romani.

462 2378 582 2447 23.
641 2384 816 2445 Seru.
857 2387 921 2445 in
974 2382 1149 2459 Vero.
1184 2400 1396 2459 yeorq.
1437 2383 1551 2444 III
1589 2382 1676 2443 18
1739 2382 1989 2445 Centum
2038 2382 2423 2462 quadriiugos
2468 2384 2589 2462 agi·

287 2481 418 2543 tabo
463 2480 541 2543 ad
585 2480 858 2559 flumina]
897 2482 934 2541 i.
965 2499 1014 2541 e.
1047 2482 1225 2542 unius
1265 2480 1383 2541 diei
1421 2479 1715 2541 exhibebo
1756 2482 2071 2560 circense-5,
2112 2482 2268 2560 quia,
2305 2488 2375 2541 ut
2407 2480 2589 2542 Varro

289 2614 555 2621 -..--.-..--

290 2687 476 2743 Aristo
513 2686 686 2743 Chius
723 2690 784 2742 et
810 2686 1184 2759 Apollodorus
1213 2687 1576 2758 Erythraeus,
1613 2688 1931 2742 nostrorum
1958 2686 2136 2741 Varro
2174 2688 2234 2742 et
2269 2685 2589 2741 Fenestella

293 2760 383 2827 (fr.
416 2764 533 2827 18).
597 2761 722 2829 epit.
755 2763 807 2826 5,
834 2766 866 2814 1
889 2777 916 2815 s
952 2802 962 2813 .
1002 2758 1179 2814 Varro
1229 2758 1422 2814 decem
1471 2750 1717 2829 Sibyllae
1762 2758 1939 2813 fuisse
1981 2758 2183 2827 tradit,
2230 2757 2471 2829 primam
2518 2759 2587 2813 de

293 2830 488 2896 Persis,
518 2831 822 2886 secundam
852 2830 916 2885 Li
957 2848 1162 2901 yssam,
1191 2830 1421 2887 tertiam
1449 2830 1750 2902 Delphida‚
1777 2833 2039 2901 quartam
2068 2830 2388 2897 Cumaeam,
2425 2830 2585 2897 quin-

290 2904 404 2957 tam
431 2902 824 2971 Erythraeam,
852 2906 1068 2957 sextam
1096 2901 1361 2968 Samiam,
1389 2902 1693 2973 septimam
1712 2900 2085 2969 Cimmeriam,
2112 2904 2373 2957 octauam
2401 2900 2587 2957 Helle-

291 2974 591 3043 spontiam,
619 2990 826 3027 nonam
843 2973 1167 3044 Phrygiam,
1196 2973 1474 3029 decimam
1493 2972 1803 3039 Tiburtem,
1834 2972 1925 3028 eui
1954 2972 2031 3027 sit
2055 2990 2254 3029 nomen
2276 2972 2585 3028 Albuneae.

291 3061 356 3099 ex
391 3045 482 3099 his
521 3045 782 3099 omnibus
819 3045 1103 3100 Cumanae
1141 3044 1313 3100 solius
1349 3048 1464 3100 tres
1503 3060 1623 3101 esse
1661 3044 1861 3112 libros,
1904 3043 2003 3113 qui
2039 3044 2417 3099 Romanorum
2462 3044 2587 3099 fata

292 3117 618 3171 contineant
663 3120 722 3171 et
764 3116 1084 3172 habeantur
1128 3116 1346 3183 arcani,
1396 3119 1708 3171 ceterarum
1746 3132 1878 3171 uero
1917 3115 2163 3170 omnium
2203 3115 2454 3186 singulos
2494 3130 2586 3170 ex-

289 3191 409 3242 tare
444 3187 756 3257 haberique
795 3188 966 3259 uulgo
1003 3188 1103 3243 sed
1139 3204 1234 3242 eos
1263 3187 1568 3257 Sibyllinos
1605 3187 1766 3243 uelut
1793 3204 1904 3242 uno
1932 3188 2158 3241 nomine
2194 3186 2443 3253 inscribi,
2473 3186 2585 3245 nisi

291 3261 437 3328 quod
467 3260 800 3329 Erythraea,
840 3276 986 3329 quae
1014 3258 1201 3315 Troici
1236 3257 1377 3315 belli
1413 3257 1762 3329 temporibus
1800 3258 1973 3312 fuisse
2009 3256 2353 3328 perhibetur,
2380 3275 2586 3315 nomen

290 3348 448 3385 suum
486 3348 683 3386 uerum
720 3331 912 3401 posuit
946 3330 1005 3385 in
1035 3330 1197 3398 libro,
1228 3330 1466 3385 aliarum
1498 3329 1717 3385 confusi
1747 3334 1891 3385 sunt.
1930 3332 2057 3385 inst.
2086 3332 2131 3384 I
2150 3335 2200 3397 6,
2231 3334 2393 3399 &sqq
2426 3330 2584 3387 Kea-

288 3420 384 3459 ner
411 3420 470 3474 p.
503 3408 589 3458 41.
643 3404 726 3469 Of.
757 3404 922 3459 etiam
953 3404 1250 3457 Varronem
1286 3406 1350 3456 in
1384 3402 1813 3457 hebdomadibus
1848 3418 1935 3470 ap.
1971 3402 2210 3456 Gellium
2238 3400 2349 3455 III
2376 3408 2463 3467 10,
2492 3407 2580 3457 16.

463 3474 565 3530 21.
603 3476 841 3531 Sabinos
877 3492 912 3528 a
950 3474 1094 3528 Sabo
1130 3474 1566 3529 Lacedaemonio
1611 3474 1881 3543 oriqs'nem
1918 3474 2167 3541 traheres
2189 3488 2376 3527 eorum
2411 3488 2585 3528 mores

280 3553 489 3672 ztan-utos
524 3563 634 3601 ease
673 3547 952 3602 Romanos
991 3546 1125 3600 Cato
1165 3546 1324 3616 (ov-iq.
1353 3547 1426 3612 fr.
1458 3549 1552 3613 51)
1593 3544 1919 3600 tradiderat.
1989 3544 2072 3611 Of.
2101 3544 2315 3600 Samter
2353 3542 2579 3609 Quaest.

333 3634 438 3672 arr.
462 3635 522 3687 p.
555 3622 628 3673 60
645 3636 754 3687 sqq.

465 3807 564 3863 10.
611 3804 758 3879 byas
801 3822 840 3877 {J

465 3884 580 3971 18,
625 3894 722 3953 15.
770 3886 858 3971 et]
907 3894 1006 3951 uel
1049 3894 1212 3951 Flor.
1245 3894 1424 3953 Bern.
1580 3894 1676 3951 16.
1723 3886 1821 3971 ut]
1871 3894 1938 3951 et
1976 3893 2145 3966 Lips.
2287 3894 2388 3951 17.
2436 3892 2581 3969 quid

281 4002 320 4041 a
363 4001 605 4058 quaque
650 3984 827 4060 gente
871 3982 1253 4042 transtulerit
1296 4002 1402 4059 per
1446 3983 1545 4041 im.
1599 3982 1793 4043 Garol.
1828 3981 2007 4056 Sam.
2075 3979 2222 4058 quid
2268 3998 2305 4040 a
2343 3999 2579 4059 quaque

281 4072 576 4131 traxerint
632 4073 811 4149 gente
856 4070 997 4146 Rey.
1037 4072 1206 4147 Ilipa.
1247 4073 1462 4131 Hamb.
1537 4070 1683 4148 quid
1734 4089 1771 4129 a
1818 4090 2055 4148 quaque
2108 4073 2421 4130 traxerunt
2474 4091 2581 4146 per

280 4161 378 4220 im.
429 4162 606 4239 gente
659 4161 820 4220 M.
913 4160 1058 4237 quid
1115 4180 1150 4220 a
1207 4180 1442 4237 quaque
1497 4180 1604 4237 per
1656 4163 1756 4219 im.
1802 4162 2097 4219 traxerint
2150 4163 2327 4238 gente
2380 4154 2580 4236 Lips.²

280 4248 426 4328 quid
465 4268 502 4309 a
540 4270 661 4327 qua
695 4252 872 4327 gente
910 4242 1292 4331 transllisserit
1320 4243 1660 4331 (transierit
1688 4242 1897 4328 Rern.)
1936 4270 2041 4325 per
2076 4249 2175 4307 im.
2202 4249 2372 4308 Flor.
2394 4250 2577 4310 Bern.

465 4332 577 4418 22,
629 4343 729 4400 19.
777 4342 906 4401 eius
952 4356 1065 4399 om.
1103 4340 1264 4399 Fris.
1405 4342 1505 4399 20.
1551 4340 1746 4399 Varro
1794 4340 1928 4399 add.
1958 4339 2099 4414 Ray.
2129 4340 2289 4400 Fris.
2329 4357 2436 4399 om.
2476 4344 2574 4399 rel.
