3234 5034
478 1432 580 1482 166

477 1523 579 1571 919

631 303 760 370 146
1331 308 1670 363 ΑΣιΝιοΣ
1698 307 2055 364 ΚοΤΑΔΡΑ
2063 309 2223 365 'roz

806 468 923 536 26.
972 476 1174 552 Steph.
1203 475 1356 552 Byz.
1385 494 1430 536 s.
1461 493 1519 537 u.
1546 495 1614 554 p.
1646 475 1777 536 208
1827 473 2144 556 Γίνὸαρα,
2181 473 2365 556 κώμη
2400 474 2568 559 πρὸς
2604 485 2683 560 τῇ
2712 472 2923 539 Ἀντι-

625 573 822 656 οχείᾳ.
888 569 962 633 τὸ
1003 569 1278 635 ἐθνικὸν
1317 571 1701 655 Γινδαρεύς.
1762 569 2199 654 Κουάδρατος
2236 572 2311 637 δὲ
2349 573 2727 657 Γινδάρους
2776 576 2923 657 ἔφη.

803 666 919 735 27.
969 673 1168 751 Steph.
1216 673 1370 750 Byz.
1414 691 1460 734 ε.
1508 690 1566 735 u.
1599 692 1669 751 p.
1715 673 1850 733 446
1922 667 2115 754 Μέση
2160 681 2297 736 τῶν
2348 682 2684 754 ποταμῶν,
2738 669 2925 756 χώρα

621 765 861 852 μεταξὺ
910 767 1276 854 Εὐφράτου
1330 766 1442 832 καὶ
1498 769 1833 854 Τίγριδος·
1896 767 2009 832 καὶ
2047 766 2405 854 Ἀδιαβηνὴ
2460 767 2776 852 ἐκαλεῖτο,
2832 769 2926 846 ὡς

624 865 874 950 ἱστορεῖ
919 867 1370 951 Κουάδρατος.
2978 891 3005 930 ⁸

801 963 913 1031 28.
963 970 1162 1046 Steph.
1201 969 1355 1046 Byz.
1393 987 1439 1029 S.
1479 989 1537 1030 u.
1586 967 1909 1050 Μεσσήνη
1942 988 2011 1047 p.
2050 969 2183 1029 447
2230 963 2411 1032 Ἔστι
2450 1003 2531 1014 —-
2571 963 2681 1031 καὶ
2739 967 2921 1052 χώρα

620 1064 955 1148 Περσίδος
995 1064 1272 1147 Μεσηνὴ
1321 1061 1408 1128 δι’
1456 1062 1605 1140 ἑνὸς
1650 1081 1711 1147 σ,
1758 1063 1889 1129 ὑπὸ
1935 1074 2075 1129 τῶν
2119 1065 2246 1129 δύο
2291 1077 2607 1150 ποταμῶν
2644 1065 2919 1151 Εὐφρά-

619 1185 739 1226 του
785 1162 895 1227 καὶ
942 1162 1250 1247 Τίγριδος
1294 1160 1719 1245 μεσαζομένη,
1766 1162 1857 1240 ὡς
1886 1159 2175 1239 Ἀσίνιος
2212 1164 2647 1248 Κουάδρατός
2690 1181 2918 1248 φησιν.

800 1259 915 1326 29.
967 1265 1164 1342 Steph.
1195 1265 1348 1340 Byz.
1375 1283 1422 1325 s.
1452 1284 1510 1325 u.
1528 1283 1595 1342 p.
1617 1265 1748 1324 602
1805 1262 2165 1346 Τάπυρροι,
2204 1261 2285 1327 οὐ
2322 1263 2549 1348 πόρρω
2575 1261 2921 1346 Ὑρκανίας

619 1360 836 1435 ἔθνος.
885 1359 1317 1442 Κουαδρατος
1355 1359 1709 1443 Τάπουρρά
1747 1375 1973 1443 φησιν.
2019 1362 2095 1424 τὸ
2134 1358 2409 1425 ἐθνικὸν
2447 1363 2919 1447 Ταπουρραῑοι.
2948 1381 3005 1422 ιο

797 1455 910 1523 30.
967 1463 1157 1538 Capit.
1201 1461 1335 1522 Ver.
1373 1460 1434 1538 8,
1473 1462 1511 1521 1
1579 1461 1715 1522 Fuit
1772 1459 1865 1538 [L.
1910 1460 2126 1539 Verus]
2186 1463 2316 1522 eius
2365 1462 2494 1543 sati,
2557 1470 2625 1524 ut
2688 1463 2752 1522 in
2817 1481 2921 1523 eas

618 1561 976 1639 prouinciaS,
1021 1577 1130 1640 per
1176 1577 1323 1639 quas
1371 1558 1526 1620 redit
1573 1559 1636 1637 [e
1684 1558 1929 1638 SyriaJ,
1976 1558 2223 1620 Romam
2267 1579 2459 1640 usque
2505 1559 2665 1621 luem
2712 1579 2919 1622 secum

619 1657 850 1720 deferre
898 1656 1221 1719 uideretur.
1289 1667 1350 1718 et
1397 1665 1529 1718 nata
1577 1657 1767 1718 fertur
1812 1657 2152 1737 pestilentia
2200 1661 2262 1718 in
2308 1658 2643 1738 Babylonia,
2690 1658 2795 1720 uhi
2844 1658 2919 1720 de

616 1756 835 1836 templo
891 1755 1178 1836 Apollinis
1239 1775 1310 1816 ex
1375 1755 1574 1816 arcula
1640 1773 1843 1834 aurea,
1910 1775 2087 1835 quam
2151 1754 2323 1818 miles
2390 1757 2541 1818 sorte
2606 1756 2918 1836 inciderat,

617 1857 862 1934 spiritus
909 1853 1195 1934 pestilens
1243 1857 1449 1933 euasit,
1497 1861 1672 1933 atque
1722 1853 1861 1915 inde
1908 1854 2156 1915 Parthos
2202 1855 2527 1936 orbemque
2566 1854 2915 1936 complesse.
2945 1875 3003 1914 ιι.

615 1952 720 2014 sed
783 1954 897 2014 hoc
961 1972 1080 2016 non
1145 1953 1316 2014 Lucii
1361 1952 1499 2013 Veri
1561 1954 1710 2013 uitio
1776 1951 1882 2013 sed
1936 1953 2132 2034 Cassi,
2188 1971 2221 2014 a
2286 1973 2404 2033 quo
2468 1963 2673 2016 contra
2736 1953 2917 2016 fldem

615 2052 911 2132 Seleucia,
967 2071 1116 2132 quae
1181 2059 1247 2113 ut
1311 2053 1532 2113 amicos
1596 2051 1817 2112 milites
1882 2059 2117 2112 nostros
2184 2059 2517 2132 receperat,
2582 2062 2917 2132 expugnata

615 2157 722 2211 est.
797 2149 954 2230 quod
1011 2149 1252 2230 quidem
1308 2153 1467 2211 inter
1523 2157 1755 2211 ceteros
1812 2152 1989 2210 etiam
2045 2149 2383 2221 Quadratus
2444 2149 2589 2212 helli
2650 2150 2917 2213 Parthici

613 2251 870 2328 scriptor
923 2251 1211 2309 incusatis
1267 2248 1641 2330 Seleucenis,
1696 2251 1799 2329 qui
1854 2247 2032 2309 fidem
2087 2250 2267 2329 primi
2324 2258 2632 2329 ruperant,
2679 2257 2916 2330 purgat.

792 2341 881 2408 31
899 2347 959 2410 ²¹⁸.
1023 2349 1186 2409 Vulc.
1233 2349 1381 2408 Gall.
1421 2349 1602 2410 Auid.
1650 2349 1812 2409 Cass.
1854 2348 1911 2426 1,
1952 2349 1987 2408 1
2056 2346 2305 2408 Auidius
2352 2347 2617 2428 Cassius,
2668 2357 2737 2409 ut
2782 2351 2917 2428 qui-
2945 2367 3005 2407 so

614 2444 746 2506 dam
812 2445 1043 2523 uolunt,
1109 2464 1180 2506 ex
1244 2445 1462 2506 familia
1520 2445 1859 2507 Cassiorum
1924 2447 2110 2508 fuisse
2176 2445 2422 2525 dicitur,
2483 2464 2595 2526 per
2656 2455 2915 2508 matrem

611 2545 850 2606 homine
897 2563 1053 2606 nouo
1101 2547 1338 2624 genitus
1384 2542 1593 2604 Auidio
1643 2544 1884 2623 Seuero,
1931 2546 2035 2624 qui
2081 2543 2323 2606 ordines
2372 2543 2621 2606 duxerat
2671 2553 2733 2606 et
2778 2555 2919 2625 post

613 2642 685 2704 ad
749 2662 1012 2705 summas
1077 2643 1394 2722 dignitates
1449 2651 1822 2721 peruenerat.
1898 2644 2068 2704 cuius
2122 2641 2459 2714 Quadratus
2514 2645 2578 2704 in
2641 2643 2917 2705 historiis

787 2850 1011 2918 31).οῇ
1041 2851 1320 2906 Ammian.
1355 2851 1534 2906 Marc.
1565 2849 1802 2904 XXIII
1832 2855 1885 2916 6,
1910 2853 1985 2904 24
2031 2849 2155 2916 Qua
2184 2849 2453 2922 [Seleucia
2480 2851 2917 2922 Assyriae]pe:r

611 2923 780 2978 duces
798 2922 933 2977 Veri
962 2922 1216 2977 Caesaris
1245 2921 1542 3004 expulsata.
1571 2921 1830 2976 auulsum
1860 2921 2089 2976 sedibus
2127 2921 2489 2976 simulacrum
2518 2921 2709 2977 Comei
2738 2922 2917 2992 Apol-

609 2993 742 3048 linis
779 2993 1172 3064 perlatumque
1207 2993 1444 3048 Romam
1479 2993 1540 3046 in
1578 2993 1717 3048 aede
1746 2993 2029 3062 Apollinis
2064 2992 2313 3048 Palatini
2351 2992 2583 3048 deorum
2620 2993 2916 3050 antistites

611 3065 970 3120 collocarunt.
1047 3065 1226 3120 fertur
1273 3068 1462 3119 autem
1509 3065 1661 3132 quod
1713 3012 1842 3134 pospt
1886 3063 2170 3134 direptum
2215 3065 2324 3118 hoc
2370 3064 2520 3119 idem
2576 3065 2917 3136 figmentum

609 3138 839 3192 incensa
877 3137 1112 3191 ciuitate
1148 3136 1358 3191 milites
1396 3137 1588 3189 fanum
1629 3139 1942 3190 scrutantes
1978 3137 2245 3190 inuenere
2286 3135 2540 3190 foramen
2586 3141 2914 3207 angustum,

609 3226 719 3278 quo
755 3212 1018 3276 reserato,
1068 3212 1132 3262 ut
1177 3209 1486 3278 pretiosum
1534 3207 1753 3274 aliquid
1790 3208 2127 3276 inuenirent,
2176 3224 2243 3262 ex
2282 3208 2454 3276 adyto
2492 3209 2741 3277 quodam
2782 3226 2914 3264 con-

610 3281 764 3335 cluso
803 3297 838 3334 a
875 3253 1286 3336 Chaldaeorum
1333 3279 1552 3334 arcanis
1599 3278 1759 3334 labes
1805 3251 2187 3348 primordialis
2226 3279 2443 3348 exiluit,
2493 3295 2639 3348 quae
2681 3280 2915 3335 insana-

608 3352 808 3406 bilium
848 3351 904 3406 ui
934 3355 1216 3434 ‘concepta
1250 3351 1570 3405 morborum
1609 3349 1861 3404 eiusdem
1889 3350 2021 3406 Veri
2060 3351 2350 3420 Marcique
2384 3351 2657 3405 Antonini
2694 3355 2915 3422 tempo-

609 3423 762 3478 ribus
811 3423 882 3478 ab
929 3423 990 3494 ip
994 3425 1068 3478 sis
1113 3423 1408 3478 Persarum
1455 3423 1661 3475 finibus
1710 3423 1782 3475 ad
1826 3439 2005 3491 usque
2042 3423 2300 3476 Rhenum
2347 3425 2406 3476 et
2443 3422 2659 3478 Gallias
2709 3433 2917 3478 cuncta

609 3495 887 3565 contagiis
925 3495 1219 3566 polluebat
1257 3499 1314 3550 et
1349 3493 1639 3548 mortibus

785 3567 883 3623 81.
926 3568 1008 3635 Cf.
1047 3569 1113 3623 de
1147 3569 1245 3622 hoc
1279 3569 1584 3636 f'raymento
1622 3565 1821 3621 dubiae
1857 3567 2206 3622 auctoritatis
2239 3583 2282 3622 s.
2302 3583 2365 3636 p.
2400 3588 2613 3621 cmxxx
2616 3589 2675 3622 ιι.

786 3764 902 3849 26,
953 3774 1009 3831 2.
1058 3770 1469 3851 Γινδαρηνοὺς
1507 3772 1816 3832 Berkelius
1853 3773 1975 3831 coll.
2006 3772 2164 3832 Ptin.
2192 3791 2250 3831 n.
2280 3773 2333 3830 h.
2366 3773 2423 3832 V
2452 3773 2536 3830 81

787 3854 906 3939 28,
961 3865 1014 3920 7.
1063 3861 1354 3940 Περσίδος
1401 3863 1536 3922 add.
1567 3863 1758 3920 Palat.
1899 3859 2157 3938 Μεσήνη
2196 3863 2331 3920 libri
2464 3869 2749 3938 ποταμῶν
2789 3861 2913 3923 Εὐ-

609 3949 840 4030 φράτου
867 3951 995 4009 Pal.
1045 3951 1346 4029 στομάτων
1392 3949 1577 4010 αὐτοῦ
1606 3951 1664 4009 A
1684 3951 1743 4009 R
1764 3951 1821 4010 V
1978 3953 2033 4009 8.
2080 3949 2181 4010 καὶ
2231 3950 2501 4030 Τίγριδος
2548 3951 2684 4010 add.
2714 3953 2913 4012 Pal-at.

788 4033 907 4117 29,
958 4043 1013 4098 9.
1069 4040 1332 4120 Τᾶπυροι
1367 4041 1614 4100 Holsten

787 4121 904 4202 30,
960 4132 1059 4188 12.
1107 4129 1363 4208 secunde
1399 4131 1554 4189 ferre
1581 4130 1639 4188 P
1662 4149 1714 4188 a.
1745 4147 1790 4188 e.
1943 4131 2040 4188 14.
2090 4130 2429 4207 appollonis
2456 4131 2515 4188 P
2661 4131 2762 4191 15.
2812 4152 2912 4190 ur-

607 4218 859 4295 bemque
887 4220 945 4277 P
1123 4223 1219 4280 16.
1267 4219 1369 4278 sed
1405 4221 1615 4294 scripsi
1662 4223 1724 4278 et
1759 4220 1817 4277 P

787 4300 905 4389 31,
957 4311 1056 4367 21.
1103 4329 1327 4368 marem
1355 4310 1413 4368 P
1589 4311 1689 4367 22.
1736 4307 1974 4367 homine
2012 4311 2343 4369 Mommsen
2385 4312 2585 4374 tamen
2618 4309 2677 4368 P
2752 4329 2765 4342 ·
