3234 5034
633 346 679 393 L
1127 324 1224 380 DE
1263 324 1725 381 SCRIPTORVM
1762 324 1950 381 VI'I'IS
1987 324 2083 379 ET
2120 324 2435 380 SCRIPTIS

635 495 860 554 ciuium
907 495 1230 573 cognitioni
1278 493 1613 555 subiciendi
1661 493 1969 555 laudemus
2017 502 2079 554 et
2118 493 2456 573 probemus,
2504 501 2667 555 certa
2704 495 2933 555 ratione

637 590 956 673 destitutus
1010 593 1172 653 inter
1221 600 1536 671 praecepta
1584 592 1898 671 rhetorica,
1946 610 2097 671 quae
2144 591 2451 670 didicerat,
2498 593 2934 653 curiositatem·

634 708 776 769 que,
842 708 1018 769 quam
1081 692 1145 750 in
1209 692 1402 751 Attico
1467 690 1896 770 admirabatur,
1962 690 2211 751 fluctuat
2268 700 2329 751 et
2392 707 2528 751 cum
2559 720 2567 725 ·
2593 708 2691 752 res
2761 698 2935 751 antea

631 806 846 869 parum
895 788 1210 867 diligenter
1256 787 1729 849 considerauerit
1774 797 1837 849 et
1882 788 2216 867 digesserit,
2268 788 2511 849 fortuita
2558 789 2935 867 cogitatione,

631 886 914 965 lectione,
961 888 1308 947 inuentione
1353 905 1388 947 a
1431 889 1558 966 uia,
1605 905 1783 966 quam
1828 888 2136 965 ingressus
2183 894 2339 965 erat,
2385 886 2558 947 facile
2604 904 2669 947 se
2717 886 2937 966 depelli

633 1002 844 1064 passus
899 986 962 1045 iu
1017 986 1204 1045 miros
1258 1002 1497 1046 errores
1551 984 1906 1065 prolabitur,
1962 1004 2113 1064 quos
2178 987 2231 1045 si
2294 983 2809 1063 animaduerterit,
2866 994 2937 1045 ut

631 1089 892 1161 excuset,
939 1082 1160 1143 frustra
1205 1100 1447 1162 operam
1497 1082 1610 1143 dat.

811 1179 966 1241 Hinc
1012 1179 1084 1240 ad
1132 1179 1363 1259 singula
1409 1182 1540 1241 eius
1586 1198 1769 1260 opera
1818 1180 2287 1259 progrediemur.

809 1278 1079 1339 Primum
1135 1278 1248 1339 suit
1302 1279 1836 1355 chronicorum,
1895 1277 1967 1339 de
2024 1278 2241 1357 quibus
2287 1278 2589 1358 singulare
2636 1278 2929 1359 quoddam

631 1378 1040 1437 testimonium
1091 1376 1354 1437 Catullus
1401 1379 1727 1437 memoriae
1782 1376 2069 1457 prodidit,
2127 1395 2262 1437 cum
2324 1380 2589 1438 carmina
2643 1377 2935 1456 quaedam

631 1474 707 1536 ad
770 1474 1112 1535 Cornelium
1161 1476 1428 1536 mitteret
1472 1476 1731 1550 (ΟΜ-οη.
1763 1476 1849 1552 fr.
1888 1476 1976 1549 7).
2058 1493 2237 1554 quem
2293 1473 2534 1555 quidem
2590 1474 2931 1536 Cornelium

629 1573 791 1634 huuc
846 1571 1135 1652 Nepotem
1201 1590 1332 1633 esse
1389 1572 1604 1635 Catulli
1664 1581 2121 1635 conterraneum
2175 1573 2473 1634 Ausonius
2514 1575 2597 1651 (p.
2630 1574 2762 1633 120
2791 1574 2931 1635 Βοὴ.

617 1690 686 1749 p.
727 1670 860 1731 186
906 1672 972 1731 Ρ.
1023 1689 1081 1731 ιι.
1130 1671 1200 1745 9)
1267 1672 1592 1733 confirmat.
1686 1674 1887 1750 itaque
1958 1672 2203 1750 scripsit
2274 1689 2345 1731 ea
2418 1670 2717 1753 aliquanto
2792 1679 2932 1732 ante

631 1788 681 1831 a.
729 1764 1004 1849 54s700‚
1061 1787 1178 1848 quo
1225 1768 1490 1830 Catullus
1542 1768 1751 1831 ultima
1810 1772 2073 1830 carmina
2119 1768 2305 1831 edidit
2347 1769 2524 1848 paulo
2570 1778 2707 1849 post
2748 1771 2931 1830 mori-

629 1875 804 1929 turus
817 1862 889 1952 1),
927 1874 1104 1946 atque
1142 1869 1391 1946 primuS,
1429 1867 1502 1927 ad
1541 1867 1604 1927 id
1640 1874 1877 1946 tempus
1906 1862 2119 1928 ‘unus'
2144 1866 2425 1928 Italorum
2455 1865 2655 1929 ‘omne
2682 1861 2932 1928 aeuum'

631 1965 801 2027 libris
857 1964 1049 2025 tribus
1097 1964 1409 2044 complecti
1455 1984 1637 2027 ausus
1684 1975 1791 2026 est.
1866 1964 2036 2035 Quod
2083 1972 2279 2026 tamen
2326 1964 2529 2026 laudat
2568 1974 2743 2044 poeta
2792 1964 2931 2027 doc-

632 2066 848 2125 trinam
909 2070 968 2124 et
1024 2062 1302 2142 laborem,
1361 2082 1763 2143 numerorum,
1818 2065 2144 2141 nominum,
2192 2070 2502 2124 auctorum
2546 2062 2929 2124 multitudine

630 2164 894 2223 animum
941 2162 1359 2241 praestrictum
1409 2162 1594 2222 fuisse
1640 2160 1738 2222 uel
1784 2180 1855 2222 ex
1902 2163 2009 2238 eis,
2056 2179 2206 2239 quae
2254 2179 2434 2240 supra
2473 2160 2931 2240 disputauimus,

631 2259 1086 2339 suspicabimur.
1151 2260 1406 2339 arripuit
1449 2261 1612 2319 enim
1650 2278 1785 2321 eum
1818 2258 2053 2337 librum,
2083 2276 2259 2338 quem
2289 2266 2355 2319 ut
2381 2267 2509 2319 tum
2539 2252 2619 2342 (a.
2636 2254 2759 2339 45!
2767 2252 2927 2342 709)

633 2357 707 2419 de
753 2357 1130 2436 chronologia
1177 2374 1380 2419 rerum
1427 2356 1788 2418 Graecarum
1840 2358 2295 2417 usitatissimum
2351 2359 2417 2418 in
2462 2359 2641 2417 Attici
2686 2356 2927 2436 quidem

629 2455 904 2518 manibus
961 2456 1148 2517 fuisse
1195 2454 1405 2516 Cicero
1458 2474 1568 2535 pro
1625 2465 1787 2517 certo
1844 2457 2035 2535 ponit,
2094 2454 2433 2534 Apollodori
2488 2454 2769 2516 chronica
2814 2457 2934 2530 (ad

630 2559 752 2617 Att.
783 2556 926 2616 XII
966 2555 1070 2631 23,
1099 2554 1171 2627 2)
1185 2547 1256 2638 ²),
1303 2572 1560 2633 eumque
1606 2556 1671 2614 in
1718 2572 1894 2615 suum
1940 2571 2277 2615 sermonem
2326 2552 2678 2613 translatum
2724 2562 2928 2632 spreto

631 2660 830 2715 tamen
867 2670 1068 2731 uersu,
1115 2670 1232 2731 quo
1269 2651 1660 2731 Apollodorus
1696 2670 1845 2713 usus
1881 2658 2027 2729 erat,
2073 2648 2255 2713 rebus
2290 2649 2572 2712 Romanis
2610 2651 2927 2730 suppleuit,

629 2759 699 2813 ut
745 2750 992 2811 eandem
1051 2753 1342 2811 rationem
1388 2750 1487 2810 hic
1533 2750 1781 2811 subesse
1828 2748 1893 2809 E.
1930 2748 2135 2810 Rohde
2181 2750 2525 2827 coniecerit,
2570 2766 2722 2828 quae
2768 2752 2929 2810 inter

630 2848 952 2910 Eusebium
1003 2855 1062 2908 et
1107 2847 1533 2927 Hieronymum
1577 2847 1898 2908 intercedit
1944 2848 2121 2921 (mus.
2162 2848 2277 2907 Rk.
2315 2847 2407 2907 36
2436 2865 2504 2924 p.
2544 2847 2720 2920 535).
2788 2865 2927 2907 nam

629 2956 698 3009 ut
731 2946 1122 3026 Apollodorus
1160 2948 1251 3006 sic
1285 2944 1483 3025 Nepos
1531 2943 1825 3027 Χρονικά
1871 2946 2198 3024 inscripsit,
2245 2962 2494 3006 exorsus
2530 2943 2630 3005 ille
2678 2952 2805 3005 erat
2850 2943 2923 3005 ab

629 3048 879 3107 interitu
934 3044 1148 3104 Troiae
1204 3036 1283 3126 (a.
1335 3038 1639 3127 1184l3),
1694 3042 1793 3103 hic
1848 3043 2090 3103 Saturni
2147 3042 2264 3119 (fr.
2312 3044 2410 3119 1),
2466 3050 2629 3103 certe
2682 3041 2927 3103 Homeri

812 3290 863 3349 1)
903 3288 964 3339 A.
1000 3289 1212 3338 67—64
1267 3282 1537 3339 Schwabe
1579 3285 1817 3355 Quaestt.
1860 3285 1975 3341 Cat.
2014 3303 2069 3354 p.
2100 3289 2231 3353 296,
2279 3300 2393 3339 cca.
2434 3300 2484 3338 a.
2526 3288 2593 3338 65
2642 3284 2927 3339 Baehrens

631 3366 832 3423 catull.
861 3368 932 3421 II
970 3384 1025 3434 p.
1058 3370 1141 3419 69.

809 3450 865 3515 2)
902 3445 1173 3515 Scymnus
1210 3446 1308 3514 qui
1337 3444 1547 3500 dicitur
1573 3445 1907 3500 uarietatem
1946 3461 2149 3511 rerum,
2184 3460 2327 3513 quas
2364 3444 2741 3513 Apollodorus
2778 3461 2925 3499 com-

630 3526 826 3598 plexus
865 3528 975 3592 est,
1013 3523 1102 3579 his
1139 3526 1396 3580 uersibus
1431 3525 1697 3580 laudauit,
1740 3528 1829 3595 (16
1852 3532 2019 3596 sqq.):
2059 3522 2219 3579 Ἐστι
2266 3522 2322 3579 δ’
2357 3523 2395 3578 ἃ
2434 3522 2634 3594 γράφω
2670 3532 2922 3579 τοιαῦτα.

638 3612 770 3671 Τοῖς
815 3606 876 3661 ἐν
922 3604 1200 3678 Περγάμῳ
1233 3606 1240 3679 Ι
1274 3608 1608 3678 βασιλεῦσιν,
1655 3600 1734 3661 ὧν
1770 3606 1805 3675 ἡ
1845 3604 1985 3672 δόξα
2022 3606 2119 3660 καὶ
2159 3604 2518 3675 τεθνηκότων
2550 3605 2559 3677 Ι
2590 3603 2749 3671 παρὰ
2786 3612 2925 3659 πᾶσι

629 3688 764 3757 ἡμῖν
802 3689 944 3752 ζῶσα
982 3684 1081 3740 διὰ
1116 3686 1330 3749 παντὸς
1365 3686 1520 3754 μένει
1553 3686 1560 3757 Ι
1592 3696 1704 3741 τῶν
1734 3682 1988 3741 Ἀττικῶν
2032 3706 2117 3748 τις
2163 3685 2407 3755 γνησίων
2452 3703 2511 3739 τε
2559 3684 2922 3758 φιλολόγων,Ι

631 3768 872 3838 γεγονὼς
925 3766 1204 3836 ἀκουστὴς
1257 3763 1565 3836 Διογένους
1615 3774 1717 3821 τοῦ
1775 3768 2056 3834 Στωϊκοῦ,
2096 3765 2104 3837 Ι
2158 3766 2574 3837 συνεσχολακὼς
2628 3762 2691 3819 δὲ
2746 3766 2929 3821 πολὺν

625 3844 956 3917 Ἀριστάρχω
983 3846 1209 3917 χρόνον,
1235 3867 1240 3917 !
1265 3841 1596 3912 συνετάξατ’
1629 3846 1744 3901 ἀπὸ
1776 3852 1878 3915 τῆς
1911 3850 2163 3915 Τρωϊκῆς
2190 3846 2443 3908 ἁλώσεως
2465 3845 2475 3919 Ι
2498 3844 2925 3917 χρονογραφίαν

630 3935 961 3997 στοιχοῦσαν
999 3926 1128 3996 ἄχρι
1165 3935 1263 3981 τοῦ
1301 3935 1408 3981 νῦν
1441 3925 1584 3998 βίου.
1611 3928 1618 3997 Ι
1644 3922 1779 3996 Ἔτη
1808 3926 1871 3981 δὲ
1909 3926 2318 3993 τετταράκοντα
2354 3925 2495 3994 πρὸς
2534 3934 2651 3987 τοῖς
2686 3923 2884 3996 χιλίοις
2914 3926 2924 3999 Ι

631 4005 944 4076 ὡρισμένως
965 4006 1190 4072 ἐξέθετο
1223 4008 1752 4076 καταριθμούμενος
1768 4004 1985 4063 πόλεων
2009 4010 2015 4079 Ι
2041 4006 2285 4075 ἁλώσεις,
2308 4006 2672 4074 ἐκτοπισμοὺς
2700 4024 2929 4074 στρατο-

629 4086 836 4155 πέδων,
861 4088 867 4159 Ι
893 4088 1326 4156 μεταναστάσεις
1364 4087 1570 4155 ἐθνῶν,
1609 4085 1899 4156 στρατείας
1934 4085 2255 4159 βαρβάρων,
2279 4088 2286 4159 Ι
2311 4083 2569 4157 ἐφόδους,
2598 4088 2932 4153 περαιώσεις

629 4186 688 4223 τε
725 4178 1006 4223 ναυτικῶν
1045 4166 1270 4235 στόλων,
1301 4170 1307 4239 Ι
1340 4164 1530 4229 θέσεις
1565 4168 1819 4236 ἀγώνων,
1857 4164 2187 4238 συμμαχίας,
2224 4168 2491 4233 σπονδάς,
2528 4164 2728 4237 μάχας,
2752 4167 2761 4237 Ι
2784 4167 2932 4235 πρά-

629 4250 743 4315 ξεις
787 4246 1078 4319 βασιλέων,
1127 4249 1422 4318 ἐπιφανῶν
1467 4248 1693 4314 ἀνδρῶν
1739 4245 1913 4319 βίους,
1947 4247 1954 4318 Ι
1988 4247 2193 4318 φυγάς,
2240 4244 2555 4315 στρατείας,
2600 4248 2934 4311 καταλύσεις

627 4326 1005 4396 τυραννίδων·
1033 4328 1039 4399 Ι
1072 4328 1303 4385 πάντων
1341 4328 1611 4398 ἐπιτομὴν
1648 4337 1759 4383 τῶν
1794 4328 1974 4399 χύδην
2012 4324 2333 4397 εἰρημένων.
