3234 5034
663 331 859 382 011111
1152 309 1249 367 DE
1289 308 1752 369 SCRIPTORVM
1787 309 1976 368 VITIS
2012 309 2106 368 ΕΤ
2143 309 2459 368 SCRIPTIS

660 488 869 543 senatu
931 489 1133 562 aperte
1190 483 1245 542 ei
1299 481 1609 542 aduersari
1663 480 1846 542 nollet
1903 480 2489 561 indignationemque
2543 501 2714 544 suam
2770 481 2960 544 libere

664 579 838 641 dictis
885 581 1250 642 euomuisset
1261 574 1333 663 ι),
1378 581 1509 641 eius
1546 581 1696 640 iram
1733 580 2010 660 irritauit,
2059 582 2162 660 qui
2209 599 2344 641 cum
2391 579 2633 642 Tiberio
2680 579 2959 642 dicacita-

662 687 781 738 tem
838 679 1193 757 grauissimo
1249 677 1383 739 odio
1441 695 1572 738 esse
1631 679 1813 739 sciret
1869 679 2064 753 (Suet.
2111 681 2268 755 Any.
2315 679 2450 758 51),
2507 697 2662 740 anno
2717 674 2866 759 2517
2877 675 2958 740 78

665 775 811 838 duos
872 775 1123 837 clientes
1179 776 1437 837 Satrium
1497 775 1837 838 Secundum
1909 785 1970 837 et
2037 777 2340 838 Pinarium
2401 775 2634 838 Nattam
2695 779 2760 838 in
2823 797 2958 839 eum

660 875 925 954 immisit,
964 893 1099 936 cum
1138 874 1449 936 annalibus
1488 873 1560 936 ab
1600 893 1670 936 eo
1708 876 1948 954 scriptis
1976 874 2226 937 Brutum
2264 874 2652 955 Cassiumque
2689 875 2959 937 laudatos

658 991 791 1034 esse
836 972 1254 1052 praetenderet
1297 973 1407 1050 (fr.
1446 973 1537 1052 3),
1589 971 1656 1033 id
1701 971 1859 1052 quod
1904 991 1974 1034 eo
2019 975 2206 1052 magis
2253 971 2577 1034 absurdum
2622 974 2763 1053 fuit,
2821 975 2958 1054 quia

658 1069 995 1133 Cremutius
1050 1071 1183 1132 illos
1238 1072 1401 1151 ipsos
1456 1071 1720 1150 Augusto
1775 1073 2134 1133 recitauerat
2189 1072 2338 1146 (Dio
2385 1073 2489 1148 57,
2545 1073 2650 1148 24,
2709 1073 2792 1151 ef.
2847 1075 2956 1134 Ge·

654 1171 930 1231 sehiehtl.
992 1169 1133 1231 Litt.
1196 1169 1238 1230 I
1287 1188 1352 1247 p.
1411 1170 1553 1246 66),
1629 1171 1800 1230 cuius
1875 1188 2010 1232 cum
2087 1169 2257 1231 domo
2331 1172 2509 1231 etiam
2583 1169 2960 1232 familiariter

660 1269 1013 1329 coniunctus
1060 1275 1201 1329 erat.
1250 1267 1637 1328 nihilominus
1683 1287 1819 1338 cum
1859 1267 1930 1329 de
1969 1269 2090 1330 uita
2141 1267 2534 1348 desperasset,
2581 1268 2740 1348 apud
2789 1287 2958 1330 sena-

658 1373 786 1426 tum
834 1366 1066 1427 sortiter
1112 1374 1172 1427 et
1218 1373 1562 1426 constanter
1598 1385 1663 1426 se
1704 1365 1985 1445 defendit,
2024 1375 2150 1428 tum
2189 1386 2334 1428 uero
2372 1365 2732 1430 abstinentia
2771 1370 2958 1428 uitam

656 1465 853 1524 finiuit
899 1465 1073 1538 (Tac.
1122 1482 1263 1525 ann.
1313 1465 1416 1525 IV
1453 1465 1542 1524 34
1566 1483 1653 1540 sq.
1703 1465 1941 1526 Seneca
1987 1469 2023 1526 l.
2069 1484 2114 1527 s.
2165 1485 2214 1527 c.
2263 1466 2398 1541 23).

838 1562 1119 1642 Annales,
1178 1580 1328 1643 quae
1377 1559 1501 1624 sola
1544 1564 1858 1642 inscriptio
1902 1562 2120 1625 tradita
2166 1571 2258 1625 est
2305 1564 2413 1641 (fr.
2452 1568 2543 1641 3),
2589 1583 2782 1628 unum
2829 1583 2957 1626 sae-

658 1660 857 1721 culum
903 1658 1196 1740 complexi
1243 1668 1409 1740 sunt,
1468 1659 1623 1740 quod
1671 1659 1898 1722 Seneca
1942 1679 2079 1722 eum
2125 1663 2322 1741 ipsum
2368 1659 2466 1724 ‘ex
2503 1681 2639 1724 arce
2687 1659 2956 1724 caelesti'

660 1757 954 1820 dicentem
1011 1759 1175 1820 facit:
1242 1759 1510 1820 quabat
1563 1763 1750 1820 unius
1801 1777 1896 1820 me
1947 1764 2183 1821 saeculi
2220 1760 2401 1838 facta
2456 1778 2837 1840 componere,
2893 1766 2956 1824 in

646 1865 842 1934 parte
877 1861 1089 1918 ultima
1124 1860 1339 1918 mundi
1386 1849 1453 1940 (i.
1492 1875 1543 1918 e.
1583 1875 1656 1918 ex
1694 1859 2015 1919 stoicorum
2055 1857 2322 1920 doctrina
2357 1861 2422 1920 in
2459 1852 2649 1943 terra)
2697 1867 2758 1921 et
2793 1865 2958 1922 inter

640 1959 1054 2032 paucissimos
1086 1964 1277 2034 qesta,
1328 1955 1441 2016 hoc
1489 1974 1676 2016 unum
1724 1963 1810 2016 tot
1856 1955 2137 2036 saeculis,
2183 1975 2334 2037 quae
2379 1959 2443 2019 in
2492 1956 2656 2019 caelo
2703 1956 2956 2038 uiderat,

654 2061 1049 2134 opponentem
1108 2055 1223 2128 (ad
1276 2054 1475 2116 Marc.
1522 2055 1628 2131 26,
1685 2055 1776 2130 5),
1835 2053 2015 2134 idque
2073 2055 2375 2117 saeculum
2437 2057 2624 2118 fuisse
2685 2056 2954 2136 Augusti,

655 2151 812 2233 quod
870 2171 903 2212 a
968 2151 1220 2214 Caesare
1287 2151 1677 2232 repetendum
1733 2153 1870 2232 ruit,
1927 2152 2238 2215 confirmat
2301 2153 2409 2214 Dio
2468 2153 2503 2213 l.
2563 2173 2637 2215 s.:
2705 2149 2812 2216 ἐπὶ
2877 2161 2954 2237 τῇ

654 2249 935 2334 ἱστορίᾳ,
980 2246 1066 2330 ἣν
1110 2247 1311 2312 πάλαι
1359 2243 1519 2312 ποτὲ
1562 2248 1716 2332 περὶ
1771 2259 1907 2312 τῶν
1957 2255 2051 2336 τῷ
2097 2247 2470 2336 Αὐγούστῳ
2513 2247 2955 2333 πραχθέντων

658 2349 1125 2410 συνετεθείκει.
1207 2347 1335 2419 Qua
1381 2356 1577 2410 autem
1626 2356 1754 2409 erat
1797 2348 2087 2428 libertate,
2145 2348 2416 2411 laudabat
2459 2349 2712 2412 Brutum
2759 2350 2953 2412 Cassi-

655 2465 875 2526 umque
912 2446 1235 2508 Romanam
1270 2447 1559 2508 uirtutem
1606 2465 1812 2508 eorum
1867 2456 2058 2508 morte
2112 2449 2467 2510 exstinctam
2515 2466 2647 2510 esse
2695 2467 2952 2529 conque·

655 2563 797 2607 rens
846 2545 954 2622 (fr.
992 2545 1065 2619 3)
1113 2552 1172 2606 et
1207 2544 1670 2624 proscribenteS,
1715 2553 1784 2606 ut
1828 2546 1912 2606 ait
1957 2545 2182 2607 Seneca
2227 2547 2364 2622 (26,
2404 2547 2493 2625 1),
2540 2547 2604 2608 in
2641 2554 2952 2610 aeternum

653 2647 783 2724 ipse
828 2644 1209 2722 proscripsit,
1263 2643 1423 2704 idem
1480 2653 1676 2704 tamen
1724 2642 2036 2706 Caesarem
2091 2644 2540 2724 Augustumque
2594 2647 2758 2724 ipsos
2817 2665 2950 2708 cum

654 2744 992 2804 reuerentia
1057 2741 1305 2821 quadam
1375 2749 1728 2820 prosecutus
1793 2749 1886 2803 cst
1948 2749 2010 2803 et
2071 2741 2364 2804 bellorum
2428 2742 2725 2823 ciuilium,
2798 2761 2951 2825 quae

654 2840 901 2903 defleuit
947 2842 1116 2915 (Seri.
1164 2845 1201 2902 l.
1236 2843 1333 2919 s.),
1392 2839 1624 2920 culpam
1679 2841 1877 2919 potius
1934 2839 2009 2900 ad
2063 2848 2336 2904 senatum
2382 2840 2786 2920 populumque
2831 2851 2950 2904 ret-

653 2938 789 3000 tulit
824 2940 973 3012 (Dio
1010 2943 1047 3000 Ι.
1084 2942 1180 3013 3.).
1272 2937 1579 2999 Horatium
1628 2936 1834 2999 audire
1883 2937 2054 3000 nobis
2099 2938 2378 3000 uidemur
2415 2956 2608 3018 neque
2645 2941 2951 3019 miramur,

652 3036 810 3117 quod
857 3037 1033 3098 fidem
1080 3034 1379 3097 annalium
1425 3037 1830 3115 incorruptam
1877 3036 2062 3098 fuisse
2109 3036 2336 3098 Seneca
2381 3035 2683 3115 praedicat
2730 3039 2822 3112 (1,
2859 3038 2948 3112 3).

654 3155 782 3196 eam
844 3152 991 3196 uero
1036 3136 1227 3214 ipsam
1274 3133 1348 3194 ob
1395 3152 1659 3212 causam,
1719 3153 1796 3194 ne
1851 3136 2204 3213 superstites
2259 3142 2486 3212 essent,
2541 3143 2784 3198 senatus
2843 3153 2952 3215 per

652 3233 873 3296 aediles
920 3251 1022 3293 eos
1070 3231 1420 3293 cremandos
1458 3232 1694 3292 censuit
1730 3233 1838 3310 (fr.
1876 3233 1968 3311 3),
2016 3231 2121 3292 sed
2159 3230 2319 3293 addit
2355 3231 2598 3292 Tacitus
2637 3227 2949 3294 ‘mansisse

654 3349 773 3409 eoS,
820 3329 1083 3391 occultos
1132 3338 1192 3391 et
1234 3330 1422 3392 editos
1438 3325 1470 3409 ',
1518 3329 1695 3410 idque
1743 3329 1938 3392 studio
1985 3339 2046 3391 et
2091 3332 2307 3410 pietate
2353 3329 2610 3392 Marciae
2656 3330 2830 3412 filiae,
2879 3331 2948 3392 de

655 3447 771 3509 qua
828 3428 1051 3490 Seneca
1106 3447 1156 3488 a.
1205 3429 1331 3490 sere
1376 3424 1615 3510 50s803
1672 3429 1819 3489 haec
1875 3428 2162 3490 declamat
2209 3417 2447 3512 (1‚'3):
2509 3429 2581 3489 Vt
2635 3447 2788 3491 uero
2835 3433 2948 3491 ali-

653 3545 833 3604 quam
889 3531 1269 3588 occasionem
1325 3532 1579 3588 mutatio
1637 3531 1922 3604 temporis
1978 3529 2171 3602 dedit,
2227 3530 2540 3602 moenium
2582 3531 2797 3604 patrie
2841 3531 2949 3603 tui,

654 3627 730 3686 de
775 3642 893 3701 quo
936 3633 1235 3702 sumptum
1281 3633 1419 3686 erat
1460 3629 1850 3702 supplicium,
1907 3629 1970 3685 in
2026 3629 2224 3685 uisum
2278 3627 2584 3686 hominum
2640 3627 2950 3688 reduxisti

651 3731 711 3785 et
757 3743 797 3784 a
844 3742 997 3785 uera
1044 3727 1209 3786 illum
1257 3726 1590 3785 vindicasti
1634 3731 1824 3785 morte
1871 3742 1949 3784 ac
1993 3727 2317 3786 restituisti
2352 3727 2417 3785 in
2441 3725 2703 3800 publiea
2739 3743 2947 3786 monu-

834 3869 883 3936 1)
924 3867 1113 3922 Senec.
1137 3867 1342 3922 consol.
1375 3867 1448 3920 ad
1476 3867 1748 3921 Marciam
1777 3867 1976 3939 [filiam
2005 3867 2275 3922 Cremutii
2314 3885 2362 3923 a..
2391 3867 2509 3922 fere
2538 3869 2778 3940 50s803]
2807 3873 2896 3937 22,
2915 3876 2948 3922 4

652 3949 906 4020 Propone
942 3949 1083 4002 illud
1120 3949 1523 4003 acerbissimum
1560 3947 1663 4002 tibi
1690 3955 1913 4018 tempu-3,
1943 3965 2046 4017 quo
2075 3949 2314 4004 Seianus
2333 3955 2552 4018 patrem
2577 3955 2736 4003 tuum
2762 3951 2952 4005 clienti

650 4045 750 4083 suo
768 4029 954 4084 Satrio
974 4027 1220 4084 Sec-wido
1248 4029 1593 4098 conyiarium
1620 4029 1784 4082 dedit.
1815 4029 2152 4083 irascebatur
2177 4029 2267 4082 illi
2293 4029 2358 4082 ob
2385 4045 2560 4082 unum
2589 4035 2688 4083 aut
2717 4029 2950 4084 alterum

652 4109 880 4163 liberius
926 4108 1156 4175 dictum,
1202 4109 1348 4178 quod
1393 4109 1593 4164 tacitus
1637 4109 1781 4175 ferre
1824 4125 1937 4162 non
1979 4116 2236 4177 pomer-at
2281 4109 2544 4164 Seianum
2600 4111 2664 4162 in
2717 4112 2951 4165 ceruices

650 4197 869 4244 nostras
893 4207 961 4244 ne
988 4190 1185 4257 inponi
1212 4187 1427 4258 quidem
1462 4188 1556 4243 sed
1591 4189 1880 4244 escendere.
1919 4187 2302 4244 decernebatur
2337 4189 2428 4243 illi
2460 4193 2650 4243 statua
2687 4191 2750 4243 in
2788 4189 2947 4245 Pom·

646 4271 763 4338 peii
790 4269 998 4324 theatro
1019 4270 1297 4338 ponenda,
1326 4269 1470 4338 quod
1496 4275 1745 4324 exustmn
1777 4269 1978 4324 Caesar
2013 4269 2299 4336 reficiebat.
2365 4269 2700 4324 exclamauit
2737 4269 2950 4325 Gordus

652 4357 784 4406 tune
818 4366 945 4405 uere
981 4349 1247 4405 theatrum
1274 4351 1459 4419 perire
1495 4356 1545 4404 et
1579 4367 1628 4418 q.
1657 4367 1700 4403 ε.
