3234 5034
611 311 848 358 cxxxx
1106 292 1204 347 DE
1245 290 1709 349 SCRIPTORVM
1744 293 1933 350 VITIS
1971 294 2065 348 ΕΤ
2103 294 2419 351 SCRIPTIS

603 474 772 531 siam·
807 488 950 532 ann.
990 472 1106 532 III
1120 491 1189 550 p.
1222 472 1380 546 772)
1419 473 1691 550 coniecit,
1740 491 1813 534 ex
1870 471 2086 553 quibus
2132 473 2361 535 Plinius
2419 492 2515 536 res
2562 475 2905 556 geographi-

606 587 706 628 cas
780 571 1194 649 excerpsisset.
1303 578 1508 631 contra
1580 590 1757 651 quem
1830 571 2110 633 Muenzer
2188 573 2254 644 Q.
2304 575 2361 636 d.
2410 575 2498 635 Pl.
2542 593 2610 651 p.
2660 574 2795 636 130
2820 593 2903 651 sq.

606 665 668 726 L.
725 667 955 728 Veteris
1011 668 1261 729 alicuius
1315 667 1499 730 libros
1555 668 1771 749 Hygini
1817 669 2120 750 Melaeque
2176 671 2402 733 similes
2450 673 2635 733 fuisse
2681 671 2903 734 maluit.

606 775 767 826 certa
813 774 1010 827 tamen
1055 775 1398 847 argumenta
1436 770 1635 829 neutri
1685 771 2011 831 sententiae
2051 768 2315 832 subiecta
2362 777 2520 832 sunt.

1165 1045 1238 1119 G.
1295 1044 1712 1120 LICINIVS
1766 1041 2334 1134 MVCIANV81)

782 1224 895 1287 Diu
943 1224 1159 1286 dubius
1204 1223 1386 1305 haesi,
1433 1245 1576 1286 num
1625 1224 1785 1286 hunc
1830 1228 1891 1287 in
1940 1245 2091 1306 opus
2134 1245 2336 1289 meum
2382 1231 2733 1309 reciperem,
2778 1238 2904 1292 tan-

609 1322 740 1384 dem
789 1323 1104 1386 excludere
1153 1323 1333 1385 nolui.
1407 1323 1637 1386 Plinius
1676 1326 1835 1385 enim
1872 1327 2077 1405 maior,
2124 1328 2230 1406 qui
2264 1328 2327 1388 in
2366 1327 2619 1390 naturali
2658 1328 2907 1390 historia

605 1425 800 1483 omnia
848 1425 977 1484 eius
1025 1423 1352 1502 fragmenta
1398 1424 1681 1498 seruauit,
1728 1425 1961 1484 etiamsi
2006 1442 2104 1487 res
2151 1424 2223 1486 ab
2270 1444 2339 1486 eo
2377 1435 2573 1505 gestas
2609 1445 2903 1508 nusquam

606 1520 679 1583 ad
725 1523 854 1582 eius
911 1523 1318 1583 auctoritatem
1375 1521 1629 1600 rettulit,
1687 1521 1792 1583 sed
1847 1541 1997 1602 quae
2030 1526 2425 1610 ,pertinerent
2478 1524 2550 1586 ad
2606 1533 2903 1588 terrarum

606 1622 806 1698 situm,
867 1628 1137 1681 naturam
1198 1639 1400 1680 rerum
1461 1626 1637 1700 atque
1684 1619 2044 1700 animalium,
2107 1629 2281 1702 arteS,
2342 1629 2539 1686 tamen
2599 1624 2903 1703 miracula,

606 1738 755 1799 quae
803 1717 1002 1798 multa,
1051 1718 1123 1779 ab
1171 1736 1240 1778 eo
1287 1720 1450 1780 uisa
1496 1737 1629 1780 esse
1678 1737 1852 1800 saepe
1900 1720 2211 1782 confirmat
2265 1721 2373 1799 (fr.
2416 1722 2473 1782 7.
2514 1724 2616 1783 10.
2656 1724 2762 1786 12.
2805 1726 2906 1786 13.

605 1817 707 1878 18.
747 1819 851 1878 20.
890 1818 1024 1892 24.)
1071 1819 1552 1898 mentionemque
1600 1817 1813 1879 factam
1862 1817 2172 1897 legationis
2218 1837 2361 1880 suae
2408 1819 2621 1900 Lyciae
2658 1823 2769 1901 (fr.
2802 1823 2904 1884 21.

483 1955 490 1962 -
603 1917 720 1991 22)
751 1923 926 1996 atque
957 1915 1254 1997 epulatum
1295 1934 1360 1977 se
1396 1917 1551 1977 intra
1589 1916 1851 1996 patulam
1886 1915 2187 1996 platanum
2226 1919 2356 1980 eius
2382 1921 2731 1998 prouinciae
2770 1940 2906 1982 cum

606 2014 1085 2078 duodeuicesimo
1143 2017 1358 2078 comite
1415 2034 1550 2076 eum
1598 2011 1989 2094 ‘prodendum
2048 2017 2223 2077 etiam
2270 2019 2527 2096 posteris
2572 2015 2905 2097 putauisse'

607 2115 715 2193 (fr.
753 2115 838 2175 21
832 2106 948 2198 ).²)
1042 2113 1274 2194 deinde,
1330 2113 1434 2174 uhi
1490 2113 1617 2174 loca
1674 2112 1914 2192 addidit,
1970 2116 2167 2176 omnia
2222 2133 2291 2176 ex
2350 2117 2580 2177 oriente
2628 2120 2903 2198 sumpsit,

606 2212 752 2273 nihil
809 2231 878 2273 ex
938 2211 1276 2292 Germania,
1333 2211 1543 2291 Gallia,
1600 2211 1930 2292 Britannia,
1986 2212 2293 2293 Hispania,
2349 2233 2497 2294 quas
2542 2221 2737 2276 terras
2784 2235 2901 2278 non

606 2310 766 2389 adiit,
814 2310 1070 2391 denique
1117 2312 1292 2372 ctiam
1333 2329 1615 2373 numeros
1654 2312 1977 2390 spatiorum
2016 2319 2291 2374 accurate
2328 2311 2663 2393 adscripsit.
2740 2317 2902 2394 atqui

604 2408 859 2471 Muciani
905 2428 1101 2472 mores
1149 2418 1209 2471 et
1255 2411 1514 2472 facinora
1566 2411 1889 2490 praecipuo
1945 2409 2141 2471 studio
2188 2410 2457 2472 Tacitum
2512 2412 2577 2472 in
2632 2411 2900 2474 historiis

603 2517 983 2587 persecutum
1041 2527 1172 2570 esse
1229 2510 1373 2570 satis
1428 2517 1631 2570 notum
1689 2516 1805 2586 est,
1860 2506 1963 2568 sed
2018 2510 2297 2588 quoniam
2352 2527 2645 2589 nusquam
2694 2528 2899 2573 eorum

603 2609 862 2686 cognitio
907 2625 978 2667 ex
1025 2609 1154 2668 eius
1200 2609 1389 2686 ipsius
1427 2608 1870 2668 commentariis
1917 2625 2048 2667 esse
2084 2605 2290 2667 hausta
2328 2607 2586 2687 uidetur,
2635 2627 2703 2669 ea
2744 2627 2901 2671 nunc

605 2714 873 2786 repetere
921 2705 1257 2786 supersedi,
1315 2707 1458 2766 satis
1505 2707 1619 2766 erit
1664 2704 1931 2766 breuiter
1975 2705 2073 2766 hic
2129 2705 2441 2785 complecti
2502 2709 2784 2786 (Prosop.
2835 2710 2911 2769 II

597 2825 658 2884 p.
699 2805 833 2866 280
849 2823 974 2882 sqq.
1023 2823 1079 2865 η.
1133 2805 1293 2879 147)
1348 2804 1712 2882 Mucianum,
1778 2822 1911 2865 cum
1977 2805 2214 2866 iuuenis
2276 2806 2545 2884 insignes
2609 2807 2900 2868 amicitias

603 2902 912 2965 ambitiose
977 2902 1276 2983 coluisset,
1339 2921 1472 2963 mox
1535 2903 1754 2964 attritis
1814 2901 2045 2981 opibuS,
2106 2901 2333 2964 lubrico
2390 2910 2563 2983 statu,
2620 2913 2897 2984 suspecta

603 3004 780 3063 etiam
829 3001 1058 3063 Claudii
1103 2999 1408 3062 iracundia
1461 3002 1523 3061 in
1573 3008 1871 3062 secretum
1917 3001 2088 3062 Asiae
2146 3003 2469 3082 sepositum
2525 3009 2643 3062 tam
2691 3003 2903 3082 procul

605 3100 675 3162 ab
725 3099 896 3162 exule
943 3100 1128 3161 luisse
1166 3119 1344 3180 quam
1377 3105 1583 3180 postea
1620 3119 1654 3160 a
1689 3101 1961 3180 principe
1992 3100 2165 3174 (Tae.
2194 3103 2328 3161 hist.
2362 3102 2403 3161 I
2432 3101 2565 3179 10),
2614 3111 2741 3164 tum
2790 3101 2899 3162 suh

603 3199 838 3261 Nerone
887 3191 1166 3282 (fortasse
1214 3217 1262 3260 a.
1303 3193 1539 3278 55s808
1587 3205 1649 3259 et
1694 3191 1963 3281 60s813)
2002 3197 2259 3276 legatum
2306 3197 2555 3276 legionis
2602 3198 2715 3260 suh
2756 3199 2895 3261 Cor-

601 3297 820 3359 bulone
865 3299 928 3358 in
975 3297 1250 3358 Armenia
1298 3298 1405 3376 (fr.
1429 3298 1514 3376 7),
1562 3296 1843 3376 deinceps
1890 3302 2023 3376 post
2067 3304 2319 3357 mortem
2368 3295 2621 3358 Neronis
2668 3299 2898 3360 iurasse

603 3396 821 3458 Othoni
885 3403 944 3457 et
1008 3395 1265 3474 Vitellio,
1339 3394 1594 3476 denique
1656 3397 1720 3457 in
1784 3395 2127 3474 Vespasiani
2190 3402 2390 3474 partes
2455 3404 2897 3474 transgressum

601 3495 820 3556 Romae
885 3496 1014 3557 eius
1073 3495 1390 3575 imperium
1453 3493 1788 3556 condidisse
1855 3501 1914 3555 et
1972 3492 2046 3554 ab
2106 3512 2175 3554 eo
2237 3494 2479 3554 fratrem
2540 3493 2898 3574 appellatum

603 3613 876 3674 annoque
925 3589 1159 3676 70s823
1206 3595 1442 3672 iterum,
1492 3588 1728 3672 72J825
1766 3594 2007 3654 tertium
2048 3591 2351 3653 consulem
2390 3593 2705 3654 suffectum
2746 3612 2895 3655 esse.

785 3842 836 3908 1)
873 3837 1142 3908 Borghesi
1186 3837 1418 3892 Oeuvres
1452 3835 1528 3889 IV
1554 3854 1608 3905 p.
1641 3841 1938 3891 343—353.
1996 3835 2054 3889 L.
2086 3835 2275 3889 Brunn
2313 3837 2401 3891 De
2440 3836 2496 3891 0.
2526 3837 2596 3892 L.
2629 3838 2713 3892 M.
2750 3835 2896 3890 Dies.

603 3919 668 3974 Li
709 3937 750 3973 s.
786 3923 936 3973 1870.

668 3937 708 3989 p
783 4001 836 4069 2)
875 3997 1150 4063 Quoniam
1197 3998 1452 4067 Augusto
1497 4001 1829 4066 procurator
1873 4013 1941 4051 ex
1988 3996 2180 4050 Africa
2224 3995 2643 4067 quadringenta
2694 3997 2895 4066 paucis

602 4080 788 4134 minus
835 4078 1088 4150 germina
1135 4095 1202 4133 ex
1247 4095 1360 4132 uno
1406 4093 1583 4147 grano
1629 4078 1787 4132 misit
1822 4077 1987 4148 (Plin.
2016 4095 2071 4131 n.
2100 4077 2154 4130 h.
2190 4082 2272 4142 18,
2302 4079 2391 4146 94)
2430 4079 2531 4131 aut
2573 4075 2896 4146 praefectus

601 4159 850 4232 Aegypti
895 4159 1418 4230 hippocentaurum,
1465 4175 1633 4227 quem
1668 4158 1864 4213 uiuum
1908 4175 1977 4212 ex
2012 4155 2226 4211 Arabia
2262 4159 2575 4226 acceperat,
2610 4159 2895 4212 mortuum

601 4240 1004 4308 conditumque
1032 4238 1246 4310 (Phleg.
1267 4238 1523 4308 Mueller,
1551 4239 1611 4293 F.
1640 4239 1707 4292 H.
1739 4239 1801 4293 G.
1831 4239 1909 4292 111
1944 4257 1998 4308 p.
2022 4241 2166 4308 624),
2196 4235 2445 4292 concinit
2472 4237 2723 4291 studium
2751 4237 2893 4292 talia

599 4321 872 4375 miracula
909 4321 1080 4375 etiam
1120 4319 1536 4373 commentariis
1574 4318 1873 4374 inserendi.
