3234 5034
1363 363 1584 418 VITAE
2500 362 2624 425 139

326 529 558 591 Cordus
615 529 864 592 ridicule
923 550 990 590 ac
1051 529 1230 592 stulte
1287 533 1620 612 composuit
1683 530 1755 592 de
1819 530 2225 611 uoluptatibus
2286 529 2628 592 domesticis

324 630 667 708 ceterisque
722 630 944 690 infimis
1003 627 1198 690 rebuS.
1275 649 1424 709 quae
1473 633 1575 710 qui
1622 630 1771 692 uelit
1816 632 1991 707 scire,
2037 631 2235 710 ipsum
2282 628 2441 708 legat
2485 627 2626 689 Cor-

326 726 486 806 dum,
543 728 648 807 qui
705 726 867 806 dicit,
925 735 986 789 et
1040 747 1188 807 quos
1244 746 1452 788 seruos
1509 727 1785 790 habuerit
1829 729 2243 808 unusquisque
2290 729 2627 808 principum

325 835 386 887 et
432 844 583 906 quos
630 827 852 887 amicos
901 833 962 887 et
1006 835 1152 906 quot
1197 825 1481 906 paenulas
1527 835 1748 906 quotue
1794 827 2109 906 clamydeS,
2156 844 2411 907 quorum
2450 827 2629 887 etiam

270 949 296 988 s
325 927 578 986 scientia
633 924 782 986 nulli
837 927 926 986 rei
980 924 1240 1005 prodest,
1287 926 1339 986 si
1385 924 1627 1005 quidem
1675 943 1742 986 ea
1792 924 2045 987 debeant
2090 927 2154 986 in
2198 925 2443 986 historia
2488 927 2630 1005 poni

326 1020 400 1083 ab
447 1023 895 1103 historiografis,
943 1043 1094 1104 quae
1141 1033 1242 1085 aut
1287 1023 1567 1103 fugienda
1613 1025 1735 1085 sint
1780 1032 1881 1086 aut
1926 1023 2245 1105 sequenda.

511 1115 626 1185 19.
677 1123 848 1184 Max.
889 1131 948 1185 et
984 1124 1154 1185 Balb.
1194 1123 1254 1200 4,
1293 1123 1331 1183 1
1383 1122 1581 1184 Prima
1627 1125 1813 1203 igitur
1857 1124 2065 1185 relatio
2112 1124 2453 1203 principum
2499 1122 2629 1202 fuit,

327 1229 398 1281 ut
452 1219 568 1281 duo
623 1219 908 1283 Gordiani
964 1220 1088 1282 diui
1143 1221 1600 1302 appellarentur.
1686 1221 1869 1302 aliqui
1924 1230 2118 1282 autem
2172 1239 2361 1283 unum
2420 1228 2631 1300 putant

329 1318 704 1399 appellatum,
753 1321 1051 1381 seniorem
1098 1319 1397 1400 uidelicet,
1443 1320 1550 1382 sed
1588 1338 1699 1400 ego
1735 1318 1924 1399 libris,
1970 1338 2119 1399 quos
2156 1319 2364 1381 Iunius
2401 1318 2630 1380 Cordus

251 1441 300 1480 ιο
329 1417 554 1479 affatim
599 1419 858 1498 scripsit,
907 1417 1125 1498 legisse
1171 1420 1418 1480 memini
1465 1417 1671 1481 ambos
1716 1420 1779 1479 in
1827 1417 1969 1480 deos
2016 1418 2249 1498 relatoS,
2288 1421 2341 1479 si
2388 1417 2629 1499 quidem

330 1517 534 1578 senior
580 1515 787 1596 laqueo
835 1518 1019 1578 uitam
1066 1517 1280 1596 finiuit,
1326 1518 1529 1578 iunior
1564 1524 1763 1578 autem
1800 1518 1863 1577 in
1898 1516 2055 1578 bello
2094 1525 2483 1597 consumptus
2520 1524 2629 1596 est,

331 1616 436 1694 qui
474 1617 680 1695 utique
718 1617 1005 1677 maiorem
1043 1623 1308 1676 meretur
1345 1617 1765 1694 reuerentiam,
1804 1615 1961 1696 quod
2000 1634 2136 1677 eum
2163 1614 2387 1677 bellum
2418 1619 2629 1696 rapuit..

515 1707 629 1775 20.
686 1715 867 1775 Gord.
914 1713 1019 1788 22,
1055 1715 1098 1774 2
1163 1713 1330 1774 Tunc
1385 1713 1641 1794 populus
1698 1723 1756 1775 et
1803 1713 2021 1775 milites
2068 1713 2433 1775 Gordianum
2482 1712 2627 1792 [ter-

331 1809 510 1890 tium]
565 1812 882 1892 paruulum
937 1829 1124 1873 annos
1180 1822 1477 1892 agentem,
1534 1821 1599 1873 ut.
1658 1812 1929 1892 plerique
1976 1811 2287 1891 adserunt,
2336 1811 2631 1891 undecim,

251 1934 303 1974 ιε
331 1918 399 1971 ut
445 1909 742 1990 nonnulli,
789 1909 1103 1989 tredecim,
1160 1919 1226 1971 ut
1271 1910 1477 1972 lunius
1524 1909 1753 1972 Cordus
1801 1909 1972 1990 dicit,
2018 1909 2307 1989 sedecim,
2354 1928 2491 1971 nam
2540 1911 2630 1971 ui-

332 2009 599 2072 censimo
664 2016 725 2068 et
788 2007 1049 2070 secundo
1117 2027 1270 2069 anno
1335 2027 1472 2070 eum
1537 2011 1767 2089 perisse
1834 2008 2082 2090 adserit,
2136 2011 2506 2090 petiuerunt,
2566 2015 2629 2068 ut

331 2105 552 2169 Caesar
596 2106 1008 2187 appellaretur,
1056 2115 1380 2187 raptusque
1428 2107 1499 2168 ad
1546 2115 1817 2168 senatum
1857 2115 2034 2187 atque
2080 2107 2219 2169 inde
2256 2109 2319 2168 in
2356 2108 2631 2167 contione

333 2207 564 2286 positus
611 2205 957 2267 indumento
1003 2207 1387 2286 imperatorio
1432 2213 1627 2267 tectus
1674 2205 1891 2266 Caesar
1937 2213 2029 2267 est
2075 2211 2468 2286 nuncupatus.

515 2297 630 2366 21.
680 2305 853 2366 Max.
891 2312 950 2366 et
985 2305 1156 2367 Balb.
1197 2305 1302 2381 12,
1338 2305 1383 2364 3
1444 2304 1577 2384 lpse
1644 2311 1843 2365 autem
1908 2303 2247 2365 Maximus
2302 2301 2631 2384 Aquileiam
2670 2285 2774 2362 2⁸3

251 2425 306 2465 zo
330 2401 556 2463 ideirco
603 2413 952 2482 accesserat,
999 2410 1066 2464 ut
1111 2404 1310 2464 omnia
1355 2409 1480 2463 tuta
1526 2409 1588 2463 et
1632 2403 1863 2482 integra
1898 2421 2097 2482 usque,
2130 2401 2203 2463 ad
2239 2401 2415 2482 Alpes
2453 2400 2631 2463 relin·
2670 2374 2767 2423 ⁹⁹¹

334 2509 548 2581 queret
610 2519 704 2579 ac,
769 2501 820 2560 si
876 2518 1026 2581 quae
1082 2509 1284 2563 essent
1345 2499 1760 2580 barbarorum,
1817 2503 1921 2581 qui
1974 2499 2291 2561 Maximino
2345 2499 2634 2579 fauet-ant,

333 2597 642 2679 reliquiae,
697 2607 1118 2678 compesceret.
1194 2601 1363 2661 missi
1419 2607 1560 2662 sunt
1614 2598 1871 2680 denique
1928 2598 1999 2660 ad
2057 2617 2193 2660 eum
2239 2597 2417 2678 legati
2464 2617 2633 2660 sena-

333 2705 497 2758 tores
549 2698 781 2776 uiginti,
837 2715 1088 2777 quorum
1145 2699 1386 2759 nomina
1440 2707 1578 2759 sunt
1624 2697 1778 2777 apud
1826 2696 2083 2778 Cordum
2132 2689 2226 2782 (in
2280 2697 2374 2758 his
2422 2714 2633 2757 consu-

334 2795 492 2856 lares
557 2803 852 2875 quattuor,
912 2797 1194 2876 praetorii
1252 2805 1402 2874 octo,
1467 2804 1603 2858 octo
1659 2789 2015 2879 quaestorii)
2072 2814 2207 2856 cum
2273 2796 2509 2856 coronis
2575 2801 2635 2855 et

252 2915 305 2956 π
334 2901 577 2956 senatus
643 2893 936 2974 consulto,
1000 2895 1065 2955 in
1128 2913 1246 2974 quo
1311 2896 1368 2955 ei
1432 2902 1659 2954 statuae
1732 2901 1972 2955 auratae
2049 2901 2357 2974 equestres
2428 2892 2633 2954 decer-

333 2991 648 3054 nebantur.

2665 1083 2771 1164 ἓξ
2814 1113 2819 1117 .

2668 1173 2767 1222 991

2666 1693 2772 1772 2-3-8

2668 1783 2767 1832 991

515 3086 626 3155 22.
680 3093 861 3154 Gord.
891 3093 997 3168 26,
1027 3092 1065 3152 1
1114 3091 1251 3153 Fuit
1275 3099 1473 3153 terrae
1501 3099 1697 3153 motus
1733 3110 1805 3153 eo
1843 3109 2033 3172 usque
2071 3092 2274 3170 grauis
2302 3091 2633 3170 imperante
2672 3065 2777 3145 3⁴2¹.

336 3189 694 3251 Gordiano
753 3189 1054 3270 [tertio],
1098 3197 1166 3251 ut
1219 3192 1481 3252 ciuitatis
1537 3192 1712 3252 etiam
1764 3199 1961 3252 terrae
2004 3190 2171 3251 hiatu
2216 3207 2351 3250 cum
2400 3187 2632 3268 populis
2672 3155 2775 3204 994

337 3287 706 3368 deperirent,
760 3285 836 3348 ob
883 3304 1034 3367 quae
1083 3289 1372 3349 sacrificia
1415 3306 1529 3368 per
1573 3295 1754 3350 totam
1802 3286 2014 3350 urbem
2060 3295 2369 3368 totumque
2425 3285 2632 3347 orbem

253 3407 308 3448 so
335 3395 634 3448 terrarum
679 3387 942 3466 ingentia
989 3384 1284 3448 celebrata
1329 3394 1485 3448 sunt.
1559 3394 1620 3448 et
1657 3386 1887 3449 Cordus
1934 3385 2172 3466 quidem
2218 3385 2364 3447 dicit
2398 3386 2633 3465 inspec-

335 3485 415 3546 tis
461 3483 632 3545 libris
671 3483 974 3564 Sibyllinis
1020 3483 1452 3565 celebratisque
1507 3484 1810 3563 omnibuS,
1866 3504 2017 3565 quae
2072 3483 2195 3546 illic
2218 3555 2223 3562 ¹
2250 3487 2411 3546 iussa
2465 3482 2632 3545 uide-

334 3581 572 3663 bantur,
617 3583 982 3645 mundanum
1027 3583 1247 3645 malum
1294 3601 1425 3644 esse
1473 3582 1759 3644 sedatum.

517 3755 617 3812 la.
667 3756 749 3824 Cf.
783 3757 951 3812 Gord.
985 3761 1072 3822 16,
1101 3759 1136 3810 4
1191 3755 1298 3810 Hic
1343 3755 1525 3812 ‚exitus
1571 3755 1810 3810 duorum
1856 3753 2265 3810 Gordianorum
2310 3753 2445 3821 fuit,
2492 3771 2633 3823 quos

337 3827 534 3882 ambos
569 3830 799 3882 senatus
834 3828 1120 3897 Augustos
1159 3825 1476 3897 appellauit
1511 3829 1570 3882 et
1604 3829 1807 3897 postea.
1842 3826 1990 3881 inter
2026 3827 2188 3880 diuos
2224 3825 2461 3881 rettulit.

517 4015 575 4075 4.
623 4007 878 4094 quotue]
923 4015 1085 4091 quod
1129 4015 1227 4073 uel
1262 4014 1322 4074 P
1492 4007 1706 4094 etiam]
1750 4017 1954 4096 tamen
1990 4015 2297 4074 Baehrens

519 4096 636 4184 19,
687 4106 742 4163 7.
788 4098 1156 4186 principum]
1192 4104 1453 4180 primum
1490 4104 1550 4164 P
1736 4106 1836 4164 12.
1883 4108 2126 4164 uei-etur
2160 4104 2218 4162 P
2388 4101 2549 4162 bella.
2584 4103 2641 4162 P

334 4194 556 4255 bellum
593 4196 806 4269 sm'psi
849 4193 1100 4254 Bellona.
1133 4194 1516 4254 Kellerbauer

516 4275 633 4363 21,
685 4287 784 4343 19.
831 4282 1188 4343 maximinus
1226 4282 1283 4341 P
1457 4284 1557 4343 24.
1605 4285 1815 4346 octoss*
1854 4283 1913 4342 P
1940 4275 2173 4366 (octoso
2202 4273 2445 4364 Bamb.)
2480 4284 2631 4354 octo,

335 4375 470 4435 octo
515 4375 726 4448 semp-si
907 4373 1009 4434 25.
1057 4371 1394 4433 consultum
1430 4371 1488 4432 P
