3234 5034
941 339 1373 394 IMPERATOR.
1408 339 1965 396 CONSTANTINVS
2487 340 2613 407 155

659 524 1084 598 TVRDVLI
1141 524 1663 599 GALLIGAM
1718 525 2273 601 EPHEMERIS

500 683 566 748 l.
628 688 766 765 Vop.
818 689 1000 750 Proh.
1037 688 1100 766 3,
1137 688 1181 748 4
1248 687 1441 748 Vnum
1506 695 1705 748 tamen
1773 687 1929 766 dico,
1990 689 2147 768 quod
2211 690 2274 748 in
2338 689 2612 768 epheme-

316 785 445 846 ride
493 783 710 864 legisse
759 804 854 846 me
901 787 1166 866 memini,
1203 805 1237 846 a
1284 785 1526 846 Claudia
1572 804 1778 847 sorore
1824 786 2083 848 Probum
2130 787 2445 867 sepultum.

495 878 564 947 2.
627 885 766 962 Vop.
807 885 988 946 Proh.
1027 886 1087 965 5,
1126 885 1163 945 1
1241 883 1314 946 Et
1375 884 1522 945 haec
1587 883 1829 965 quidem
1894 885 2165 966 epistulis
2222 885 2613 947 declarantur.

316 1000 477 1042 nunc
525 990 812 1061 quantum
859 1000 930 1042 ex
979 982 1359 1062 ephemeride
1408 983 1605 1061 colligi
1653 986 1871 1062 potuit:
1920 1002 2055 1044 cum
2093 982 2249 1045 hello
2288 983 2614 1045 Sarmatico

259 1093 284 1134 5
315 1082 432 1141 iam
479 1079 759 1141 tribunus
806 1083 1082 1142 tramisso
1127 1080 1396 1142 Danubio
1453 1081 1637 1143 multa
1686 1081 1918 1143 fortiter
1964 1083 2221 1162 fecisset,
2268 1081 2505 1162 publice
2554 1084 2614 1143 in

315 1179 592 1239 contione
669 1177 920 1240 donatus
985 1187 1076 1240 est
1139 1179 1326 1241 hastis
1389 1182 1558 1258 puris
1624 1187 1927 1260 quattuor,
1993 1182 2227 1242 coronis
2291 1179 2615 1242 uallaribus

317 1275 564 1356 duabus,
611 1295 828 1338 corona
875 1279 1064 1338 ciuica
1111 1297 1246 1357 una,
1292 1277 1530 1340 uexillis
1576 1281 1745 1358 puris
1792 1286 2088 1359 quattuor,
2134 1279 2383 1340 armillis
2419 1282 2616 1340 aureis

317 1373 571 1454 duabus,
639 1383 852 1455 torque
919 1394 1098 1436 aureo
1161 1395 1299 1456 uno,
1364 1384 1568 1456 patera
1635 1375 1949 1438 sacrificali
2013 1376 2417 1457 quinquelibri
2479 1397 2615 1438 uua.

316 1492 432 1553 quo
491 1472 734 1552 quidem
781 1480 1048 1553 tempore
1094 1473 1391 1536 Valerium
1442 1473 1803 1554 Flaccinum,
1851 1475 2291 1537 adulescentem
2339 1475 2616 1556 nobilem,

229 1585 286 1626 ιο
313 1577 626 1651 parentem
664 1571 976 1651 Valeriani,
1023 1591 1055 1632 e
1094 1571 1434 1644 Quadorum
1472 1571 1751 1634 liberauit
1786 1591 1984 1653 manu,
2030 1573 2188 1634 unde
2236 1573 2323 1634 illi
2358 1573 2615 1635 Valeria·

315 1689 428 1731 nus
479 1688 758 1730 coronam
799 1672 1049 1731 ciuicam
1091 1670 1318 1732 detulit.
1382 1670 1568 1731 uerba
1598 1670 1893 1732 Valeriani
1931 1690 2038 1750 pro
2079 1673 2351 1733 contione
2389 1671 2616 1733 habita:

318 1765 610 1847 ‘Suscipe,
656 1767 866 1847 Probe,
911 1770 1176 1848 praemia
1230 1787 1338 1848 pro
1387 1767 1707 1850 republica,
1754 1771 1991 1849 suscipe
2039 1788 2315 1831 coronam
2363 1771 2615 1831 ciuicam

315 1885 424 1946 pro
469 1864 762 1946 parente?

411 2116 1066 2190 IMPERATORIS
1121 2116 1777 2190 CONSTANTINI
1834 2117 2510 2192 COMMENTARII

498 2271 564 2340 l.
613 2277 830 2340 Ioann.
869 2279 1021 2356 Lyd.
1061 2281 1136 2340 de
1179 2297 1338 2356 may.
1369 2279 1448 2340 II
1475 2279 1564 2340 30
1585 2297 1657 2357 p.
1684 2279 1773 2340 85
1808 2280 1893 2340 W.
1937 2272 2190 2359 Ὥσπερ
2245 2273 2617 2361 ἀρχέτυπον

227 2399 282 2439 15
315 2367 496 2449 εἶδος
541 2371 582 2456 ἡ
627 2373 856 2456 μονάς,
910 2372 1326 2459 παράδειγμα
1382 2369 1457 2439 δὲ
1510 2373 1803 2457 μονάδος
1857 2373 1961 2457 ἕν,
2018 2373 2228 2450 οὕτως
2274 2373 2348 2439 έν
2392 2394 2617 2458 προοι-

313 2475 494 2554 μίοις
539 2469 580 2554 ἡ
627 2468 783 2535 καθ’
835 2469 1004 2554 ἡμᾶς
1050 2470 1388 2555 εὐδαίμων
1433 2473 1623 2548 πόλις
1667 2481 1783 2556 τῆς
1827 2475 1969 2538 τότε
2016 2481 2237 2537 πᾶσαν
2283 2471 2615 2556 ὑπεροχὴν

314 2569 745 2653 ἐκβεβηκυίας
771 2565 1019 2653 Ῥώμης
1064 2568 1408 2652 ἐνομίσθη.
1477 2569 1645 2634 οθεν
1682 2568 1717 2632 ὁ
1758 2573 2269 2646 Κωνσταντῖνος
2315 2569 2616 2654 οὐδαμοῦ

310 2667 444 2754 πρὸ
491 2674 609 2750 τῆς
654 2663 752 2731 ἐπ’
807 2665 975 2752 αὐτῇ
1030 2679 1594 2752 κονσεκρατιῶνος
1651 2665 1851 2752 (οὕτω
1918 2665 1991 2732 δὲ
2055 2668 2178 2752 τὴν
2233 2666 2617 2733 ἀποθέωσιν

297 2763 614 2848 Ῥωμαῖοι
667 2761 1271 2852 προσαγορεύουσι)
1309 2763 1562 2850 Ῥώμην
1615 2765 1774 2830 νέαν
1830 2767 2171 2831 δείκνυται
2216 2771 2458 2849 καλῶν,
2503 2765 2615 2830 κά-

221 2892 278 2932 20
311 2879 482 2946 στρα
539 2858 614 2928 δὲ
669 2860 780 2928 καὶ
835 2863 1046 2946 αὐτὴν
1093 2869 1203 2928 ἴσα
1247 2873 1391 2940 ταῖς
1435 2865 1667 2940 ἄλλαις
1712 2873 1847 2928 τῶν
1894 2874 2154 2951 χωρῶν·
2200 2861 2309 2928 καὶ
2356 2863 2615 2928 τούτων

310 2963 398 3025 ἄν
444 2983 548 3036 τις
594 2957 1006 3044 ἐπιστήσεται
1054 2971 1194 3038 τοῖς
1241 2960 1551 3046 ἐλέγχοις,
1597 2963 1657 3026 εἰ
1704 2972 1846 3038 ταῖς
1893 2961 2215 3039 ὸιαλέξεσι
2258 2965 2615 3026 Κωνσταν-

309 3063 527 3142 τίνου,
565 3057 644 3134 ἃς
689 3058 886 3134 αὐτὸς
935 3061 1144 3146 οἰκείᾳ
1191 3070 1380 3146 φωνῇ
1429 3060 1685 3144 γράψας
1731 3058 2186 3144 ἀπολέλοιπεν,
2231 3058 2613 3136 ἐπεύξεται.

495 3155 562 3222 2.
609 3161 828 3222 Ioann.
857 3162 1011 3238 Lyd.
1041 3163 1117 3222 de
1151 3179 1310 3238 may.
1341 3163 1456 3223 III
1482 3163 1572 3223 33
1604 3180 1673 3240 p.
1705 3162 1833 3222 121
1881 3163 1963 3223 W.
2020 3159 2282 3241 Συρίαν
2328 3153 2403 3222 δὲ
2450 3157 2616 3240 ’ὅλην

305 3253 424 3320 καὶ
473 3256 935 3339 Παλαιστίνην
963 3293 1050 3302 -
1090 3255 1400 3341 ἐπαρχίας
1446 3255 1793 3334 ἀναδείξας
1832 3258 2320 3338 [Constantinus]
2370 3254 2613 3340 ἐδεήθη

217 3383 276 3424 2⁵
309 3353 621 3439 ὕπαρχον
681 3353 843 3437 μετὰ
906 3353 1026 3419 τὸν
1072 3354 1327 3437 Λιβύης
1390 3351 1500 3419 καὶ
1567 3357 1896 3431 Γαλατίας
1944 3352 2309 3441 Ἰλλυρίδος
2372 3377 2443 3418 τε
2504 3353 2615 3419 καὶ

297 3449 587 3527 Ἰταλίας
629 3448 742 3516 καὶ
786 3461 901 3536 τῆς
957 3449 1122 3540 ἑῴας
1167 3454 1744 3538 προχειρίσασθαι,
1793 3455 2251 3536 σκεπτόμενος,
2291 3452 2381 3528 ὡς
2418 3452 2615 3529 αὐτὸς

307 3549 350 3614 ὁ
397 3551 712 3633 βασιλεὺς
759 3548 833 3615 ἐν
877 3560 1016 3626 τοῖς
1063 3547 1303 3616 ἑαυτοῦ
1362 3549 1534 3634 λέγει
1584 3550 2072 3634 συγγράμμασι,
2122 3549 2415 3634 Πέρσαις
2462 3549 2612 3615 ἀδο-

306 3647 527 3730 κήτως
582 3645 910 3713 ἐπελθεῖν.
985 3649 1303 3733 ἠπίστατο
1368 3649 1494 3735 γὰρ
1551 3651 2080 3732 Κωνσταντῖνος,
2134 3651 2343 3723 πολὺς
2398 3647 2495 3712 ὢν
2539 3644 2615 3712 ἒν

306 3767 384 3809 τε
429 3745 773 3810 παιδεύσει
820 3749 1040 3830 λόγων
1084 3747 1194 3812 καὶ
1232 3749 1633 3831 συνασκήσει
1672 3747 1897 3812 ὅπλων
1926 3786 2009 3794 -
2038 3747 2129 3831 μὴ
2167 3738 2339 3810 εἶναι
2376 3741 2612 3830 ῥᾴδιον

205 3874 279 3916 ω
310 3845 536 3920 ἄλλως
586 3851 1212 3930 καταπολεμηθῆναι
1271 3845 1537 3931 Πέρσας
1585 3847 1678 3930 μὴ
1724 3843 2029 3929 ἐξαπίνης
2084 3843 2310 3920 αὐτοῖς
2365 3842 2612 3928 ἐπιχεο-

307 3939 516 4026 μένης
561 3941 835 4026 ἐφόδου.

493 4101 552 4156 1.
599 4101 838 4157 Turduli
877 4102 1163 4158 Gallicani
1196 4103 1579 4173 ephemeridem
1615 4101 1770 4168 dicit,
1805 4101 1922 4156 uid.
1952 4119 1995 4156 ε.
2020 4117 2220 4171 120011.

496 4245 564 4334 l,
615 4255 718 4314 22.
761 4249 1200 4314 καταλέλοιπειν
1244 4257 1389 4315 eom.
1419 4254 1651 4314 Bekker

492 4337 560 4424 2,
609 4345 712 4404 26.
758 4341 1243 4424 προχωρίσασθαι
1288 4345 1410 4404 cod.
1441 4361 1544 4404 em.
1575 4344 1753 4405 Fue-5.
