3234 5034
1102 362 1333 417 VRBES
1370 363 1708 418 ITALICAE
2109 413 2114 420 ‚
2470 362 2563 426 73

430 523 501 592 3.
557 531 699 592 Gen.
730 530 775 591 Ῑ
807 531 896 591 14
960 529 1145 591 Iulius
1199 528 1467 609 Hyginus
1521 532 1583 590 in
1631 528 1785 590 libro
1835 529 1906 592 de
1951 532 2079 592 uita
2126 529 2424 610 rebusque
2471 533 2562 591 in·-

241 625 533 688 lustrium
569 629 841 690 uirorum
880 634 1049 689 sexto
1085 627 1311 707 legatos
1350 627 1495 688 dicit
1532 645 1564 688 a
1595 626 1962 690 Samnitibus
2000 627 2075 688 ad
2112 628 2173 689 C.
2204 628 2564 710 Fabricium,

242 727 676 805 imperatorem
714 725 921 806 populi
956 725 1225 805 Romani,
1271 727 1513 786 uenisse
1561 732 1622 785 et
1665 727 2009 788 memoratis
2053 726 2258 789 multis
2305 729 2562 807 magnis-

243 841 365 904 que
414 823 617 904 rebus,
665 842 818 904 quae
864 823 1019 885 bene
1067 842 1136 885 ac
1182 822 1461 885 beniuole
1506 831 1644 903 post
1689 823 1982 886 redditam
2025 843 2234 904 pacem
2283 823 2564 887 Samniti-

188 941 215 984 s
242 921 361 983 hus
429 922 701 1002 fecisset,
764 920 1054 1002 optulisse
1121 921 1274 982 dono
1338 921 1624 1000 grandem
1689 925 2004 1003 pecuniam
2065 942 2414 1003 orasseque,
2474 925 2566 985 uti

244 1022 545 1100 acciperet
606 1027 1029 1100 utereturque,
1095 1028 1273 1100 atque
1338 1019 1400 1080 id
1465 1020 1664 1080 facere
1729 1020 2024 1082 Samnites
2090 1020 2339 1100 dixisse,
2406 1020 2565 1100 quod

241 1116 531 1180 uiderent
572 1118 761 1179 multa
808 1118 882 1179 ad
928 1116 1309 1197 splendorem
1360 1117 1569 1179 domus
1627 1125 1805 1197 atque
1849 1121 2049 1180 uictus
2105 1118 2314 1181 defleri
2368 1136 2564 1198 neque

244 1235 357 1296 pro
420 1215 813 1296 amplitudine
870 1216 1275 1296 dignitateque
1332 1215 1559 1277 lautum
1615 1225 1887 1296 paratum
1942 1235 2094 1278 esse.
2177 1227 2304 1280 tum
2361 1217 2565 1278 Fabri-

247 1317 411 1376 cium
468 1314 675 1394 planas
730 1333 945 1376 manus
998 1313 1074 1376 ab
1131 1313 1376 1375 auribus
1438 1312 1511 1374 ad
1566 1313 1770 1376 oculos
1825 1323 1887 1375 et
1940 1315 2096 1376 infra
2153 1315 2434 1396 deinceps
2490 1313 2566 1376 ad

166 1433 219 1474 ιο
246 1430 429 1473 nares
479 1419 541 1473 et
585 1412 659 1473 ad
706 1431 773 1474 os
821 1420 884 1474 et
930 1411 1002 1473 ad
1050 1412 1247 1492 gulam
1295 1419 1473 1490 atque
1520 1410 1662 1473 inde
1707 1429 1888 1491 porro
1935 1412 2009 1474 ad
2053 1421 2331 1474 uentrem
2376 1415 2564 1474 imum

250 1509 575 1572 deduxisse
632 1517 695 1572 et
740 1510 951 1590 legatis
998 1511 1081 1571 ita
1128 1509 1535 1590 respondisse:
1584 1508 1728 1570 dum
1773 1509 1892 1572 illis
1937 1509 2215 1572 omnibus
2259 1511 2566 1591 membris,

248 1626 403 1688 quae
462 1610 782 1688 attigisset,
838 1609 1132 1688 opsistere
1188 1614 1366 1688 atque
1420 1609 1718 1688 imperare
1764 1616 1983 1688 posset,
2029 1626 2352 1687 numquam
2399 1611 2565 1688 quic·

247 1725 430 1786 quam
498 1704 871 1787 defuturum3
934 1713 1251 1785 propterea
1318 1724 1383 1766 se
1446 1707 1783 1785 pecuniam,
1847 1725 1965 1785 qua
2030 1706 2178 1766 nihil
2235 1705 2350 1768 sibi
2406 1715 2568 1768 esset

245 1822 417 1884 usus,
465 1802 540 1865 ab
585 1804 701 1884 his,
748 1803 967 1884 quibus
1014 1822 1147 1865 eam
1192 1805 1378 1864 sciret
1422 1806 1562 1865 usui
1609 1821 1760 1882 esse,
1806 1821 1924 1864 non
1972 1805 2262 1884 accipere.

168 1923 218 1963 ιι
431 1897 503 1966 4.
560 1903 705 1965 Gen.
749 1903 841 1964 VI
872 1903 929 1978 1,
948 1903 1001 1963 -2
1058 1901 1207 1962 Nam
1246 1910 1307 1963 et
1344 1901 1406 1962 C.
1435 1901 1666 1982 Oppius
1704 1910 1764 1963 et
1799 1901 1986 1964 Iulius
2021 1901 2290 1982 Hyginus
2327 1902 2568 1982 aliique,

250 2003 357 2081 qui
384 2000 463 2062 de
488 2002 614 2062 uita
644 2008 708 2062 et
734 1999 916 2062 rebus
944 2000 1207 2061 Africani
1234 2002 1627 2080 scripserunt,
1657 2007 1717 2060 et
1745 2019 1800 2080 q.
1823 2019 1868 2062 s.
1891 2003 2015 2062 uid.
2047 2000 2191 2078 Opp.
2206 2002 2292 2078 fr.
2312 2001 2438 2078 212.
2459 2002 2566 2062 46.

1058 2143 1319 2204 VRBES
1366 2143 1750 2204 ITALIOAE

435 2263 556 2331 5²⁸.
603 2269 779 2330 Seru.
820 2270 907 2329 ad
941 2269 1092 2329 Aen.
1122 2269 1165 2330 I
1192 2269 1326 2328 530
1390 2267 1673 2328 Ceterum
1719 2267 1884 2329 Italia
1931 2267 2222 2347 Hesperia
2267 2267 2487 2329 dicitur
2531 2287 2565 2329 a

246 2368 439 2428 fratre
476 2365 746 2445 AtlantiS,
794 2367 898 2445 qui
944 2365 1154 2445 pulsus
1201 2385 1234 2425 a
1280 2383 1560 2444 germano
1607 2365 1835 2426 Italiam
1882 2368 2077 2426 tenuit
2121 2368 2297 2445 eique
2344 2384 2564 2427 nomen

245 2466 543 2545 pristinae
590 2465 853 2542 regionis
898 2463 1181 2542 inposuit,
1228 2470 1297 2524 ut
1340 2462 1609 2542 Hyginus
1650 2462 1837 2525 docet.

170 2579 221 2619 ιο
434 2556 554 2625 6*.
602 2562 882 2624 Mac-rob.
920 2571 1034 2622 sat.
1074 2562 1115 2621 I
1148 2562 1206 2638 7,
1237 2561 1322 2622 19
1367 2560 1692 2640 Regionem
1739 2563 1932 2641 istam,
1979 2579 2132 2641 quae
2180 2581 2342 2624 nunc
2384 2580 2564 2623 uoca-

248 2671 353 2723 tur
396 2659 585 2742 ltalia,
630 2677 816 2738 regno
859 2658 1039 2721 lanus
1086 2661 1361 2739 optinuit,
1406 2661 1526 2739 qui,
1562 2667 1631 2720 ut
1668 2658 1934 2739 Hyginus
1971 2659 2361 2722 Protarchum
2399 2660 2564 2721 Tral-

248 2758 479 2821 lianum
536 2765 780 2819 secutus
834 2757 1043 2836 tradit,
1100 2775 1237 2818 cum
1284 2756 1531 2818 Camese
1578 2775 1768 2837 aeque
1815 2757 2094 2836 indigena
2140 2765 2364 2820 terram
2409 2758 2564 2820 hanc

249 2860 333 2919 ita
380 2858 734 2937 participata
781 2857 1045 2935 potentia
1090 2854 1499 2934 possidebant,
1546 2863 1614 2916 ut
1660 2857 1825 2935 regio
1873 2855 2224 2935 Camasene,
2280 2856 2565 2936 oppidum

433 3008 496 3064 8.
537 3009 621 3076 Of.
651 3008 775 3064 Vaz.
808 3009 971 3063 Mam.
1000 3009 1103 3064 IV
1122 3012 1175 3075 3,
1205 3014 1241 3062 6
1285 3007 1442 3062 Idem
1480 3007 1661 3062 sensit
1687 3007 1980 3062 Fabricius
2009 3005 2300 3077 Luscinus,
2340 3008 2565 3064 honori-

248 3083 359 3137 bus
386 3083 450 3135 et
474 3079 821 3135 auctoritate
850 3079 1003 3134 omni
1040 3078 1277 3134 ciuitate
1314 3077 1666 3150 temporibus
1702 3080 1819 3133 suis
1856 3079 2053 3135 maior.
2093 3095 2264 3134 censu
2343 3096 2406 3134 ar
2439 3079 2566 3134 uni-

251 3153 461 3222 cuique
486 3149 867 3221 pauperrime,
886 3149 985 3220 qni
1004 3167 1041 3204 a
1061 3149 1426 3219 Samnitibus,
1447 3166 1587 3220 quos
1619 3149 1912 3205 uniuersos
1930 3150 1992 3203 in
2011 3150 2278 3206 clientela
2335 3151 2564 3220 abebat,

251 3225 451 3280 decem
477 3224 640 3279 ms'lia
668 3221 815 3276 aeris
844 3225 904 3276 et
931 3221 1180 3292 quinque
1206 3220 1394 3304 pondo
1424 3239 1489 3275 ar
1560 3221 1646 3275 nti
1677 3224 1736 3275 et
1764 3221 1960 3278 decem
1988 3238 2177 3277 seruos
2215 3220 2326 3276 sibi
2363 3221 2564 3278 missos

249 3295 309 3349 in
340 3294 635 3349 Samnium
662 3293 899 3358 remisit,
929 3292 1311 3348 continentiae
1341 3309 1475 3346 suae
1545 3292 1778 3348 eneficio
1817 3293 1940 3348 sine
1975 3292 2218 3362 pecunia
2243 3294 2564 3364 praediues,

250 3367 377 3422 sine
413 3383 523 3420 usu
558 3363 815 3419 familiae
845 3363 1072 3419 abunde
1100 3362 1421 3431 comitatus,
1450 3364 1587 3433 quia
1613 3363 1952 3434 locupletem
1983 3364 2147 3419 illum
2173 3364 2425 3420 faciebat
2450 3382 2565 3420 non

247 3437 437 3493 multa
463 3435 769 3506 possidere,
800 3435 899 3490 sed
926 3434 1151 3490 modica
1178 3433 1514 3490 desiderare.
1567 3437 1813 3492 Ceterum
1839 3454 1925 3492 res
1951 3443 2028 3492 est
2053 3453 2214 3506 saepe
2241 3438 2562 3493 declamata.

435 3508 496 3564 5.
536 3508 819 3576 Hesperus
842 3508 1021 3575 frater
1040 3507 1291 3562 Atlantis
1330 3506 1537 3562 dicitur
1564 3508 1730 3562 etiam
1767 3511 1830 3562 in
1856 3508 2056 3575 fabula
2082 3508 2329 3563 Diodori
2352 3509 2453 3563 IV
2469 3513 2566 3576 27,

250 3598 395 3650 quae
431 3587 617 3634 tamen
654 3581 781 3648 ipsa
817 3579 938 3633 alia
972 3585 1063 3633 est.

434 3650 497 3706 6.
534 3651 635 3706 Ex
674 3650 965 3705 Macrobio
1004 3649 1275 3722 Cynthius
1310 3651 1375 3702 in
1414 3649 1566 3720 Ver-9.
1587 3651 1730 3706 Aen.
1759 3651 1800 3704 Ι
1829 3655 1957 3705 294.
1994 3681 2062 3692 -
2101 3651 2328 3706 Fabula
2365 3668 2393 3706 e
2425 3652 2565 3706 Pro-

250 3725 443 3780 tan-1⁸0
486 3723 719 3788 hausta,
764 3721 831 3776 ds
868 3737 975 3790 quo
1018 3721 1163 3775 πολεῖ
1207 3721 1540 3789 accepimus,
1592 3722 1692 3776 hoc
1735 3722 1850 3776 solo
1897 3723 2012 3777 loco
2057 3723 2348 3778 inuenitur
2355 3743 2377 3789 ;
2426 3739 2566 3790 quae
2676 3717 2686 3726 ”

248 3800 560 3866 sequuntur
602 3793 671 3848 de
715 3793 861 3848 Iano
905 3792 1253 3860 Saturnoque
1306 3792 1541 3862 uulyata
1593 3799 1725 3847 sunt
1764 3793 2030 3859 (Roscher
2067 3793 2254 3848 Leaeic.
2291 3793 2334 3846 I
2361 3810 2403 3848 c.
2433 3797 2564 3849 848.

250 3868 329 3922 ΙΙ
350 3883 395 3920 c.
424 3869 505 3919 22
518 3870 645 3934 aq),
678 3865 924 3931 sors-itan
959 3881 998 3918 α
1036 3865 1295 3919 Varrone.

437 4007 508 4095 3,
550 4019 604 4074 1.
642 4012 1010 4074 industrium
1038 4014 1159 4072 cod.
1187 4015 1382 4073 Paris.
1496 4015 1553 4072 8.
1583 4008 1896 4092 paratum]
1928 4033 1964 4082 ς
2001 4019 2217 4093 patum
2247 4014 2566 4091 R(otterd.)

253 4108 655 4183 paratumque
696 4104 824 4164 Vat.
853 4102 1047 4161 Paris.
1227 4104 1289 4161 et
1323 4105 1455 4162 tum
1483 4103 1543 4162 R
1729 4107 1785 4163 9.
1834 4107 1895 4162 et
1940 4122 2046 4163 om.
2077 4103 2138 4162 R

437 4186 509 4272 6,
549 4196 653 4254 21.
689 4192 934 4272 higinus
962 4189 1214 4266 Patris.)
1341 4194 1439 4250 22.
1480 4209 1714 4272 camese
1743 4191 1800 4250 P
1923 4195 2022 4253 23.
2063 4211 2370 4254 camessne
2403 4195 2565 4270 aula.

256 4283 583 4344 Camasens
624 4285 800 4343 etiami
823 4279 992 4340 Seru.
1021 4283 1089 4339 in
1119 4281 1283 4354 Very.
1312 4279 1460 4340 Aen.
1494 4281 1675 4340 VIII
1701 4283 1848 4341 330.
1892 4282 2064 4343 Ioan.
2094 4282 2248 4357 Lyd.
2279 4283 2351 4342 de
2384 4301 2564 4344 mm.
