3234 5034
1208 353 1266 407 1..
1307 352 1690 408 ARRVNTIV
1691 353 1728 408 S
2532 353 2615 415 41

652 557 771 640 «Χ
1016 519 1088 594 C.
1127 519 1357 594 ATEI
1411 518 1925 594 PHILOLOGI

581 645 1097 903 BREVNNRIVM
1141 683 1425 744 RERVM
1472 682 1799 743 OMNIVM
1843 679 2363 743 ROMANARVM

495 833 614 904 1²¹⁵.
664 843 839 902 Seru.
872 861 912 903 α
958 849 1091 904 ctus
1129 845 1218 905 ad
1254 845 1430 922 Vera.
1461 845 1611 906 Aen.
1643 842 1687 903 I
1713 843 1846 904 273
1890 842 2096 903 Ateius
2125 842 2348 903 adserit
2373 841 2620 904 Romam

310 946 447 1000 ante
496 938 821 1000 aduentum
869 939 1133 1002 Euandri
1182 941 1281 1020 diu
1319 940 1646 1002 Valentiam
1692 942 2028 1021 uocitatam,
2075 940 2180 1001 sed
2225 948 2359 1021 post
2396 940 2620 1004 Graeco

308 1039 551 1098 nomine
597 1036 828 1099 Romen
873 1041 1207 1100 uocitatam.

744 1233 816 1308 C.
872 1233 1238 1308 SVLPICI
1296 1233 1680 1308 GALBAE
1735 1233 2191 1308 HISTORIA

496 1405 563 1475 1.
612 1415 770 1474 Plut.
812 1413 983 1475 Rom.
1024 1415 1112 1474 17
1164 1409 1374 1476 Ἑάλω
1424 1406 1499 1475 δὲ
1544 1407 1656 1474 καὶ
1704 1412 1869 1491 [cum
1913 1416 2052 1487 filia
2105 1413 2396 1492 Tarpeia]
2453 1413 2620 1495 Ταρ-

260 1527 283 1569 ⁶
310 1509 511 1592 πήῑος
547 1508 911 1590 προδοσίας
946 1507 1077 1573 ὑπὸ
1108 1507 1451 1590 Ῥωμύλου
1487 1509 1823 1593 διωχθείς,
1863 1507 1950 1584 ὡς
1987 1504 2202 1592 Ἰόβας
2244 1507 2410 1593 φησὶ
2449 1507 2619 1573 Γάλ-

308 1607 439 1690 βαν
487 1609 907 1671 Σουλπίκιον
955 1608 1263 1692 ἱστορεῖν.

491 1701 559 1770 2.
628 1708 797 1768 Ονοε.
842 1709 898 1766 V
926 1708 1030 1783 23,
1062 1709 1105 1768 6
1166 1707 1481 1788 Pompeius
1532 1714 1832 1768 contracto
1880 1707 2033 1786 apud
2079 1707 2403 1769 Palantiam
2450 1727 2615 1769 exer·
2675 1765 2742 1814 76

310 1808 431 1866 citu
480 1805 815 1867 Lauronem
864 1807 1184 1886 ciuitatem,
1223 1825 1399 1886 quam
1438 1813 1581 1866 tunc
1620 1804 1922 1867 Sertorius
1960 1804 2352 1886 oppugnabat,
2398 1807 2618 1869 frustra
2653 1839 2760 1904 ᾖ

311 1912 561 1965 conatus
600 1903 921 1965 defendere
966 1906 1164 1965 uictus
1214 1904 1456 1982 aufugit.
1496 1938 1581 1946 —
1631 1903 1815 1964 fuisse
1862 1912 2005 1965 tunc
2051 1904 2330 1984 Pompeio
2377 1907 2618 1984 triginta

239 2019 287 2060 ιο
312 2002 471 2063 milia
520 2002 816 2082 peditum,
860 2001 1023 2063 mille
1072 2004 1303 2081 equites
1354 2001 1535 2064 Galba
1581 2001 1809 2080 scribit,
1849 2002 2180 2063 Sertorium
2219 2010 2415 2063 autem
2454 2023 2618 2065 sexa·

308 2102 471 2178 ginta
539 2099 705 2161 milia
769 2099 1038 2180 peditum
1094 2109 1225 2162 octo
1280 2099 1441 2162 milia
1508 2101 1774 2179 equitum
1843 2099 2124 2162 hahuisse
2182 2109 2617 2163 commemorat.

526 2413 607 2486 L.
661 2411 1104 2486 ARRVNTI
1160 2410 1678 2485 HISTORIAE
1737 2411 2018 2488 BELLI
2075 2412 2404 2486 PVNICI

493 2585 719 2654 1—7.
787 2592 999 2653 Senec.
1038 2595 1204 2668 epist.
1242 2591 1414 2662 ΧῙΧ
1453 2592 1496 2651 5
1525 2591 1736 2666 (114),
1767 2591 1852 2656 17
1915 2590 2074 2652 Haec
2118 2594 2266 2654 uitia
2310 2610 2468 2654 unus
2515 2593 2616 2654 ali·

308 2693 445 2771 quis
494 2689 741 2768 inducit,
789 2689 900 2750 sub
940 2708 1057 2770 quo
1098 2697 1240 2750 tunc
1278 2688 1613 2770 eloquentia
1660 2697 1767 2768 est,
1811 2691 1995 2750 ceteri
2031 2691 2338 2752 imitantur
2375 2698 2435 2752 et
2472 2691 2620 2753 alter
2702 2747 2708 2754 .

235 2803 281 2844 13
309 2788 483 2850 alteri
531 2786 791 2848 tradunt..
864 2787 951 2846 sic
999 2786 1275 2849 Sallustio
1321 2788 1561 2865 uigente
1610 2793 1922 2866 anputatae
1970 2788 2300 2850 sententiae
2337 2797 2398 2850 et
2431 2788 2618 2851 uerba

308 2895 443 2948 ante
504 2893 911 2966 exspectatum
968 2884 1239 2946 cadentia
1294 2891 1352 2945 et
1406 2885 1660 2946 obscura
1714 2885 1979 2946 breuitas
2035 2885 2200 2947 fuere
2263 2905 2374 2966 pro
2434 2887 2616 2949 cultu.

490 3074 550 3148 1,
584 3080 629 3128 1.
674 3075 756 3142 Of.
788 3073 960 3130 Solin.
994 3080 1045 3141 1,
1076 3080 1106 3128 1
1138 3079 1229 3140 (ex
1265 3079 1486 3128 auctore
1520 3075 1731 3144 iynoto)
1764 3073 1906 3130 Sunt
1941 3075 2040 3146 qui
2077 3074 2260 3130 uideri
2288 3075 2471 3132 uelint
2507 3077 2615 3132 Ro·

304 3163 432 3202 mae
479 3145 823 3200 uocabulum
872 3145 945 3199 ab
984 3144 1248 3199 Euandro
1292 3143 1537 3214 primum
1580 3145 1802 3214 datum,
1852 3164 1979 3201 cum
2015 3145 2284 3218 oppidum
2323 3146 2405 3202 ibi
2443 3147 2616 3203 offen-

306 3218 506 3285 disset,
534 3217 689 3286 quod
718 3219 1036 3271 extructum
1064 3219 1233 3271 antea
1250 3215 1575 3270 Valentiam
1614 3215 1836 3272 dixerat
1870 3218 2137 3273 iuuentus
2166 3217 2388 3286 Latina,
2427 3235 2614 3274 serua-

307 3293 481 3358 taque
528 3287 946 3358 significatione
991 3286 1227 3357 inpositi
1273 3286 1430 3357 prius
1467 3286 1727 3356 nominis,
1775 3289 2014 3344 Romam
2051 3289 2262 3345 Graece
2289 3289 2614 3346 Valentiam

305 3360 676 3416 nominatam.
725 3375 896 3429 quam
927 3359 1173 3414 Arcades
1211 3357 1479 3428 quoniam
1514 3357 1872 3415 habitassent
1906 3360 1966 3414 in
2003 3360 2224 3417 excelsa
2259 3364 2422 3432 parte
2457 3380 2616 3417 mon·

304 3431 396 3500 tis,
436 3429 763 3484 deriuatum
802 3429 1084 3500 deinceps,
1124 3433 1188 3484 ut
1223 3428 1511 3484 tutissima
1545 3430 1772 3485 urbium
1810 3447 1967 3488 arces
2005 3434 2354 3488 uocarentur.
2417 3434 2616 3491 Festus

304 3521 345 3558 s.
367 3523 423 3560 u.
446 3503 633 3558 Roma
661 3519 719 3572 p.
750 3505 865 3557 266
900 3500 1187 3555 Historiae
1214 3501 1498 3556 Cumanae
1527 3502 1868 3571 compositor
1896 3503 2345 3587 [Hyperochuff]
2374 3505 2614 3560 Athenis

306 3573 587 3644 quosdam
624 3571 907 3642 profectos
946 3571 1243 3642 Sicyonem
1280 3571 1684 3642 Thespiasque‚
1721 3591 1789 3628 ex
1826 3575 2032 3644 quibus
2069 3591 2233 3646 porro
2280 3574 2614 3632 ciuitatibus

305 3647 377 3701 ob
426 3642 686 3715 inopiam
733 3641 1147 3698 domiciliorum
1194 3641 1496 3713 compluris
1540 3643 1823 3714 profectos
1866 3646 1924 3700 in
1963 3649 2182 3702 exteras
2217 3647 2478 3718 regiones
2516 3649 2610 3704 de-

304 3717 455 3773 latos
492 3715 553 3770 in
581 3714 810 3769 Italiam
848 3731 1054 3783 eosque
1089 3715 1270 3769 multo
1308 3729 1491 3769 errore
1518 3715 1836 3772 nominatos
1866 3716 2038 3773 Abori
2085 3718 2097 3729 '
2143 3734 2202 3773 es
2233 3719 2355 3791 [scr.
2386 3719 2611 3774 Aberri-

302 3789 487 3858 gines,
522 3787 595 3854 cf.
628 3787 791 3842 Paul.
818 3805 877 3857 p.
910 3787 1024 3868 191,
1060 3803 1299 3856 quorum
1344 3783 1587 3842 subiecti
1624 3787 1724 3858 qui
1767 3787 1979 3844 fuerint
2067 3791 2157 3845 aci
2203 3789 2445 3860 improbi
2485 3791 2610 3860 uiri,

303 3860 714 3928 unicarumque
750 3857 960 3912 uirium
997 3857 1235 3927 imperio
1273 3859 1523 3912 montem
1568 3857 1872 3928 Palatium,
1919 3859 1980 3914 in
2017 3878 2128 3930 quo
2167 3861 2610 3930 frequentissimi

306 3929 693 3996 consederint,
740 3945 775 3983 a
814 3929 1122 4011 pellauisse
1168 3945 1203 3983 a.
1247 3927 1465 3983 uiribus
1515 3931 1762 3999 regentis
1798 3931 2149 4001 Valentiam,
2206 3933 2357 4002 quod
2408 3950 2610 3990 nomen

306 4002 561 4058 aduentu
589 4000 751 4054 Euan
796 4019 842 4053 n
874 4001 1209 4069 Aeneaeque
1246 3999 1306 4054 in
1334 3999 1561 4055 Italiam
1599 4018 1727 4056 cum
1762 4018 1973 4074 magna
2010 4003 2221 4059 Graece
2259 4003 2612 4074 loquentium

306 4072 473 4144 copia
509 4072 947 4142 interpretatum
984 4070 1099 4126 dici
1136 4073 1399 4142 coeptum
1433 4071 1663 4127 Romen.

492 4252 561 4338 l,
613 4262 667 4318 1.
716 4259 931 4319 Ateius
969 4260 1307 4319 Masuidus
1341 4256 1565 4320 Adeius
1602 4260 1783 4320 Fuzd.

492 4341 563 4428 2,
614 4350 671 4407 7.
718 4350 993 4425 palentia
1036 4347 1461 4422 D(omzuesch.)
1647 4351 1702 4409 8.
1752 4351 2040 4412 sertui-ius
2077 4352 2140 4412 D
