3234 5034
665 355 911 403 Lxxxu
1165 335 1262 389 DE
1301 335 1765 391 SCRIPTORVM
1804 335 1992 391 VITIS
2032 336 2125 390 ΕΤ
2165 335 2481 392 SCRIPTIS

661 506 795 565 eius
861 510 1101 564 auctore
1167 505 1417 581 cogitari
1482 505 1690 583 possit.
1784 511 1843 563 at
1899 521 2051 582 quae
2109 513 2398 565 secuntur
2452 503 2563 566 alia
2624 514 2765 567 sunt
2826 506 2985 586 apud

663 601 1073 680 Plutarchum,
1139 600 1252 662 alia
1317 600 1474 681 apud
1538 602 1872 681 Appianum
1920 603 2328 675 (Wichmann
2370 620 2437 678 p.
2478 602 2566 661 47
2592 605 2730 682 sq),
2786 619 2987 682 neque

663 718 948 779 umquam
995 699 1096 760 hic
1134 699 1430 761 Volumnii
1478 702 1845 760 mentionem
1893 698 2037 760 lecit
2084 699 2189 760 sed
2238 697 2309 759 ab
2356 716 2476 760 uno
2517 699 2795 761 Stratone
2833 699 2985 761 Bru-

671 805 798 859 tum
839 797 1107 858 adiutum
1149 815 1280 858 esse
1319 796 1502 858 tradit
1530 799 1610 870 (c.
1643 797 1822 876 131),
1861 805 1927 857 ut
1964 796 2130 857 illum
2168 815 2413 858 uersum
2462 796 2536 858 ah
2582 797 2697 858 hoc
2742 806 2812 858 ut
2857 805 2985 858 tum

665 895 1104 974 frequentatum
1157 929 1237 937 -
1287 913 1424 956 nam
1469 895 1791 955 Antonium
1848 893 2071 956 Brutus
2128 912 2199 954 eo
2256 896 2699 973 significauerat
2746 929 2833 939 —
2884 895 2985 956 uel

663 1011 734 1053 ex
793 992 908 1053 alio
964 991 1117 1053 libro
1175 991 1273 1052 uel
1331 1010 1403 1052 ex
1451 1009 1727 1053 sermone
1777 999 2089 1071 exceptum
2140 1011 2273 1054 esse
2331 995 2463 1054 ueri
2510 993 2769 1055 similius
2818 997 2915 1055 sit.
2929 989 2985 1077 ¹)

664 1092 843 1150 etiam
901 1099 1099 1151 cetera
1158 1088 1230 1150 ad
1289 1088 1622 1151 Messallam
1671 1091 1931 1169 trahunt,
1980 1092 2043 1150 in
2098 1093 2312 1169 primis
2360 1109 2690 1153 consensus
2750 1091 2825 1154 de
2873 1110 2985 1153 nu-

661 1205 830 1248 mero
895 1186 1153 1248 militum
1211 1189 1546 1248 occisorum
1613 1188 1684 1248 sr.
1735 1184 1777 1248 3
1844 1187 1999 1267 apud
2065 1187 2448 1250 Plutarchum
2514 1207 2651 1249 cum
2713 1190 2987 1269 Appiano

661 1285 734 1345 IV
775 1281 921 1363 112,
967 1284 1073 1345 ubi
1119 1284 1276 1363 quod
1325 1284 1597 1346 Messalla
1656 1304 1721 1346 se
1770 1287 2003 1366 opinari
2050 1288 2396 1366 scripserat,
2442 1288 2747 1366 Appianus
2794 1287 2985 1348 uerbo

663 1379 994 1458 εἰκάζουσι
1051 1384 1294 1463 repetit,
1352 1391 1411 1444 et
1467 1382 1540 1444 de
1601 1383 1697 1444 die
1754 1386 1975 1463 prioris
2032 1401 2294 1464 pugnae,
2350 1387 2457 1464 qui
2517 1385 2707 1446 Cassii
2764 1385 2985 1446 natalis
3096 1377 3105 1388 ⁶

663 1481 846 1542 fuerit
893 1481 1001 1558 (fr.
1043 1481 1080 1540 1
1132 1498 1227 1557 ap.
1271 1482 1426 1542 Plut.
1467 1489 1525 1542 et
1564 1483 1717 1559 App.
1759 1483 1863 1542 IV
1894 1484 2071 1556 113).
2148 1481 2261 1542 alia
2327 1485 2599 1562 quaestio
2654 1491 2775 1561 est,
2836 1501 2983 1545 num

665 1581 842 1640 etiam
889 1580 1194 1658 Appianus
1242 1597 1380 1639 eum
1409 1581 1623 1659 'ipsum
1672 1579 1903 1641 adierit.
1978 1579 2041 1640 id
2098 1579 2257 1660 quod
2302 1599 2424 1642 non
2471 1583 2715 1642 omnino
2764 1600 2796 1641 a
2844 1600 2983 1661 pro-

663 1675 968 1737 babilitate
1035 1676 1331 1737 abhorret.
1425 1675 1530 1738 sed
1595 1685 1732 1739 utut
1796 1685 1913 1757 est,
1978 1685 2041 1740 et
2104 1697 2308 1740 rernm
2374 1680 2767 1741 conformatio
2824 1679 2981 1759 apud

661 1773 1046 1835 Plutarchum
1102 1773 1288 1834 multo
1338 1777 1904 1836 commentariorum
1954 1775 2206 1836 similior
2262 1784 2354 1837 est
2401 1783 2462 1836 et
2506 1794 2719 1838 sensus
2768 1777 2981 1838 uolun-

661 1879 872 1950 tasque
927 1873 1118 1950 magis
1175 1870 1250 1932 ad
1305 1870 1476 1932 Bruti
1529 1872 1984 1934 admirationem
2042 1873 2289 1934 inclinat
2334 1893 2514 1953 quam
2561 1875 2718 1954 apud
2762 1876 2982 1955 Appia-

663 1988 834 2049 num,
895 1977 956 2030 et
1021 1971 1184 2048 ipsae
1233 1987 1332 2030 res
1379 1969 1669 2048 quaedam
1717 1972 1893 2032 aliter
1940 1971 2012 2032 ab
2056 1979 2310 2050 utroque
2365 1981 2687 2032 narrantur
2734 1975 2983 2046 (Ψίεή-

662 2085 848 2130 mann
882 2087 950 2144 p.
989 2067 1074 2127 41
1104 2071 1239 2145 sq.),
1283 2074 1352 2127 ut
1395 2086 1545 2147 quae
1587 2071 1926 2130 communia
1964 2078 2119 2148 sunt,
2166 2070 2421 2148 Appiani
2466 2073 2800 2131 narrationi
2846 2091 2985 2152 per-

662 2172 878 2244 petuae
934 2168 1104 2244 quasi
1159 2167 1432 2244 inspersa
1489 2185 1625 2228 esse
1673 2166 1993 2228 uideantur
2039 2185 2227 2246 eaque
2276 2184 2455 2247 saepe
2504 2166 2765 2229 diuersis
2814 2169 2983 2230 locis,

663 2266 988 2325 concinunt
1035 2266 1196 2324 enim
1244 2270 1445 2343 partes
1492 2264 1705 2326 haece:

753 2361 904 2422 Plut.
946 2381 993 2422 c.
1035 2357 1118 2422 37
1153 2390 1220 2409 =
1249 2363 1394 2441 App.
1425 2361 1481 2422 h.
1512 2381 1561 2422 c.
1599 2361 1675 2423 1v
1716 2359 1838 2423 101
1889 2362 2231 2443 prodigium
2282 2362 2533 2426 duarum
2582 2365 2937 2445 aquilarum,

827 2491 850 2504 -
961 2492 983 2504 ·
1037 2455 1122 2519 39
1155 2488 1221 2507 =
1315 2493 1338 2504 -
1445 2493 1468 2504 -
1531 2493 1554 2504 -
1631 2494 1652 2504 -
1718 2457 1848 2521 134
1894 2467 2173 2539 quattuor
2219 2460 2331 2522 alia
2377 2461 2667 2543 prodigia,

828 2590 850 2602 ·
963 2591 986 2602 -
1033 2554 1115 2617 41
1152 2587 1217 2605 =
1313 2591 1334 2602 -
1445 2591 1468 2602 -
1530 2591 1553 2602 -
1630 2590 1653 2603 -
1718 2554 1847 2618 110
1895 2561 2191 2619 somnium
2250 2578 2370 2638 quo
2428 2560 2645 2621 Caesar
2701 2560 2981 2623 Octauia·

1891 2675 2004 2718 nus
2044 2665 2321 2718 seruatus
2360 2667 2454 2718 est
2490 2666 2642 2719 teste
2672 2661 2805 2737 ipso
2837 2659 2981 2721 Cae-

1893 2772 2025 2815 sare
2075 2748 2175 2838 (l'r.
2220 2749 2355 2838 10),

963 2885 984 2896 -
1038 2848 1222 2912 43==
1317 2885 1340 2896 -
1448 2885 1471 2896 -
1534 2885 1557 2896 -
1634 2885 1656 2897 -
1724 2851 1848 2914 113
1898 2853 2088 2914 Cassii
2137 2871 2317 2933 morS,

961 2983 984 2994 -
1037 2946 1124 3010 46
1155 2979 1222 2998 -—--
1315 2983 1338 2994 -
1448 2984 1469 2995 -
1534 2984 1555 2995 -
1634 2983 1656 2995 -
1724 2948 1849 3013 118
1899 2950 2120 3013 Brutus
2158 2950 2449 3013 militibus
2490 2951 2637 3014 duas
2673 2953 2863 3016 urbes
2894 2953 2980 3015 di·

1088 3101 1097 3114 ,
1680 3131 1685 3134 ¹
1903 3049 2207 3129 ripiendas
2252 3051 2566 3129 promittit,

964 3177 986 3189 ·
1038 3141 1125 3206 48
1158 3174 1224 3194 =
1319 3179 1342 3190 -
1449 3179 1472 3190 -
1534 3179 1557 3190 -
1633 3179 1656 3190 -
1718 3143 1844 3206 128
1893 3149 2239 3208 certaminis
2314 3148 2567 3210 duarum
2644 3150 2978 3228 aquilarum

1902 3244 2259 3324 prodigium,

964 3374 985 3385 -
1039 3374 1126 3384 —
1157 3369 1223 3390 =
1318 3374 1341 3385 -
1448 3375 1471 3386 -
1533 3373 1556 3387 ·
1633 3375 1655 3388 -
1722 3339 1852 3403 134
1897 3343 2183 3423 Aethiops
2208 3361 2533 3405 occurrens
2560 3353 2621 3405 et
2642 3362 2754 3423 pro
2776 3349 2979 3407 omine

1902 3441 2139 3502 habitus
2177 3459 2211 3501 a
2250 3440 2541 3502 militibus
2580 3445 2836 3522 occisus,

962 3570 985 3581 -
1037 3533 1125 3598 49
1157 3565 1222 3585 =
1317 3571 1340 3582 -
1448 3571 1470 3582 -
1534 3571 1556 3583 ·
1633 3570 1656 3584 ·
1724 3535 1849 3600 135
1898 3557 2059 3600 mors
2108 3539 2217 3600 filii
2265 3538 2505 3600 Catonis
2543 3539 2862 3621 VticensiS,

964 3669 985 3680 -
1039 3631 1127 3696 50
1155 3663 1224 3684 =
1319 3669 1340 3680 -
1447 3669 1470 3680 -
1533 3669 1556 3680 -
1634 3669 1657 3680 -
1726 3633 1851 3697 129
1902 3636 2138 3698 deuotio
2186 3636 2420 3717 Lucilii,

963 3767 985 3778 -
1039 3729 1126 3794 53
1156 3763 1223 3782 ==
1317 3767 1339 3778 -
1445 3767 1468 3778 -
1533 3767 1555 3779 ·
1632 3767 1655 3780 -
1720 3731 1847 3796 135
1897 3753 2114 3815 corpus
2169 3734 2341 3796 Bruti
2396 3737 2618 3796 mortui
2675 3735 2748 3796 ab
2797 3737 2978 3797 Anto·

1900 3836 2001 3893 nio
2048 3833 2419 3894 honoratum.

665 3929 871 4008 ltaque
931 3947 1066 3990 cum
1122 3932 1184 3990 in
1245 3930 1647 4010 descriptione
1703 3948 2036 4010 pugnarum
2093 3930 2564 4010 Philippensium
2620 3951 2669 3991 c.
2708 3927 2977 3995 36—53

848 4095 902 4162 1)
944 4091 1216 4148 Similiter
1263 4093 1506 4164 dictum,
1553 4109 1666 4163 quo
1716 4093 1969 4148 Cassium
2018 4093 2311 4162 angustias
2358 4109 2488 4148 suas
2534 4111 2663 4148 cum
2708 4093 2975 4166 Pompeio

668 4173 876 4243 Magno
925 4175 1056 4227 ante
1103 4173 1259 4243 prius
1305 4172 1583 4244 proelium
1631 4177 2054 4245 comparantem
2099 4173 2367 4228 Messalla
2413 4174 2567 4243 apud
2608 4173 2975 4230 Plutarchum

667 4251 851 4388 {2:1¹2
879 4251 1060 4388 13:³21
1065 4253 1282 4386 tleniter
1327 4256 1610 4308 mutatum
1658 4254 1952 4324 Appianus
1991 4253 2087 4324 (IV
2128 4257 2251 4325 124)
2291 4253 2463 4309 Bruto
2510 4253 2684 4323 idque
2722 4259 2857 4310 ante
2894 4255 2973 4309 al-
