3234 5034
536 345 622 410 ’10
1336 340 1575 400 IVLIVS
1614 345 1874 400 MARAT
1875 345 1982 399 HV
1983 344 2020 398 S

531 514 751 576 mutari
808 531 909 574 eas
966 531 1087 574 non
1140 529 1318 592 posse
1375 511 1635 574 rebatur.
1718 512 1860 574 inde
1925 523 2065 575 sunt
2129 511 2392 576 inuidiae
2457 518 2828 592 tempestates

533 620 770 673 coortae
826 628 1043 690 graues
1098 613 1163 671 in
1220 628 1356 672 eum
1414 612 1752 689 certiorque
1812 611 2076 672 inimicis
2139 609 2528 689 adgrediendi
2593 608 2832 689 fiducia3

532 712 759 771 maiore
786 711 949 772 enim
977 708 1311 770 simultates
1340 707 1656 789 adpetebat
1683 711 1881 769 animo
1919 727 2098 788 quam
2133 708 2397 788 gerebat„
2463 707 2568 768 sed
2607 705 2832 787 quando

534 807 875 877 mortalium
934 807 1085 869 nulli
1142 809 1340 868 uirtus
1400 807 1666 888 perfecta
1725 809 2000 886 contigit,
2061 825 2177 887 qua
2235 808 2428 868 maior
2481 824 2620 885 pars
2679 807 2834 866 uitae

534 915 709 986 atque
773 908 1001 985 ingenii
1064 907 1256 984 stetit,
1312 923 1383 966 ea
1437 903 1822 966 iudicandum
1879 905 1952 966 de
2008 905 2249 967 homine
2305 914 2414 966 est.
2487 912 2665 983 atque
2729 921 2834 982 ego
2865 927 2892 967 ⁵

532 1022 607 1065 ne
656 1003 981 1065 miserandi
1025 1002 1269 1083 quidem
1316 1007 1511 1065 exitus
1558 1022 1695 1064 eum
1745 1003 1930 1064 fuisse
1977 1003 2334 1081 iudicarem,
2380 1004 2499 1063 nisi
2543 1003 2675 1081 ipse
2721 1010 2835 1062 tam

530 1104 814 1163 miseram
860 1109 1115 1164 mortem
1160 1109 1444 1182 putasset.

710 1193 779 1262 6.
844 1201 983 1262 Tac.
1021 1218 1167 1262 ann.
1204 1201 1308 1262 IV
1345 1199 1433 1260 34
1506 1201 1697 1261 Asinii
1752 1199 2034 1260 Pollionis
2099 1201 2321 1279 scripta
2387 1200 2688 1278 egregiam
2742 1215 2839 1258 eo·

452 1373 458 1382 ,
533 1298 787 1361 rundem
836 1297 1067 1376 [Cassii
1112 1306 1171 1361 et
1216 1297 1423 1376 Bruti]
1474 1300 1828 1360 memoriam
1871 1296 2133 1359 tradunt.

390 2375 457 2425 69
466 2379 489 2424 1

715 1391 751 1456 7
768 1396 830 1461 ³¹².
880 1397 1085 1458 Strab.
1114 1397 1219 1458 IV
1246 1395 1306 1476 3,
1326 1396 1371 1456 3
1402 1414 1471 1473 p.
1501 1396 1665 1457 193⁰
1733 1389 1910 1476 Φησὶ
1955 1392 2032 1457 τὸ
2078 1401 2284 1477 μῆκος
2331 1391 2540 1458 αὐτοῦ
2580 1393 2836 1473 [Rheni]
2871 1419 2928 1458 ιο

532 1493 823 1558 σταδίων
876 1489 1332 1574 ἑξακισχιλίων
1358 1488 1664 1568 Ἀσίνιος·
1698 1529 1779 1537 -
1819 1490 1986 1574 φησὶ
2031 1486 2106 1556 δὲ
2153 1491 2264 1556 καὶ
2311 1491 2633 1571 δίστομον
2670 1484 2842 1554 εἶναι

530 1589 955 1674 μεμψάμενος
998 1591 1157 1666 τοὺς
1192 1593 1395 1654 πλείω
1444 1587 1776 1671 λέγοντας.

711 1684 830 1753 8*.
878 1693 1076 1753 Prisc.
1120 1691 1281 1752 VIII
1311 1691 1397 1751 19
1426 1709 1488 1768 p.
1518 1690 1654 1752 386
1691 1691 1764 1750 Η.
1825 1690 2094 1752 Asinius:
2142 1689 2328 1751 Cuius
2365 1698 2608 1769 experta
2643 1691 2842 1750 uirtus

531 1788 688 1850 bello
736 1787 1087 1850 Germaniae
1136 1788 1408 1850 traducta
1454 1788 1527 1850 ad
1574 1788 1904 1850 custodiam
1951 1787 2172 1868 lllyrici
2220 1783 2336 1849 est(

1229 2142 1548 2217 IVLIVS
1604 2143 2142 2218 MARATHVS

714 2302 777 2368 l.
844 2307 1008 2367 Suet.
1048 2306 1205 2380 Any.
1244 2305 1333 2365 94
1396 2304 1619 2365 Auctor
1683 2311 1774 2364 est
1839 2304 2023 2366 Iulius
2073 2304 2372 2366 Marathus
2427 2312 2566 2366 ante
2620 2323 2844 2385 paucos
2873 2327 2937 2367 ιε.

534 2424 711 2485 quam
775 2411 1125 2464 nasceretur
1190 2401 1557 2480 [Λαμπείας]
1626 2419 1865 2464 menses
1928 2402 2270 2482 prodigium
2334 2402 2555 2464 Romae
2618 2404 2844 2465 sactum

531 2502 796 2582 publice,
860 2520 978 2581 quo
1036 2499 1499 2562 denuntiabatur
1549 2517 1755 2578 regem
1811 2499 2014 2580 populi
2070 2498 2323 2561 Romani
2379 2507 2652 2562 naturam
2707 2519 2844 2581 par-

532 2603 749 2681 turire3
805 2607 1077 2662 senatum
1135 2601 1489 2660 exterritum
1544 2600 1885 2677 censuisse,
1940 2617 2017 2660 ne
2075 2598 2210 2678 quis
2254 2598 2355 2660 illo
2403 2617 2558 2660 anno
2603 2601 2846 2678 genitus

531 2697 906 2776 educaretur,
954 2715 1057 2759 eos
1104 2699 1208 2776 qui
1254 2695 1531 2776 grauidas
1567 2715 1788 2758 uxores
1824 2695 2132 2775 haberent,
2176 2697 2334 2776 quod
2374 2696 2447 2758 ad
2485 2715 2550 2759 se
2587 2699 2844 2777 quisque

532 2814 700 2877 spem
764 2797 1056 2874 traheret,
1116 2812 1361 2856 curasse
1423 2812 1498 2854 ne
1554 2801 1797 2856 senatus
1863 2795 2200 2856 consultum
2257 2794 2331 2855 ad
2385 2797 2680 2857 aerarium
2739 2794 2842 2856 de·
2873 2817 2938 2856 zo

534 2895 811 2956 ferretur.

711 2987 781 3056 2.
838 2995 1001 3055 Suet.
1040 2994 1197 3068 Auo.
1238 2992 1277 3050 7
1279 2991 1322 3051 9
1394 2990 1615 3052 Habuit
1681 2990 2044 3069 [Augustus]
2103 3025 2187 3034 --
2242 2999 2532 3053 staturam
2596 2992 2844 3054 breuem

533 3083 743 3175 (quam
798 3099 998 3152 tamen
1053 3089 1239 3150 Iulius
1293 3087 1620 3167 Marathus,
1677 3087 1927 3151 libertus
1963 3087 2010 3168 †
2048 3091 2230 3150 etiam
2285 3092 2636 3152 memoriam
2693 3092 2843 3166 eius,

532 3191 796 3269 quinque
843 3187 1061 3268 pedum
1108 3195 1170 3247 et
1215 3185 1520 3247 dodrantis
1577 3187 1764 3247 fuisse
1812 3180 2022 3271 tradit)
2071 3186 2177 3248 sed
2225 3206 2378 3266 quae
2425 3188 2842 3250 commoditate

712 3377 773 3432 6.
823 3377 961 3432 Vide
990 3393 1167 3446 supra
1197 3393 1257 3444 p.
1287 3397 1501 3430 Lxxxvzt.

532 3522 587 3577 A
705 3447 782 3575 {i
808 3449 939 3509 τοὺς
975 3445 1146 3503 πλείω
1184 3445 1470 3519 λέγοντας]
1506 3453 1573 3502 ut
1610 3447 1896 3502 Gaesarem
1936 3449 1981 3502 b.
2011 3465 2062 3519 ρ.
2094 3449 2190 3504 IV
2215 3454 2300 3504 10.
2345 3449 2416 3516 cf.
2453 3449 2845 3505 Gardthausen

589 3538 665 3592 “a
711 3590 772 3647 8.
801 3536 961 3647 flauo
1004 3591 1105 3646 hoc
1147 3591 1219 3658 fr.
1259 3589 1405 3644 Suet.
1452 3589 1568 3643 Tib.
1600 3595 1675 3644 16
1719 3607 1856 3645 usuc
1906 3589 2208 3658 (Nuntiata
2257 3589 2472 3660 Illyrici
2529 3591 2844 3648 defectione

532 3661 763 3717 transiit
807 3659 883 3716 ad
928 3677 1121 3716 curam
1166 3657 1300 3714 noui
1346 3658 1485 3714 belli
1532 3663 1590 3713 et
1635 3678 1688 3728 q.
1719 3663 1784 3728 s.)
1832 3661 1908 3715 ad
1957 3661 2236 3717 Tiberium
2285 3664 2571 3719 Gaesao-mn
2615 3665 2850 3732 referas,

533 3736 633 3804 qm·
667 3751 718 3789 a.
758 3739 808 3790 7.
840 3737 953 3788 760
988 3749 1049 3788 oo
1084 3735 1284 3787 missus
1319 3737 1410 3786 est.

714 3806 770 3862 1.
811 3803 895 3872 Cf.
928 3805 1175 3876 Auyusti
1208 3803 1291 3870 fr,
1312 3809 1363 3858 4.
1402 3806 1437 3857 5
1474 3819 1517 3858 c.
1548 3803 1686 3858 adn.

721 3978 775 4036 1.
803 3973 943 4034 inde
972 3977 1213 4034 secutae
1240 3965 1663 4049 inuidiae<et>
1679 3973 1860 4047 temp.
1881 3972 2214 4032 Mommsen
2325 3977 2381 4034 2.
2413 3975 2692 4036 cohortae
2711 3976 2846 4036 AB

538 4083 756 4144 graues
792 4064 857 4124 in
894 4081 965 4124 eo
1002 4063 1165 4124 codd.
1212 4059 1628 4139 grauissimae,
1667 4079 1736 4119 eo
1774 4061 2078 4137 Kiesslinq
2284 4065 2340 4124 3.
2387 4064 2644 4126 maiores
2681 4066 2846 4126 codd.

720 4148 790 4234 8,
841 4154 944 4213 13.
990 4151 1217 4212 asinius
1244 4140 1417 4210 Par-,¹
1462 4150 1734 4208 asianius
1781 4150 1878 4209 wel
1924 4149 2182 4211 essinius
2227 4153 2390 4212 codd.
2564 4155 2660 4213 14.
2707 4153 2846 4230 ylli-

540 4243 650 4303 rici
694 4243 791 4304 αεὶ
834 4240 1038 4302 illirici
1083 4241 1178 4301 uel
1220 4238 1403 4308 ilii-ici
1448 4237 1610 4298 codd.

718 4325 786 4412 2,
838 4333 940 4392 23.
988 4332 1049 4390 et
1095 4348 1132 4390 a.
1178 4326 1466 4388 memoria.
1512 4327 1762 4401 Lipsius
