3234 5034
615 337 888 386 xxxxv1
1120 316 1217 372 DE
1257 313 1721 373 SCRIPTORVM
1758 313 1946 372 VITIS
1983 314 2077 370 ΕΤ
2116 315 2431 373 sthP‘rls

619 494 856 567 nantur,
903 495 1144 567 praeter
1188 487 1430 548 Aratum
1479 494 1539 547 et
1585 484 1979 565 Cleomenem,
2026 487 2129 566 qui
2176 485 2378 567 semel,
2426 494 2633 548 contra
2680 483 2925 567 Nepotis

621 587 742 646 uiri
785 585 1052 647 illustres
1100 584 1254 665 apud
1303 603 1438 647 eum
1485 591 1725 664 praeter
1770 603 1872 645 eos
1918 591 2070 663 octo,
2120 584 2193 645 de
2232 583 2449 664 quibus
2487 583 2769 664 deinceps
2808 583 2927 645 dis·

613 683 862 764 putabo,
920 682 1326 764 compluribus
1387 681 1533 744 locis
1598 691 1953 763 occurrunt3
2010 685 2153 761 quin
2210 685 2389 744 etiam
2452 681 2929 762 Themistoclem,

618 781 956 861 Aristidem,
985 781 1339 861 Agesilaum,
1375 780 1844 860 Epaminondam
1880 789 2181 859 tamquam
2218 781 2487 860 exempla
2523 779 2929 842 laudationum

619 879 979 942 Graecarum
1017 881 1146 959 ipse
1185 885 1494 940 enumerat
1532 881 1640 952 (dc
1675 887 1832 941 orat.
1872 879 1988 938 III
2014 876 2121 954 84,
2149 879 2328 952 341).
2388 880 2440 940 si
2480 880 2665 958 igitur
2691 879 2927 959 quando

615 976 813 1058 Nepos
841 977 996 1040 ultra
1023 979 1330 1039 notissima
1356 978 1596 1038 nomina
1626 995 1905 1056 egressus
1934 985 2077 1056 erat,
2097 978 2226 1056 ipse
2255 977 2543 1056 gloriatur
2561 977 2929 1062 Relopidam-

617 1095 734 1155 que
763 1075 994 1136 inducit
1034 1071 1126 1137 ‘ut
1161 1076 1349 1154 magis
1387 1074 1689 1136 historicis
1728 1093 1902 1154 quam
1940 1073 2118 1154 uulgo
2155 1082 2363 1136 notum
2382 1071 2411 1155 ',
2452 1077 2729 1155 quoniam
2769 1075 2927 1156 apud
3028 1105 3039 1112 ·

617 1174 888 1235 rhetores
933 1173 1216 1253 paulatim
1253 1171 1426 1234 laude
1464 1171 1904 1253 Epaminondae
1942 1174 2025 1233 ita
2060 1171 2414 1234 obscuratus
2452 1181 2596 1252 erat,
2641 1182 2710 1235 ut
2748 1175 2930 1235 etiam

615 1273 680 1332 in
725 1271 922 1332 indice
969 1273 1278 1332 nominum
1318 1269 1591 1331 Tulliano
1639 1271 1861 1332 frustra
1898 1279 2235 1350 quaeratur,
2275 1289 2411 1333 cum
2449 1271 2607 1351 apud
2653 1274 2930 1352 antiquos

616 1368 812 1431 locum
851 1388 1025 1430 suum
1064 1369 1420 1431 obtinuisset
1449 1369 1557 1446 (cs.
1587 1369 1829 1446 Laeppelt
1866 1369 2103 1440 Quaest.
2130 1373 2324 1446 bioqr.
2342 1388 2409 1446 p.
2434 1371 2567 1444 13).
2618 1369 2929 1431 Cimonem

618 1475 840 1547 autem,
895 1466 1170 1546 Dionem,
1227 1466 1588 1528 Phocionem
1636 1466 1841 1527 Cicero
1900 1485 2043 1528 casu
2098 1469 2479 1547 praeteriisse
2534 1467 2803 1548 uidetur,
2853 1467 2925 1528 ad

616 1565 968 1645 iphicratem
1020 1563 1452 1644 Chabriamque
1499 1564 1696 1645 Nepos
1745 1563 1967 1625 Graeca
2022 1564 2276 1626 lectione
2327 1565 2641 1645 deductuS,
2694 1565 2768 1627 ad
2813 1566 2927 1626 Da-

621 1672 836 1725 tamem
867 1663 1078 1725 Carem
1119 1671 1178 1723 et
1219 1663 1468 1724 fortasse
1507 1662 1579 1724 ad
1609 1662 1938 1724 Eumenem
1966 1661 2323 1724 Cardianum
2362 1663 2695 1725 laudatione
2732 1663 2931 1744 aliqua

620 1760 848 1824 delatus
914 1780 1064 1822 esse.
1148 1760 1296 1822 illud
1370 1763 1529 1822 enim
1585 1760 1821 1841 Lippelt
1866 1763 1941 1835 (l.
1978 1780 2025 1822 s.
2050 1780 2119 1838 p.
2148 1762 2237 1822 37
2256 1764 2414 1838 sqq.)
2453 1769 2617 1822 recte
2664 1761 2930 1822 animad-

619 1861 803 1921 uertit
847 1859 1009 1920 hunc
1053 1877 1174 1918 non
1211 1877 1280 1920 ea
1327 1859 1673 1919 curiositate
1720 1859 1923 1938 fuisse,
1967 1866 2039 1919 ut
2082 1858 2157 1919 ad
2192 1857 2433 1919 ultimos
2480 1858 2673 1920 fontes
2720 1878 2929 1920 ascen-

620 1957 788 2019 deret
827 1991 909 2000 —
959 1959 1046 2018 sic
1101 1958 1162 2016 iu
1219 1955 1422 2018 multis
1477 1957 1622 2017 uitis
1678 1956 1883 2018 laudes
1938 1955 2183 2018 bellicas
2231 1956 2528 2035 farragine
2575 1955 2931 2036 fabularum,

623 2075 773 2136 quae
829 2054 901 2116 ad
957 2073 1154 2116 mores
1199 2053 1460 2135 aliasque
1517 2072 1615 2115 res
1661 2055 2058 2134 pertinerent,
2105 2072 2224 2114 non
2272 2053 2571 2115 obruisset
2616 2089 2701 2098 —
2750 2063 2931 2134 atque

629 2155 807 2214 etiam
853 2159 1084 2232 partem
1131 2169 1419 2231 errorum,
1467 2151 1686 2232 quibus
1733 2155 1862 2213 eius
1908 2155 2067 2213 uitae
2116 2160 2363 2232 scatent,
2410 2152 2715 2214 rhetorum
2764 2153 2931 2214 adhi-

622 2251 883 2312 bitorum
937 2249 1035 2311 uel
1091 2248 1497 2329 neglegentiae
1551 2249 1651 2310 uel
1706 2252 1820 2310 arti
1875 2250 2189 2331 studioque
2247 2249 2497 2329 augendi
2558 2250 2931 2331 ornandique

619 2347 1000 2411 tribuendam
1047 2367 1196 2408 esse.

796 2445 923 2507 Alia
964 2453 1056 2507 est
1092 2447 1377 2525 quaestio,
1417 2453 1711 2524 quatenus
1740 2445 1938 2526 Nepos
1976 2446 2319 2508 auctoribus
2358 2447 2483 2508 suis
2523 2465 2587 2507 se
2627 2445 2930 2508 addixisse

617 2545 912 2607 uideatur.
991 2545 1152 2622 atqui
1191 2550 1422 2604 certum
1461 2551 1555 2604 est
1590 2546 1785 2622 ipsum
1826 2553 1952 2606 arte
1998 2547 2308 2606 materiam
2355 2543 2670 2623 colligendi
2709 2553 2769 2606 et
2807 2544 2931 2605 dis·

616 2641 878 2724 ponendi
921 2659 1038 2703 non
1069 2643 1309 2702 omnino
1339 2643 1623 2719 caruisse,
1663 2660 1855 2721 neque
1894 2644 2053 2703 enim
2090 2645 2155 2704 in
2192 2642 2304 2703 hoc
2346 2660 2565 2721 genere
2595 2641 2773 2703 Attici
2802 2645 2933 2704 uita

620 2743 836 2802 ceteris
864 2741 1116 2801 inferior
1146 2738 1416 2801 habenda
1445 2748 1552 2800 est.
1600 2740 1814 2819 quodsi
1844 2740 2028 2801 Leoni
2048 2742 2121 2814 (l.
2140 2759 2185 2802 s.
2203 2760 2271 2818 p.
2292 2741 2426 2800 200
2442 2743 2597 2816 sqq.)
2629 2739 2931 2802 delectum

618 2842 887 2900 uirorum
936 2856 1006 2899 ex
1054 2856 1236 2918 opere
1285 2836 1480 2916 aliquo
1527 2831 1679 2918 περὶ
1729 2833 2017 2912 ἐνδόξων
2065 2835 2335 2920 ἀνδρῶν
2380 2840 2442 2899 in
2492 2841 2753 2918 priorem
2800 2837 2931 2900 edi-

621 2938 840 2998 tionem
893 2934 1270 2998 transtulisse
1317 2935 1573 3013 uidetur,
1624 2954 1733 3014 ego
1773 2935 2013 3015 quidem
2052 2939 2140 2997 sic
2178 2939 2372 2997 sentio
2410 2955 2547 2997 eum
2586 2943 2646 2997 et
2686 2939 2929 2997 nomina

619 3036 889 3097 uirorum
948 3053 1192 3095 suorum
1248 3033 1569 3095 illustrium
1629 3041 1688 3094 et
1742 3033 1957 3095 auxilia
2014 3041 2323 3095 auctorum
2379 3035 2742 3094 institutioni
2791 3033 2931 3095 rhe-

614 3140 834 3218 torum,
881 3131 1168 3212 quaedam
1215 3134 1392 3194 etiam
1441 3133 1768 3193 amicorum
1816 3131 2118 3193 doctrinae
2168 3130 2404 3212 debere,
2454 3141 2579 3193 tum
2616 3151 2762 3193 uero
2802 3151 2927 3192 ma-

620 3233 830 3292 teriam
879 3232 1007 3292 siue
1047 3229 1295 3292 delatam
1335 3231 1466 3290 siue
1503 3237 1805 3308 acceptam
1844 3231 2042 3308 ipsum
2080 3249 2187 3290 suo
2225 3231 2466 3308 ingenio
2504 3229 2928 3306 conformasse,

619 3329 800 3410 idque
851 3330 958 3407 ita,
1013 3334 1080 3388 ut
1134 3346 1254 3389 non
1309 3327 1524 3407 puerili
1579 3345 1747 3388 more
1802 3329 1967 3389 uiros
2015 3346 2155 3388 suos
2212 3326 2479 3388 laudaret
2524 3327 2629 3388 sed
2678 3335 2739 3388 et
2781 3329 2929 3388 uitis

621 3428 861 3507 scriptis
921 3427 1148 3487 animos
1202 3425 1510 3486 hominum
1567 3425 1888 3487 delectaret
1944 3434 2005 3486 et
2059 3444 2259 3486 rerum
2317 3425 2605 3505 exemplis
2671 3425 2931 3487 lectores

624 3526 863 3587 doceret
909 3520 1072 3584 ‘suos
1130 3525 1342 3603 cuique
1398 3541 1596 3584 mores
1653 3523 2002 3604 plerumque
2058 3523 2378 3584 conciliare
2425 3518 2753 3585 fortunam'
2790 3525 2929 3598 (25,

625 3624 726 3699 19,
759 3624 846 3696 l).
904 3623 1072 3700 quasi
1109 3623 1209 3682 oui
1248 3630 1446 3684 tamen
1487 3629 1669 3683 testas
1710 3640 1912 3683 serum
1952 3622 2187 3683 trahere
2227 3621 2483 3682 uidetur.
2548 3640 2685 3682 nam
2722 3640 2928 3700 quam·

624 3739 798 3799 quam
845 3737 1064 3798 genere
1113 3717 1367 3797 dit-endi,
1413 3727 1476 3778 ut
1527 3739 1557 3779 a
1605 3719 1976 3780 scholasticis
2029 3719 2465 3780 laudationibus
2514 3719 2763 3794 differat,
2810 3721 2929 3780 uti-

623 3826 722 3878 tur
766 3819 933 3878 tenui
949 3811 1019 3902 ¹),
1067 3818 1419 3878 artificiosus
1456 3816 1779 3878 uerborum
1818 3816 2074 3879 ambitus
2111 3819 2308 3878 uitans
2349 3826 2407 3878 et
2444 3819 2505 3877 in
2550 3819 2929 3878 enarratione

623 3935 822 3976 rerum
881 3914 1318 3994 simplicitatem
1375 3915 1669 3994 quandam
1726 3923 1994 3995 raptanS,
2052 3914 2209 3976 idem
2271 3923 2463 3976 tamen
2530 3916 2929 3976 institutionis

625 4033 764 4075 suae
821 4033 940 4075 non
996 4013 1215 4074 oblitus
1271 4022 1330 4074 et
1384 4014 1524 4073 totis
1580 4012 1749 4074 libris
1796 4013 2165 4092 singulisque
2210 4015 2355 4074 uitis
2402 4013 2655 4093 praefari
2704 4021 2763 4073 et
2806 4015 2929 4092 ipsi

811 4241 862 4309 1)
901 4237 1228 4309 Nipperdey
1255 4257 1502 4308 p.xxxv11
1523 4255 1643 4307 sqq.
1684 4237 1744 4290 B.
1766 4237 1956 4308 Lupus
1996 4239 2114 4293 Der
2141 4237 2617 4308 Sprachyebrauch
2644 4238 2739 4293 des
2768 4239 2825 4294 0.
2850 4239 2929 4294 Ν.

625 4338 676 4392 p.
713 4325 830 4376 196.
887 4317 1117 4373 Norden
1155 4319 1267 4374 Die
1300 4319 1485 4374 antike
1529 4319 1883 4388 Kunstprosa
1916 4335 1969 4387 p.
2003 4323 2121 4372 204.
