3234 5034
495 2002 603 2055 211

497 2092 603 2143 964

638 302 766 367 120
1477 302 1735 357 AELIVS
1772 300 2075 357 MAVRvs

811 465 881 535 4.
968 472 1160 551 Capit.
1223 472 1384 533 Clod.
1441 473 1575 533 Alb.
1633 471 1690 546 7,
1738 471 1777 532 1
1862 469 1949 531 Ad
2022 470 2338 550 imperium
2409 470 2580 530 uenit
2650 466 2930 547 [andins

633 568 917 649 Albinus]
973 577 1115 632 natu
1177 569 1461 649 grandior
1524 578 1584 631 et
1648 571 1837 630 maior
1892 568 2219 631 Pescennio
2276 566 2485 647 Nigro,
2542 574 2611 629 ut
2669 566 2930 628 Seuerus

633 669 762 747 ipse
809 670 872 729 in
917 671 1041 731 uita
1087 686 1194 730 sua
1239 667 1520 748 loquitur.

813 762 934 830 5²¹².
988 769 1179 845 Capit.
1225 768 1387 829 Clod.
1424 770 1557 830 Alb.
1597 767 1701 840 10,
1733 768 1771 827 1
1839 764 1911 827 Et
1968 765 2227 828 Seuerus
2290 763 2531 844 quidem
2593 764 2725 843 ipse
2782 762 2933 825 haec

637 864 708 927 de
755 864 966 927 eodem
1013 864 1256 945 [Clodio
1302 865 1552 944 Albino]
1599 865 1886 946 loquitur,
1942 873 2011 927 ut
2054 882 2191 925 eum
2240 862 2397 925 dicat
2447 870 2709 943 turpem,
2765 860 2931 923 mali·
2988 884 3011 921 ⁵

633 966 880 1043 tiosum‚
933 964 1280 1044 inprobum,
1333 963 1741 1043 inhonestum,
1798 959 2125 1043 cupidum,'
2161 961 2550 1023 luxuriosum.
2624 958 2731 1021 sed
2782 959 2932 1021 haec

635 1060 778 1123 belli
823 1071 1093 1142 tempore
1137 1062 1238 1124 uel
1271 1070 1408 1142 post
1443 1061 1684 1141 bellum,
1723 1060 1956 1143 quando
1994 1063 2050 1123 ei
2088 1062 2206 1123 iam
2241 1060 2411 1121 uelut
2448 1058 2520 1120 de
2556 1057 2728 1119 hoste
2766 1056 2931 1119 credi

635 1177 755 1221 non
801 1167 1050 1239 poterat„

811 1257 930 1321 6*.
996 1257 1187 1337 Capit.
1234 1260 1398 1322 Ozoa.
1437 1262 1570 1322 Alb.
1612 1260 1715 1337 11,
1753 1260 1796 1319 4
1860 1259 1992 1319 Vini
2047 1275 2191 1319 sane
2246 1274 2493 1338 parcum
2546 1256 2733 1319 fuisse
2790 1254 2935 1317 dicit

639 1355 946 1435 [Clodium
1001 1356 1280 1436 Cordus],
1326 1356 1484 1438 quod
1531 1356 1792 1420 Seuerus
1839 1364 2040 1436 negat,
2094 1358 2200 1436 qui
2244 1374 2383 1417 eum
2428 1353 2650 1416 adserit
2700 1353 2935 1415 ebrium
2966 1375 3019 1415 ω

637 1457 817 1517 etiam
861 1456 926 1515 in
970 1454 1126 1517 bello
1173 1455 1374 1517 fuisse.
1450 1474 1586 1517 cum
1634 1457 1759 1518 suis
1804 1463 1868 1517 et
1912 1473 2237 1535 numquam
2279 1454 2518 1517 cenauit
2551 1452 2651 1514 uel
2687 1464 2939 1533 propter

637 1552 1040 1632 uinolentiam‚
1086 1561 1154 1616 ut
1200 1553 1344 1615 dicit
1390 1554 1672 1631 Seuerus,
1718 1554 1816 1615 uel
1860 1561 2109 1634 propter
2152 1570 2385 1614 morum
2432 1552 2839 1613 acrimoniam.

1389 1844 1728 1921 AELIVS
1783 1845 2179 1921 MAVRVS

819 2021 883 2090 1.
933 2028 1137 2105 spart.
1185 2028 1323 2089 Seu.
1369 2026 1554 2102 20,1
1633 2024 1876 2105 Legisse
1948 2043 2045 2086 me
2120 2024 2275 2105 apud
2347 2024 2577 2089 Aelium
2652 2025 2945 2106 Maurum,

638 2124 982 2205 Phlegontis
1027 2123 1310 2186 Hadriani
1355 2123 1665 2204 libertum,
1718 2126 1963 2185 memini
2011 2123 2364 2203 Septimium
2412 2124 2702 2187 Seuerum
2746 2126 2944 2185 inmo·

642 2221 1043 2301 deratissime,
1089 2242 1224 2284 cum
1271 2229 1633 2302 moreretur,
1679 2220 1989 2301 laetatum,
2034 2221 2195 2302 quod
2242 2221 2389 2284 duos
2438 2224 2763 2284 Antoninos
2808 2224 2947 2303 pari
2976 2241 3027 2281 ιι

640 2323 891 2401 imperio
947 2323 1037 2383 rei
1090 2341 1146 2401 p.
1194 2320 1562 2400 relinqueret
1615 2320 1884 2400 exemplo
1939 2320 2057 2400 Pii,
2114 2322 2217 2400 qui
2268 2320 2485 2383 Verum
2550 2328 2613 2383 et
2674 2319 2945 2383 Marcum

641 2419 970 2481 Antoninos
1016 2437 1125 2499 per
1171 2418 1545 2499 adoptionem
1595 2418 1749 2479 filios
1800 2420 1887 2481 rei
1934 2439 1990 2499 p.
2030 2417 2289 2499 reliquit,
2336 2419 2447 2480 hoc
2492 2418 2734 2499 melius,
2780 2418 2949 2499 quod

642 2518 744 2579 ille
790 2518 944 2581 lilios
988 2537 1098 2598 per
1151 2517 1555 2597 adoptionem,
1603 2517 1702 2577 hic
1758 2536 1868 2598 per
1923 2536 1987 2579 se
2044 2520 2276 2596 genitos
2332 2526 2597 2579 rectores
2641 2516 2951 2579 Romanae

645 2618 732 2678 rei
795 2635 852 2697 p.
911 2615 1104 2697 daret,
1167 2617 1528 2677 Antoninum
1593 2614 1825 2677 seilicet
1888 2615 2234 2677 Bassianum
2299 2614 2539 2697 quidem
2604 2633 2675 2676 ex
2736 2617 2951 2695 priore

651 2716 1032 2777 matrimonio
1080 2721 1427 2793 susceperat
1473 2720 1532 2775 et
1578 2712 1787 2775 Getam
1835 2713 1907 2775 de
1951 2713 2099 2777 Iulia
2146 2720 2449 2793 genuerat.
2981 2734 3035 2774 so

825 2940 883 2996 1.
923 2942 1012 2997 De
1047 2941 1144 2996 hoe
1178 2942 1438 3010 scriptore
1473 2940 1656 2995 aulico
1690 2940 1836 2995 nihil
1859 2946 2085 3010 praeter
2118 2940 2265 2995 hunc
2290 2940 2465 2995 locum
2490 2946 2699 3006 notum,
2724 2956 2795 2995 ea:
2820 2958 2956 3009 quo,

644 3013 696 3067 si
739 3028 862 3067 eum
905 3018 1042 3067 recte
1086 3012 1326 3067 restituit
1369 3010 1707 3078 Salmasius,
1752 3018 1803 3065 et
1838 3026 2035 3067 nomen
2071 3018 2121 3067 et
2154 3012 2346 3067 studia
2381 3012 2615 3082 patroni
2657 3027 2781 3066 eum
2814 3027 2952 3067 con-

647 3085 890 3139 tinuasse
933 3084 1180 3153 adparet.
1209 3113 1281 3124 ——
1318 3082 1514 3137 Etiam
1561 3083 1875 3138 Bassianus
1918 3098 2045 3137 uere
2088 3083 2241 3151 filius
2285 3083 2469 3139 Iuliae
2516 3082 2773 3139 Dammae
2809 3082 2956 3151 fuit,

645 3161 836 3211 mant
868 3157 1044 3227 igitur
1079 3162 1130 3210 et
1155 3154 1491 3223 Spartianus
1526 3160 1579 3209 et
1603 3155 1765 3210 ceteri
1791 3156 2079 3224 scriptores
2106 3154 2325 3222 Latini,
2352 3156 2579 3226 Prosop.
2609 3154 2721 3209 ΙΙΙ
2742 3171 2801 3223 p.
2830 3158 2955 3209 203

643 3244 699 3282 n.
731 3230 854 3282 321.

824 3440 897 3527 4,
947 3451 1004 3507 2.
1049 3452 1266 3509 natura
1302 3448 1360 3507 P
1395 3450 1546 3508 natu
1589 3448 1715 3509 ium
1752 3449 1835 3509 sd.
1855 3467 1953 3523 pr.

827 3530 900 3616 6,
950 3541 1049 3597 11.
1095 3532 1184 3617 et]
1222 3540 1402 3597 etiam
1451 3538 1536 3597 ed.
1553 3555 1653 3611 pr.
1700 3540 1757 3597 oi
1793 3539 2126 3598 Mommsen
2258 3531 2527 3617 cenauit]
2564 3540 2649 3599 ed.
2668 3556 2768 3612 pr.
2806 3556 2953 3599 oon·

649 3626 822 3686 uenit
853 3626 913 3686 P
1092 3629 1190 3687 12.
1237 3627 1537 3686 morumui
1571 3627 1632 3687 P
1654 3646 1709 3687 a.
1736 3644 1856 3687 ras.

834 3707 899 3793 l,
952 3717 1052 3775 13.
1099 3708 1366 3795 Aelium]
1403 3716 1628 3776 heliam
1662 3717 1721 3775 P
1878 3711 2185 3796 Maurum]
2220 3719 2401 3791 prius
2446 3736 2489 3775 u
2532 3720 2599 3776 in
2635 3714 2693 3774 P
2719 3717 2787 3776 in
2826 3736 2953 3779 ras.

657 3806 753 3863 14.
802 3804 1148 3883 Phlegontis
1194 3805 1488 3865 Tralliani
1532 3804 1811 3866 libertum
1865 3807 2018 3881 uuly.
2076 3804 2372 3867 Hadriani
2416 3805 2621 3866 liberti
2662 3806 2953 3866 libertum

649 3894 982 3953 Salmasius
1154 3898 1252 3954 19.
1301 3888 1570 3974 quidem]
1607 3916 1783 3971 quem
1832 3896 2145 3970 Egnatius,
2189 3897 2293 3970 qui
2340 3898 2518 3955 etiam
2552 3898 2691 3969 posi
2736 3894 2957 3956 Getam

653 4002 828 4060 quem
873 3986 1081 4043 inserit
