3234 5034
638 339 884 388 cxxnn
1130 319 1229 374 DE
1268 319 1733 376 SCRIPTORVM
1771 319 1958 374 VITIS
1995 319 2088 374 ΕΤ
2127 319 2442 376 SCRIPTIS

637 491 897 550 insertae
930 488 1089 550 haud
1118 488 1486 568 spernendae
1516 490 1904 568 auctoritatiS,
1932 507 2079 569 quas
2107 490 2400 568 originem
2429 489 2648 551 ducere
2683 491 2942 552 coniecit

639 606 709 649 ex
767 587 986 648 Bocchi
1040 587 1337 648 chronicis
1345 633 1363 667 ,
1420 589 1548 667 qui,
1606 606 1742 648 cum
1799 588 1928 648 eius
1983 589 2304 649 auctoritas
2359 590 2626 650 omnium
2691 589 2938 648 minime

635 685 888 747 illustris
936 693 1120 765 esset,
1178 692 1273 746 ter
1320 688 1605 747 citaretur
1653 683 1794 746 ‘non
1853 694 1974 746 tam
2031 685 2103 746 ad
2165 704 2292 747 rem
2338 685 2594 766 aliquam
2651 705 2684 747 a
2729 688 2938 766 paucis

637 783 915 846 traditam
960 783 1059 845 uel
1107 792 1549 846 controuersam
1596 783 1960 864 probandam
2009 803 2183 864 quam
2233 784 2305 845 de
2353 783 2534 846 rebus
2571 784 2728 865 apud
2765 785 2937 846 chro-
2967 773 2984 792 '

638 883 970 962 nographos
1034 901 1239 944 omnes
1314 881 1515 944 relatis
1589 890 1650 943 et
1713 882 1838 942 fere
1910 880 2266 962 tralaticiis',
2337 883 2710 964 eundemque
2777 883 2938 944 hunc

638 982 933 1042 Bocchum
974 1000 1107 1042 esse
1146 999 1281 1042 cum
1320 979 1592 1042 Cornelio
1633 980 1863 1041 Boccho
1903 999 1936 1042 a
1971 980 2163 1041 Plinio
2202 983 2262 1041 in
2301 990 2418 1042 nat.
2455 981 2592 1042 hist.
2641 981 2714 1043 de
2755 981 2936 1042 rebus

636 1079 1129 1160 Hispaniensibus
1167 1081 1361 1140 citato.
1427 1097 1577 1160 quae
1625 1078 1866 1158 quidem
1909 1081 2250 1140 coniectura
2297 1079 2369 1141 ab
2407 1080 2567 1141 Aem.
2615 1079 2935 1142 Huebnero

642 1181 874 1253 (Herm.
906 1180 948 1240 I
964 1198 1030 1256 p.
1062 1179 1221 1253 397)
1261 1177 1568 1258 splendide
1606 1178 1950 1238 confirmata
1997 1185 2090 1239 est
2134 1180 2394 1258 primum
2433 1180 2498 1238 in
2545 1180 2937 1258 inscriptione

640 1277 891 1358 quadam
939 1277 1204 1338 Lusitani
1253 1277 1565 1356 municipii
1612 1275 1873 1337 Salaciae
1921 1269 2110 1359 (nunc
2155 1276 2217 1337 C.
2255 1277 2298 1337 1.
2337 1276 2400 1338 L.
2437 1277 2489 1336 ll
2535 1295 2592 1338 n.
2632 1273 2719 1338 35
2767 1297 2824 1356 p.
2867 1271 2936 1360 7)

639 1375 892 1438 eundem
950 1376 1429 1454 recognoscentis
1437 1421 1454 1453 ,
1514 1381 1642 1436 tum
1697 1376 1762 1434 in
1827 1373 2054 1436 duabus
2121 1374 2252 1436 aliis
2314 1377 2460 1436 item
2513 1376 2578 1435 in
2634 1375 2938 1436 Lusitania

641 1476 895 1554 repertis
924 1475 1019 1547 (Ο.
1052 1475 1101 1535 I.
1130 1474 1198 1534 L.
1230 1475 1433 1550 Suppl.
1464 1476 1551 1534 ad
1586 1473 1664 1533 II
1687 1472 1864 1533 5184
1901 1481 1961 1534 et
1999 1474 2175 1534 5617
2209 1472 2330 1535 uid.
2369 1476 2520 1551 Eph.
2549 1479 2744 1551 epiyr.
2781 1475 2944 1534 VIII

628 1594 696 1651 p.
727 1573 903 1647 356).
963 1573 1075 1634 fuit
1110 1574 1295 1651 igitur
1329 1571 1427 1632 hic
1464 1570 1526 1632 C.
1566 1571 1875 1633 Cornelius
1915 1571 2184 1632 Bocchus
2231 1572 2567 1652 praefectus
2613 1572 2936 1634 Caesarum

639 1671 759 1750 bis,
824 1671 1038 1731 flamen
1104 1672 1448 1750 prouinciae
1505 1670 1842 1730 Lusitaniae
1889 1676 2212 1750 perpetuus
2221 1717 2239 1749 ,
2293 1671 2630 1750 praefectus
2681 1669 2938 1750 fabrum,

640 1769 917 1831 tribunus
974 1769 1223 1848 legionis
1269 1771 1481 1830 tertiae
1528 1769 1824 1848 Augustae
1873 1775 1959 1848 et,
2017 1787 2152 1830 cum
2204 1767 2588 1849 Caetobrigae
2645 1767 2936 1830 oriundus

641 1875 800 1930 esset
856 1875 957 1929 aut
1000 1866 1242 1948 praedia
1286 1867 1369 1927 ibi
1425 1866 1749 1946 habuisset,
1797 1887 1828 1928 a
1873 1868 2060 1928 uariis
2116 1866 2350 1947 oppidis
2401 1866 2700 1928 Lusitanis
2757 1869 2938 1929 etiam

641 1975 831 2028 statua
869 1967 1190 2028 honoratus
1220 1967 1547 2039 (Huelmer
1584 1969 1672 2028 ad
1713 1965 1772 2026 0.
1805 1967 1853 2026 I.
1887 1967 1950 2027 L.
1983 1966 2061 2026 II
2091 1967 2294 2043 Suppl.
2318 1985 2386 2043 p.
2415 1965 2594 2042 803),
2633 1964 2832 2045 idque,
2871 1972 2940 2026 ut

640 2066 971 2127 litterarum
1002 2065 1189 2126 forma
1220 2064 1407 2143 docet,
1446 2064 1682 2126 saeculo
1707 2073 1842 2144 post
1870 2063 2005 2126 Chr.
2033 2065 2228 2143 primo
2257 2065 2576 2137 (Huebner
2607 2066 2757 2141 Eph.
2784 2067 2823 2125 l.
2841 2067 2937 2138 3.).

641 2183 799 2226 nunc
837 2165 1011 2225 etiam
1048 2161 1197 2224 illud
1224 2161 1604 2241 intellegitur,
1637 2181 1745 2223 cur
1773 2162 2009 2223 Solinus
2051 2159 2106 2241 1,
2137 2158 2222 2222 29
2260 2181 2412 2223 anuo
2449 2181 2507 2222 u.
2539 2181 2588 2222 c.
2623 2158 2746 2223 801
2787 2163 2938 2222 actis

640 2261 893 2342 publicis
947 2260 1338 2341 olympiadem
1394 2262 1708 2341 septimam
1762 2268 1824 2322 et
1879 2261 2343 2322 ducentesimam
2411 2260 2744 2321 adnotatam
2803 2279 2938 2322 esse

641 2360 1195 2422 commemorauerit
1237 2379 1422 2439 eaque
1460 2365 1597 2420 nota
1635 2359 1840 2420 ultima
1881 2361 1959 2420 sit
2003 2360 2134 2420 eius
2178 2360 2442 2439 generis3
2488 2360 2550 2419 iu
2599 2377 2733 2419 eum
2775 2360 2936 2420 enim

642 2478 861 2521 annum
909 2461 1038 2520 eius
1086 2457 1571 2537 chronographus
1618 2456 1878 2518 desierat
1924 2459 2282 2531 (Mommsen
2316 2477 2383 2534 p.
2415 2459 2594 2531 xm).

822 2558 919 2617 Sic
1032 2555 1315 2617 debemus
1416 2555 1778 2616 Mommseno
1879 2554 2312 2634 Huebneroque
2419 2557 2938 2634 circumscriptam

644 2654 937 2737 quandam
983 2655 1161 2716 huius
1209 2654 1425 2715 Bocchi
1472 2655 1818 2734 imaginem,
1865 2655 1968 2734 qui
2015 2661 2076 2715 et
2119 2661 2364 2734 propter
2407 2655 2590 2716 uitam
2635 2653 2936 2734 publicam

644 2757 891 2834 eiusque
938 2752 1141 2814 laudes
1188 2751 1259 2812 ab
1307 2751 1766 2832 imperatoribus
1803 2752 2303 2832 popularibusque
2341 2754 2466 2812 suis
2504 2750 2716 2832 amplis
2751 2752 2936 2812 hono·

645 2852 809 2914 ribus
857 2851 1052 2914 cultus
1098 2859 1189 2912 est
1235 2857 1297 2912 et
1340 2853 1403 2911 in
1448 2851 1664 2912 litteris
1711 2850 2006 2912 excellens
2053 2853 2294 2912 exstitit.
2387 2869 2524 2912 nam
2581 2849 2739 2929 apud
2797 2869 2936 2911 eum

646 2948 731 3013 ‘in
778 2949 964 3012 solida
1010 2958 1071 3010 et
1114 2949 1287 3029 plena
1336 2945 1627 3010 doctrina'
1673 2968 2012 3028 uersamur,
2067 2957 2134 3011 ut
2180 2951 2264 3010 ait
2307 2948 2632 3010 Mommsen
2641 2995 2660 3028 ,
2719 2950 2824 3028 qui
2869 2949 2936 3010 in

644 3049 902 3112 editione
951 3067 1057 3110 sua
1104 3067 1205 3109 eas
1242 3066 1356 3126 res,
1394 3047 1610 3128 quibus
1649 3055 1925 3128 excerpta
1961 3047 2224 3110 Pliniana
2264 3046 2504 3108 Solinus
2539 3065 2610 3108 ex
2649 3065 2718 3108 ea
2757 3048 2940 3126 auxit,

646 3149 915 3209 distinxit
951 3153 1125 3226 atque
1163 3149 1226 3207 in
1262 3147 1626 3226 praefatione
1665 3148 1756 3224 (p.
1786 3149 2110 3223 nrt—xm)
2149 3165 2248 3208 eas
2285 3147 2632 3225 composuit,
2671 3145 2939 3225 digessit,

644 3249 996 3308 aestimauit.
1086 3264 1359 3326 magnam
1422 3245 1506 3305 ibi
1560 3245 1764 3307 hercle
1829 3263 2030 3306 rerum
2097 3245 2639 3306 diuersissimarum
2705 3245 2940 3323 copiam

646 3346 947 3424 habemus,
993 3347 1209 3426 partim
1250 3346 1429 3405 certis
1468 3351 1801 3424 temporum
1839 3346 1996 3406 notis
2033 3345 2331 3404 finitarum
2371 3344 2500 3403 siue
2538 3341 2938 3421 olympiadum

642 3446 771 3506 siue
818 3444 986 3506 urbis
1036 3443 1305 3504 conditae
1343 3445 1472 3504 siue
1518 3451 1654 3522 post
1701 3442 1994 3504 excidium
2041 3442 2250 3503 Troiae
2298 3443 2426 3502 siue
2465 3459 2670 3520 regum
2721 3458 2938 3501 consu-

644 3543 861 3605 lumue.
954 3542 1058 3603 sed
1126 3543 1297 3602 etiam
1364 3540 1519 3602 ultra
1586 3541 1881 3602 excidium
1907 3543 1916 3546 “
1946 3540 2092 3602 illud
2157 3558 2254 3601 res
2311 3540 2552 3619 repetiit
2605 3538 2676 3599 ab
2735 3537 2939 3618 Ogygo

643 3641 1117 3720 Deucalioneque
1188 3641 1267 3713 (c.
1320 3640 1401 3700 11
1413 3686 1431 3718 ,
1481 3639 1622 3718 18),
1682 3641 1946 3700 imitatus
2013 3637 2265 3699 Graecos
2331 3637 2810 3717 chronographos
2871 3646 2942 3698 et

646 3741 745 3820 qui
804 3757 1009 3800 eorum
1058 3738 1451 3799 eruditionem
1508 3737 1580 3798 ad
1626 3737 1918 3799 Romanos
1974 3735 2300 3816 transtulit,
2355 3735 2695 3797 Cornelium
2743 3735 2942 3816 Nepo-

646 3846 792 3915 tem,
858 3857 1112 3917 quocum
1177 3838 1379 3898 nescio
1434 3855 1509 3897 an
1564 3855 1684 3897 non
1741 3835 1864 3897 solo
1921 3855 2061 3897 casu
2117 3836 2375 3896 nominis
2431 3837 2782 3896 coniunctus
2837 3835 2940 3895 sit.

647 3944 771 3997 tum
821 3953 963 3996 uero
1012 3943 1071 3995 et
1116 3933 1369 3996 Graecas
1416 3941 1477 3995 et
1520 3934 1812 3995 Romanas
1861 3953 1957 3995 res
1993 3935 2317 4013 pertexuit,
2372 3935 2626 3994 maxime
2673 3934 2944 4012 origines

645 4032 883 4094 urbium
928 4032 1400 4112 populorumque
1448 4034 1625 4094 etiam
1672 4034 1870 4094 minus
1918 4041 2218 4110 notorum,
2274 4039 2449 4112 atque
2505 4032 2682 4091 etiam
2729 4038 2944 4110 poetas

647 4133 1085 4211 scriptoresque
1124 4133 1512 4210 enumerauit,
1550 4137 1789 4210 praeter
1825 4130 2312 4192 consuetudinem
2353 4137 2657 4190 auctorum
2689 4147 2944 4191 suorum

644 4230 873 4309 largum
920 4247 1235 4290 numerum
1282 4229 1545 4290 adiciens
1584 4231 1942 4303 (Mommsen
1969 4250 2034 4307 p.
2067 4231 2201 4303 xm)
2251 4229 2656 4306 rationemque
2695 4237 2949 4290 secutus

645 4329 1039 4389 Catonianam.
1132 4327 1377 4388 ultimus
1423 4336 1619 4388 autem
1665 4327 1902 4388 illorum
1949 4329 2060 4388 fuit
2105 4326 2418 4387 Cornelius
2464 4324 2662 4405 Nepos
2709 4326 2926 4401 (127)
