3234 5034
1078 353 1134 410 C.
1164 353 1453 410 ASINIVS
1488 351 1748 409 POLLIO
2221 354 2564 402 Lxxxxvu

430 521 649 603 Restat,
698 531 765 584 ut
802 541 1101 602 quaeram,
1142 540 1291 601 quos
1340 521 1573 582 libros
1620 521 1692 582 in
1738 521 2050 582 historia
2097 539 2220 581 sua
2267 520 2563 580 Asinius

271 619 523 682 adiisse
568 620 878 700 uideatur,
934 639 1129 702 neque
1184 622 1341 681 enim
1390 619 1668 681 omnibus
1715 617 1896 680 rebus
1941 617 2086 679 belli
2132 616 2330 679 ciuilis
2379 619 2562 678 inter-

272 718 384 779 fuit.
440 718 607 780 uelut
652 718 853 780 facere
900 737 1019 780 non
1065 719 1275 799 potuit,
1324 720 1471 798 quin
1509 716 1784 778 Caesaris
1833 715 1905 778 de
1943 715 2099 778 bello
2138 714 2364 778 Gallico
2403 733 2564 778 com-

270 819 575 878 mentarios
604 816 948 878 consuleret
976 819 1249 896 quamuis
1278 817 1503 878 acriter
1533 814 1605 876 de
1637 817 1726 876 eis
1757 814 2028 877 iudicans
2049 811 2159 896 (fr.
2181 811 2273 896 4),
2303 821 2562 876 exstant-

271 933 373 994 que
418 915 570 994 apud
618 913 1003 976 Plutarchum
1053 933 1261 976 eorum
1308 915 1563 994 uestigia
1610 909 1768 994 (uid.
1815 913 2088 976 Thouret
2119 931 2187 992 p.
2226 913 2358 974 352
2385 909 2561 990 sqq),

270 1031 375 1072 uno
425 1011 553 1074 loco
612 1015 793 1074 etiam
848 1012 1106 1074 laudatio
1164 1021 1225 1074 et
1278 1011 1435 1091 apud
1488 1011 1652 1073 hunc
1707 1019 1768 1072 et
1822 1010 1980 1091 apud
2034 1012 2368 1091 Appianum
2427 1029 2562 1071 cum

268 1109 507 1171 Tanusio
538 1108 792 1173 Gemino
831 1113 1147 1172 coniuncta
1178 1113 1334 1186 (uid.
1352 1129 1418 1188 p.
1448 1131 1680 1170 Lxxxxl
1701 1111 1837 1186 sq.).
1888 1117 2092 1171 contra
2122 1109 2373 1187 Augusti
2403 1127 2562 1168 com-

269 1211 577 1270 mentarios
628 1208 701 1270 ab
738 1209 944 1269 Asinio
990 1207 1289 1270 adhibitos
1327 1226 1459 1270 esse
1499 1205 1882 1269 Kornemann
1918 1227 1986 1284 p.
2027 1205 2158 1268 652
2175 1224 2301 1283 sqq.
2341 1207 2563 1267 frustra

271 1304 666 1368 demonstrare
705 1314 954 1368 conatus
993 1315 1101 1386 est,
1140 1306 1202 1367 id
1249 1305 1405 1387 quod
1442 1313 1784 1385 temporum
1821 1307 2049 1366 ratione
2087 1311 2344 1384 uetatur,
2383 1306 2562 1366 etiam

271 1402 333 1464 de
374 1403 645 1466 Messalla
694 1413 753 1466 et
788 1403 1100 1466 Volumnio
1150 1402 1354 1466 dubito
1400 1401 1557 1485 (uid.
1584 1423 1654 1480 p.
1686 1424 1904 1464 LXXXI!
1924 1399 2040 1484 sq.)
2088 1410 2264 1482 atque
2320 1404 2384 1463 in
2429 1403 2562 1464 uni-

268 1519 495 1562 uersum
542 1520 683 1564 eum
728 1501 1009 1564 historias
1056 1521 1129 1564 ex
1177 1503 1463 1563 memoria
1511 1500 1609 1563 uel
1649 1519 1755 1562 sua
1793 1499 1890 1562 uel
1929 1499 2198 1579 aliorum,
2238 1502 2341 1580 qui
2379 1501 2562 1560 inter-

272 1597 524 1679 tuissent,
574 1603 983 1680 composuisse
1031 1619 1141 1681 per
1188 1619 1253 1662 se
1300 1601 1432 1661 ueri
1480 1598 1675 1661 simile
1723 1617 1857 1660 esse
1905 1606 2115 1660 statuo.

430 1697 1023 1778 Fragmentorum
1083 1697 1340 1778 denique
1396 1716 1767 1777 numeruS,
1821 1704 1889 1758 ut
1945 1699 2322 1758 coniecturas
2389 1697 2561 1758 omit-

270 1801 469 1874 tamuS‚
535 1795 857 1857 admodum
922 1797 1173 1876 exiguus
1238 1804 1330 1858 est
1394 1797 1659 1875 itemque
1725 1802 1965 1874 praeter
2030 1793 2144 1856 duo
2217 1803 2564 1874 argumenta

270 1895 468 1953 tenuia.
545 1911 682 1954 nam
742 1896 853 1955 etsi
912 1895 984 1955 ad
1040 1896 1433 1955 constantiam
1479 1895 1696 1972 Asinii,
1754 1911 1906 1972 quae
1953 1895 2130 1953 etiam
2177 1892 2562 1954 historiarum

268 1988 575 2053 acerbitate
632 1990 921 2072 elucebat,
978 1994 1171 2072 primo
1220 1991 1643 2071 confugiebant
1680 1993 1783 2071 qui
1823 1993 2137 2052 uictricem
2176 2008 2416 2052 causam
2455 1991 2564 2051 toti

269 2091 423 2166 sequi
469 2084 781 2174 nollentl),
831 2089 1113 2169 paulatim
1170 2097 1371 2150 tamen
1418 2089 1546 2150 laus
1594 2091 1724 2150 eius
1771 2089 2068 2150 sermonis
2115 2095 2174 2149 et
2219 2087 2402 2167 Liuii,
2459 2091 2564 2168 qui

268 2183 497 2248 forsitan
568 2205 639 2248 eo
702 2205 849 2248 usus
915 2189 1020 2266 sit,
1077 2186 1263 2248 lactea
1317 2186 1588 2249 ubertate
1647 2205 1778 2248 esse
1835 2185 2150 2248 obscurata
2205 2185 2450 2248 uidetur
2505 2195 2564 2247 et

268 2282 739 2346 increbrescente
806 2284 1195 2347 admiratione
1260 2285 1595 2364 Ciceronis,
1663 2292 1867 2346 contra
1923 2303 2100 2364 quem
2163 2282 2416 2345 obnixus
2473 2293 2563 2345 est

268 2378 321 2440 C.
363 2382 603 2443 Asinius
660 2381 861 2444 Gallus
910 2375 1059 2466 (cos
1100 2377 1367 2466 8s746),
1424 2401 1561 2444 cum
1618 2384 1796 2444 etiam
1853 2381 2040 2443 libros
2097 2378 2194 2443 ‘de
2259 2399 2562 2462 compara-

267 2480 413 2540 tione
461 2483 649 2560 patris
688 2489 747 2542 et
785 2479 1115 2542 Ciceronis’
1156 2478 1345 2562 (Ptin.
1376 2499 1465 2559 ep.
1512 2481 1638 2541 VII
1667 2482 1726 2556 4,
1756 2477 1828 2559 3)
1863 2478 2173 2558 scriberet,
2219 2478 2325 2541 sed
2365 2481 2562 2560 potius

269 2575 723 2656 indignationem
780 2578 1261 2640 aduersariorum
1312 2577 1597 2639 Pollionis
1644 2579 1973 2656 suscitauit‚
2019 2584 2090 2640 ut
2133 2578 2274 2657 imp.
2315 2577 2563 2656 Claudii,

268 2676 359 2752 qui
402 2675 695 2755 peculiari
742 2675 895 2737 libro
943 2673 1113 2738 ‘satis
1160 2674 1416 2738 erudite’
1457 2676 1808 2737 Ciceronem
1855 2673 2147 2737 aduersus
2187 2673 2420 2737 Gallum
2463 2676 2562 2737 de-

268 2770 445 2833 fendit
489 2771 684 2852 (Suet.
740 2776 949 2836 Claud.
989 2773 1123 2856 41),
1190 2774 1452 2836 Senecae
1501 2770 1622 2853 (ep.
1663 2773 1809 2850 100,
1843 2770 1930 2854 7),
1996 2771 2348 2844 Quintiliani
2393 2771 2571 2854 (XII

268 2870 321 2948 1,
348 2871 429 2931 22
481 2871 561 2948 cs.
594 2872 747 2932 Ptin.
778 2891 868 2949 ep.
913 2873 1038 2933 VII
1068 2873 1127 2948 4,
1158 2873 1215 2933 6.
1262 2873 1406 2934 Gen.
1437 2872 1644 2933 XVII
1673 2874 1730 2948 1,
1763 2869 1854 2951 1).
1919 2873 2025 2950 qui
2061 2879 2260 2932 tamen
2307 2873 2561 2951 antiqui-

268 2971 393 3029 tatis
438 2971 735 3031 sermonis
782 2968 1172 3031 studiosiores
1228 2979 1417 3049 erant,
1465 2969 1538 3030 ad
1578 2968 1844 3031 Sallustii
1879 2971 2217 3031 uiuaciores
2263 2967 2449 3030 libros
2497 2987 2561 3030 se

270 3066 701 3146 conuertebant,
750 3087 887 3129 cum
934 3065 1173 3147 Graeci,
1218 3076 1287 3129 ut
1334 3087 1429 3130 res
1478 3067 1549 3128 ab
1598 3087 1670 3129 eo
1720 3075 1993 3128 narratae
2042 3075 2561 3148 cognoscerentur,

270 3159 541 3226 Graecam
593 3167 1145 3245 interpretationem
1192 3165 1583 3245 praeferrent„
1659 3165 1766 3227 sed
1814 3184 1949 3227 cum
2005 3167 2136 3245 ipso
2191 3167 2326 3226 uiro
2382 3167 2560 3226 etiam

268 3259 403 3322 haec
446 3265 505 3324 in
553 3263 919 3326 obliuionem
964 3267 1149 3326 uenit.
1164 3258 1217 3348 ²)
1286 3283 1429 3325 num
1474 3263 1721 3343 Plinius,
1769 3265 1873 3343 qui
1917 3264 2190 3324 Asinium
2234 3262 2560 3324 Pollionem

270 3359 324 3418 in
379 3361 573 3422 indice
641 3360 778 3422 libri
816 3375 917 3422 vu
972 3361 1164 3422 adfert
1210 3369 1385 3442 atque
1444 3363 1505 3422 in
1562 3380 1634 3422 eo
1691 3361 1731 3438 ξ
1783 3357 1910 3422 115
1971 3363 2100 3422 eius
2166 3359 2562 3422 bibliothecae

270 3459 541 3538 meminit,
606 3461 768 3538 ipsas
833 3459 1112 3520 historias
1178 3461 1549 3540 excerpserit
1620 3461 1940 3521 nescimus.
2040 3459 2287 3521 ultimus
2352 3477 2559 3520 eorum

272 3557 633 3635 scriptorum,
680 3558 785 3637 qui
823 3555 898 3618 ad
933 3575 1043 3618 nos
1079 3559 1488 3637 pei-uenerint,
1526 3559 1688 3637 ipsas
1724 3557 1916 3618 Asinii
1951 3556 2234 3618 hist-orias
2271 3558 2335 3618 in
2373 3559 2559 3618 mani-

270 3647 372 3712 bus
414 3653 693 3716 habuisse
742 3653 1062 3717 Suetonius
1108 3654 1375 3734 uidetur,
1432 3653 1588 3735 apud
1645 3673 1822 3733 quem
1873 3661 2112 3736 praeter
2166 3653 2327 3716 locos
2374 3657 2435 3716 in
2485 3654 2556 3717 fr.

272 3765 567 3814 numerum
628 3760 901 3833 receptos
950 3745 1040 3836 (3.
1087 3747 1161 3838 4)
1210 3754 1389 3814 etiam
1445 3753 1547 3814 alii
1592 3771 1694 3814 eas
1741 3752 2023 3814 indicant.
2097 3752 2258 3814 unde
2303 3751 2560 3814 Priscia-

272 3863 377 3907 nus
416 3849 483 3911 fr.
523 3849 563 3913 8
610 3858 865 3911 nanctus
912 3853 1007 3929 sit,
1054 3869 1129 3912 ne
1178 3850 1450 3913 diuinare
1498 3849 1741 3931 quidem
1788 3844 2182 3935 possumuS.⁸)

438 4033 487 4100 1)
524 4027 848 4100 Exaggerat
884 4031 1002 4086 eius
1040 4030 1439 4087 auctoritatem
1478 4031 1630 4101 apud
1657 4033 1910 4102 posteros
1929 4029 2112 4084 Wolff
2114 4030 2196 4086 lin
2226 4031 2425 4100 Bayer.
2451 4031 2556 4088 Ak.

274 4103 385 4162 Ber.
414 4113 547 4164 1889
586 4109 697 4166 uol.
726 4110 753 4164 1
788 4129 844 4181 p.
876 4117 995 4167 825.

435 4192 489 4260 2)
524 4189 827 4261 Pei-peram
870 4191 1025 4261 apud
1070 4191 1311 4247 Dionem
1358 4189 1591 4259 quidam
1639 4193 1794 4246 certa
1847 4189 2096 4262 uestigia
2150 4191 2328 4261 ipsius
2374 4191 2558 4247 Asinii

275 4278 383 4320 ease
414 4269 729 4326 noluerunt.

438 4353 489 4420 3)
524 4349 646 4406 Hoc
690 4351 757 4406 fr.
796 4353 970 4407 etiam
1016 4369 1083 4408 ex
1130 4351 1511 4418 orationibus,
1559 4369 1688 4407 cum
1733 4351 1954 4407 duobus
2005 4351 2134 4406 aliis
2182 4351 2320 4407 locis
2369 4352 2442 4407 ab
2491 4367 2558 4408 eo

372 4456 487 4498 ΗΜ.
506 4457 633 4501 Bon.
652 4461 736 4502 τοι.
752 4460 815 4511 11,
846 4461 918 4501 ed.
945 4461 981 4501 1>
992 4471 1015 4502 s
1026 4463 1045 4501 t
1056 4472 1081 4502 ο
1092 4473 1127 4503 r.
2032 4439 2130 4496 VH
