3234 5034
706 346 866 395 CCVI
1190 342 1287 397 DE
1327 341 1789 399 SORIPTORVM
1828 342 2016 397 VITIS
2052 342 2149 397 ΕΤ
2184 340 2499 398 sommus

697 521 896 573 tamen
953 513 1010 573 ei
1057 514 1236 573 etiam
1293 531 1326 571 a
1383 510 1725 571 christianis
1780 508 2241 590 imperatoribus
2298 508 2500 571 Flauio
2552 507 2885 569 Theodosio
2942 517 2999 569 et

699 608 904 672 Flauio
949 608 1190 671 Placido
1226 608 1635 671 Valentiniano
1688 627 1739 669 a.
1775 603 1906 670 431
1956 610 2219 671 restituti
2264 616 2406 669 sunt
2448 606 2833 687 edictumque
2890 609 2999 667 im·

699 715 1041 787 peratorum
1089 710 1150 769 in
1197 706 1393 787 lapide
1440 705 1705 768 additum
1753 708 1841 767 sic
1888 708 2017 769 eius
2064 705 2365 769 annalium
2412 706 2684 768 meminit
2722 706 2820 778 (0.
2852 706 2903 765 I.
2936 706 3001 766 L.

713 808 804 867 VI
834 808 872 867 1
913 826 970 868 n.
1002 806 1177 867 1783
1199 823 1269 884 p.
1307 805 1501 881 400ss
1541 813 1764 883 patres
1819 810 2152 882 conscripti
2198 840 2281 848 -
2331 808 2680 879 intelleyitis
2724 836 2811 845 ——
2868 806 3005 864 diui

700 910 810 967 aui
861 909 1060 968 nostri
1119 908 1577 966 uenerationem
1634 921 1787 979 esse,
1841 908 1899 965 si
1957 921 2117 983 eum,
2172 921 2351 980 quem
2393 908 2611 966 uiuere
2654 904 2832 963 nobis
2874 920 3002 963 ser-

697 1002 1022 1084 uariq(ue)
1068 1005 1244 1065 uobis
1281 1036 1365 1045 —
1403 1006 1658 1080 optauit,
1702 1005 1796 1063 sic
1841 1006 1906 1064 in
1961 1010 2345 1063 monumenta
2397 1006 2695 1063 uirtutum
2748 1018 3003 1061 suarum

700 1104 1080 1178 titulosq(ue)
1117 1118 1491 1177 revocemus,
1529 1110 1613 1180 ut,
1653 1103 1957 1177 quidquid
1989 1105 2051 1162 iu
2092 1104 2272 1162 istum
2314 1118 2505 1163 caeca
2550 1102 3005 1161 insimulatione

699 1205 1076 1262 commissum
1132 1208 1237 1277 est,
1280 1203 1513 1277 procul
1566 1201 1643 1262 ab
1700 1203 1832 1261 eius
1872 1203 2185 1277 principis
2240 1205 2381 1260 uoto
2431 1198 2627 1276 fuisse
2682 1198 2975 1259 iudicetis
2982 1219 3005 1269 ,-

700 1302 877 1361 cuius
932 1303 996 1361 in
1051 1316 1188 1361 eum
1234 1299 1434 1374 effusa
1477 1300 1889 1359 beniuolentia
1944 1306 2004 1359 et
2056 1298 2409 1373 usqu(ue)
2457 1298 2545 1357 ad
2596 1299 3004 1371 annalium,

699 1414 874 1475 quos
911 1401 1351 1459 consecrari
1383 1398 1533 1457 sibi
1559 1415 1598 1457 a
1628 1404 2021 1472 quaestore
2056 1404 2123 1457 et
2147 1394 2545 1475 praefecto
2579 1410 2709 1455 suo
2746 1398 3004 1469 uoluit,

686 1504 996 1574 prouecta
1033 1499 1335 1557 excitauit
1370 1498 1630 1557 liuorem
1668 1496 2078 1571 inproborum.
2126 1492 2375 1555 eandem
2414 1491 2649 1554 laudem
2688 1491 2757 1564 Q.
2788 1491 3005 1553 Fabius

699 1592 1013 1655 Memmius
1059 1594 1145 1666 (n.
1186 1594 1318 1669 III)
1375 1594 1438 1653 in
1503 1592 1689 1654 altero
1754 1592 1947 1672 lapide
2014 1594 2143 1653 eius
2198 1592 2410 1652 honori
2470 1592 2775 1653 sentiente
2836 1610 3003 1671 prae-

701 1691 858 1756 dicat
895 1693 991 1766 (G.
1034 1692 1084 1753 Ι.
1124 1691 1191 1753 L.
1235 1692 1324 1752 VI
1356 1691 1393 1752 1
1432 1709 1490 1752 n.
1523 1690 1697 1752 1782
1724 1710 1791 1768 p.
1820 1690 2013 1766 399).·
2071 1692 2238 1753 Virio
2286 1692 2654 1752 Nicomacho
2696 1690 3004 1751 Flauiano

699 1809 757 1850 u.
797 1809 850 1851 c.
889 1798 1140 1871 quaest„
1181 1797 1389 1867 praet.
1418 1793 1699 1867 pontific.
1745 1793 1996 1864 maiori,
2053 1792 2367 1850 consulari
2422 1789 2702 1864 Siciliae,
2759 1792 3005 1850 uicaria

699 1888 978 1968 Africae,
1017 1891 1331 1964 quaestori
1363 1892 1536 1949 intra
1573 1889 1899 1962 Palatium,
1922 1887 2132 1965 praef.
2150 1896 2358 1965 praet.
2404 1892 2644 1964 iterum,
2692 1903 2815 1947 cos.
2855 1889 3008 1962 ord„

698 1988 1064 2048 historico
1125 1986 1645 2063 disertissima,
1720 1986 1782 2057 O.
1832 1986 1980 2047 Fab.
2028 1986 2347 2047 Memmius
2400 1986 2801 2062 Symmachus
2856 2004 2915 2047 u.
2952 2004 3007 2047 c.

689 2100 1029 2161 prosocero
1077 2086 1316 2161 optimo.

880 2180 1033 2242 Solis
1098 2188 1298 2241 tamen
1363 2188 1560 2242 autem
1625 2180 1719 2241 his
1784 2180 2081 2261 lapidibus
2152 2183 2437 2242 memoria
2513 2183 2641 2242 eius
2716 2182 3009 2243 historiae

703 2287 938 2340 seruata
1001 2286 1108 2340 est.
1199 2297 1336 2340 nam
1401 2279 1713 2340 christiani
1786 2296 2145 2359 quamquam
2219 2277 2644 2340 rotunditatem
2716 2280 3010 2341 erationis

703 2376 1189 2458 Symmachianae
1233 2376 1526 2456 legebant,
1584 2376 2048 2456 admirabantur,
2104 2376 2505 2457 imitabantur,
2561 2385 2758 2439 tamen
2808 2379 3009 2439 omnia

703 2474 1001 2554 delebant,
1075 2493 1226 2555 quae
1301 2473 1574 2555 religioni
1649 2494 1790 2537 suae
1865 2474 2197 2555 periculum
2272 2476 2571 2537 facessere
2632 2474 3010 2537 uiderentur.

702 2577 901 2654 itaque
940 2572 1225 2653 epistulas
1265 2572 1336 2634 ad
1364 2574 1677 2653 gentilium
1707 2574 1985 2653 fautoreS,
2014 2572 2349 2653 Maximum,
2378 2572 2711 2653 Eugenium
2740 2572 3013 2655 aliosque

705 2671 869 2733 datas
923 2689 995 2734 ex
1051 2670 1214 2733 illius
1269 2690 1516 2752 corpore
1574 2674 1900 2736 eiecerunt.
1976 2674 2064 2734 sic
2120 2689 2239 2733 non
2298 2671 2675 2751 mirabimur,
2731 2672 2893 2752 quod
2950 2682 3013 2735 et

705 2769 971 2831 Flauiani
1018 2768 1259 2831 annales
1306 2768 1607 2831 obliuione
1654 2772 2015 2851 scriptorum
2061 2768 2260 2832 obruti
2316 2778 2455 2832 sunt
2501 2778 2561 2831 et
2606 2769 2758 2832 alius
2806 2772 3013 2832 cuius-

705 2868 838 2929 dam
886 2866 1224 2948 Symmachi
1267 2870 1442 2929 amici
1488 2886 1657 2948 opus,
1706 2871 1828 2949 qui,
1870 2876 1941 2929 ut
1986 2868 2084 2928 hic
2132 2870 2229 2947 ait,
2268 2864 2529 2929 ‘omnem
2574 2886 2815 2948 operam
2864 2888 3013 2931 con·

705 2964 931 3029 dandae
994 2964 1278 3027 historiae
1343 2964 1754 3046 deputauerat'
1822 2974 1999 3047 atque
2064 2962 2341 3029 ‘euentus
2414 2968 2504 3027 rei
2568 2984 2625 3046 p.
2684 2984 3013 3047 prosperos

701 3062 877 3144 parili
923 3080 1199 3125 sermone
1245 3060 1584 3126 ornauerat’
1624 3065 1761 3140 (IX
1792 3065 1939 3126 110.
1982 3065 2113 3140 72).

879 3161 947 3224 ln
992 3160 1105 3223 hac
1151 3160 1370 3223 familia
1417 3165 1636 3223 mansit
1680 3164 2051 3243 antiquitatis
2097 3161 2377 3225 studium.
2453 3180 2591 3223 nam
2639 3161 2797 3242 quod
2836 3163 3013 3243 Sym-

705 3259 952 3321 machus
998 3267 1199 3320 orator
1234 3269 1568 3340 parauerat,
1603 3268 1674 3322 ut
1709 3267 1897 3322 totum
1936 3260 2174 3322 Liuium
2212 3259 2507 3340 relegeret
2545 3269 2606 3322 et
2641 3260 3015 3341 emendaret,

703 3359 882 3420 huius
935 3358 1204 3419 muneris
1249 3366 1476 3437 partem
1523 3359 1907 3438 perfecerunt
1951 3361 2082 3422 eius
2123 3376 2327 3438 gener,
2374 3358 2717 3421 Nicomachi
2760 3358 3015 3422 histori-

704 3459 760 3518 ci
806 3455 963 3517 filius
1009 3454 1136 3517 Nic.
1173 3454 1492 3517 Flauianus
1526 3475 1616 3537 pr.
1653 3476 1743 3538 pr.
1774 3459 1863 3531 (n.
1892 3458 1982 3536 2),
2021 3459 2125 3537 qui
2160 3456 2345 3518 libros
2384 3471 2692 3537 vl—vm,
2728 3466 2788 3519 et
2824 3458 3015 3521 huius

705 3554 862 3615 filius
908 3554 1052 3633 App.
1091 3552 1218 3614 Nic.
1254 3552 1492 3633 Dexter,
1538 3573 1627 3635 pr.
1666 3574 1723 3616 u.
1764 3557 1849 3629 (n.
1878 3556 1970 3635 3),
2007 3558 2111 3636 qui
2155 3554 2342 3617 libros
2380 3569 2596 3617 111-—v
2642 3555 3015 3637 emendauit,

703 3653 832 3713 hoc.
851 3658 1204 3733 spectanteS,
1249 3660 1317 3714 ut
1361 3651 1435 3713 ad
1479 3652 1799 3715 lectionem
1843 3662 2116 3716 ueterum
2156 3655 2515 3734 scriptorum
2554 3672 2661 3716 sua
2698 3653 3013 3734 diligentia

703 3750 1055 3831 explicatam
1109 3750 1381 3813 homines
1435 3769 1577 3813 suae
1634 3754 1844 3814 aetatis
1910 3761 2265 3815 reuocarent
2326 3753 2748 3833 ingruentique
2812 3772 3015 3817 nouae

704 3848 977 3929 religioni
1022 3850 1374 3911 resisterent
1409 3852 1657 3923 (Gesch.
1688 3850 1829 3913 Litt.
1870 3852 1911 3912 Ι
1936 3869 2003 3929 p.
2042 3852 2175 3913 137
2198 3854 2374 3927 sqq).
2448 3860 2576 3913 tum
2618 3869 2731 3930 per
2774 3850 3013 3915 Gallam

701 3948 950 4009 historia
1005 3947 1245 4008 transiit
1306 3946 1380 4008 ad
1444 3946 1829 4027 symmachos
1894 3948 2187 4029 desiitque
2242 3950 2306 4010 in
2361 3948 2427 4021 Q.
2468 3947 2757 4010 Aurelio
2808 3948 3014 4029 Sym·

703 4045 946 4108 macho
1019 4047 1107 4119 (n.
1169 4045 1326 4123 IV),
1404 4044 1475 4106 de
1549 4065 1669 4127 quo
1750 4049 2057 4127 egregium
2141 4048 2549 4109 testimenium
2640 4046 3013 4111 Cassiodorii

700 4143 1014 4205 habemus:
1080 4143 1476 4221 Symmachus
1508 4150 1824 4221 patricius
1869 4154 1928 4208 et
1974 4149 2188 4208 consul
2228 4148 2618 4222 ordinan’us,
2662 4151 2767 4208 uir
2796 4149 3011 4224 philo·

699 4244 947 4320 sophus,
1003 4245 1111 4317 qui
1165 4246 1406 4319 antiqui
1459 4243 1706 4305 Catonis
1754 4244 1881 4322 fuit
1932 4247 2209 4309 nouettus
2252 4248 2545 4324 imitator,
2588 4246 2701 4306 sed
2742 4248 3015 4308 uirtutes

701 4350 978 4402 ueterum
1021 4344 1408 4402 sanctissima
1453 4343 1753 4416 reliyione
1800 4344 2195 4404 transcendit.
2276 4344 2438 4405 dixit
2480 4347 2845 4411 sententiam
2880 4362 3015 4421 pro
