3234 5034
681 346 876 397 cbxn
1177 320 1274 381 DE:
1313 322 1777 383 SCRIPTORVM
1812 322 2001 381 V'I’PIS
2040 322 2135 382 ΕΤ
2164 323 2489 381 ,ΒΟΕΙΡΤῙΒ

677 488 833 544 uitae
881 504 1016 544 suae
1061 488 1336 559 portentis
1384 488 1620 559 capillos
1669 503 1892 558 quoque
1937 487 2239 561 Poppaeae
2284 488 2545 560 coniugis
2592 505 2728 545 suae
2774 489 2837 544 in
2878 488 2980 545 hoc

676 585 880 623 nomen
918 570 1284 641 [sucinorum]
1323 570 1701 639 adoptauerat
1737 572 1795 625 et
1829 587 1883 638 q.
1917 570 2009 638 s.);
2049 574 2159 623 118
2198 569 2597 640 Magnitudine
2624 569 2755 623 XVI
2790 570 2979 625 uncia-

677 667 802 704 rum
837 649 1085 705 uidimus
1121 650 1422 705 formatam
1458 650 1591 704 inde
1630 648 1903 722 [iaspide]
1942 647 2186 721 effigiem
2224 650 2466 704 Neronis
2502 650 2897 719 thamnatam).

1371 932 1713 1008 FABIVS
1770 931 2221 1007 RVSTIOVS
2241 928 2292 1019 ¹)

858 1115 1144 1197 Cognitiq
1173 1116 1302 1175 eius
1349 1113 1633 1174 historiae
1682 1112 1793 1173 soli
1841 1111 2094 1173 debetur
2138 1112 2341 1174 Tacito
2388 1115 2453 1174 in
2503 1114 2627 1174 uita
2676 1113 2982 1192 Agricolae

680 1215 762 1286 (c.
793 1213 907 1289 10)
965 1222 1032 1274 ut
1085 1212 1320 1273 Liuium
1386 1218 1688 1289 ueterum,
1745 1212 1833 1272 sic
1887 1210 2048 1272 hunc
2110 1213 2441 1273 recentium
2495 1220 2813 1273 auctorum
2868 1211 2983 1274 elo-

680 1313 1136 1390 quentissimum
1185 1303 1263 1393 (a.
1303 1312 1487 1388 igitur
1531 1305 1616 1370 98
1624 1304 1653 1389 s
1660 1302 1821 1394 851)
1868 1307 2235 1389 praedicanti
2300 1308 2615 1390 tribusque
2682 1310 2983 1372 annalium

680 1409 826 1470 locis
873 1411 1094 1471 citanti.
1169 1410 1296 1488 ipse
1343 1416 1545 1469 tamen
1593 1425 1746 1467 anno
1794 1408 1917 1468 fere
1963 1403 2087 1469 108
2137 1409 2295 1468 inter
2339 1407 2594 1470 heredes
2634 1427 2666 1468 a
2704 1408 2985 1470 Dasumio

681 1516 1064 1570 enumeratur
1136 1505 1314 1586 idque
1385 1525 1520 1568 cum
1588 1498 1840 1589 (Plinio)
1908 1504 2183 1568 Secundo
2248 1515 2309 1567 ct
2372 1506 2649 1568 Cornelio
2716 1500 2982 1591 (Tacito)

681 1606 777 1679 (0.
809 1606 858 1667 I.
888 1606 956 1668 L.
991 1606 1080 1665 VI
1108 1604 1328 1665 10229
1357 1632 1424 1652 ==
1462 1605 1793 1665 Wilmanns
1828 1604 2009 1682 314),
2046 1612 2113 1665 ut
2158 1622 2295 1666 eum
2333 1607 2396 1665 in
2444 1607 2729 1667 societate
2776 1624 2985 1667 eorum

680 1704 863 1765 fuisse
911 1710 1214 1783 appareat,
1261 1704 1365 1781 qui
1411 1700 1582 1762 nobis
1620 1700 1800 1763 Plinii
1838 1701 2109 1781 epistulis
2144 1705 2271 1763 noti
2310 1710 2467 1783 sunt,
2516 1712 2577 1765 et
2614 1704 2688 1765 ad
2726 1703 2985 1765 eundem

679 1805 908 1864 incerto
947 1810 1211 1881 tempore
1249 1793 1440 1883 (inter
1476 1819 1526 1860 a.
1555 1795 1884 1880 96—109‚
1922 1818 1979 1861 u.
2012 1801 2216 1863 Boem.
2249 1803 2517 1880 Briesp.
2550 1802 2681 1863 108
2706 1804 2823 1879 sq.)
2856 1804 2987 1863 eius

681 1901 994 1982 epistulam
1031 1901 1275 1960 missam
1313 1917 1462 1978 esse,
1499 1906 1566 1960 ut
1603 1896 1677 1959 ad
1717 1900 1989 1978 amicum,
2027 1900 2130 1978 qui
2160 1918 2278 1961 non
2316 1899 2817 1980 quemadmodum
2855 1904 2986 1980 ipse

679 2003 742 2061 in
788 1998 992 2060 multis
1035 1996 1367 2059 litterarum
1423 1995 1745 2075 generibus
1792 2004 2067 2059 uersatus
2110 2004 2269 2059 esset
2314 1997 2421 2059 sed
2467 1998 2528 2058 in
2576 2016 2697 2059 uno
2746 2015 2987 2059 omnem

680 2114 921 2177 operam
960 2097 1272 2175 posuisset.
1333 2112 1470 2155 cum
1507 2102 1707 2156 tamen
1745 2094 1987 2156 Tacitus
2026 2113 2161 2155 eum
2201 2098 2380 2156 etiam
2419 2098 2681 2157 amicitia
2721 2094 2986 2158 Senecae

683 2195 955 2256 floruisse
1013 2192 1170 2255 dicat
1214 2193 1348 2272 (13,
1384 2192 1501 2266 20)
1517 2186 1588 2277 ²),
1646 2211 1784 2254 cum
1841 2212 1891 2254 a.
1932 2194 2054 2254 fere
2102 2188 2358 2273 30s783
2406 2200 2609 2254 natum
2666 2212 2857 2273 paene
2916 2194 2987 2254 ad

681 2295 1106 2373 octogesimum
1155 2290 1502 2370 peruenisse
1551 2290 1979 2353 concludimus.
2056 2290 2365 2352 historiam
2404 2298 2603 2353 autem
2642 2294 2760 2353 iam
2800 2292 2989 2353 multo

683 2400 817 2453 ante
875 2396 1303 2469 composuerat,
1349 2390 1388 2449 i.
1429 2406 1478 2447 e.
1517 2391 1678 2450 inter
1723 2406 1907 2450 annos
1948 2384 2188 2468 74ss27
2231 2396 2291 2449 et
2328 2384 2603 2469 83l836,
2652 2392 2704 2450 si
2742 2390 2989 2471 quidem

682 2490 944 2553 nondum
991 2487 1358 2549 Britanniam
1404 2486 1661 2548 insulam
1710 2504 1843 2547 esse
1882 2495 2258 2566 cognouerat,
2295 2489 2333 2548 i.
2364 2506 2415 2548 e.
2453 2496 2589 2549 ante
2627 2484 2715 2549 83
2753 2489 2852 2550 uel
2886 2485 2989 2567 84,

683 2608 800 2670 quo
845 2589 1106 2669 primum
1153 2604 1184 2647 a
1232 2584 1420 2646 classe
1465 2584 1728 2647 Romana
1766 2587 2170 2646 circumuecta
2208 2594 2301 2646 est
2334 2588 2578 2662 (Agyrio.
2612 2588 2713 2648 10.
2745 2588 2852 2648 25.
2884 2588 2989 2650 38.

683 2689 881 2749 Fabia
910 2704 980 2764 p.
1019 2684 1199 2763 380),
1245 2686 1427 2764 inque
1477 2682 1705 2763 dialogo
1744 2685 1825 2757 (o.
1864 2684 1981 2757 23)
2026 2682 2269 2746 Tacitus
2314 2684 2388 2745 M.
2419 2685 2643 2765 Aprum
2680 2693 2991 2765 tamquam

682 2786 984 2866 principes
1038 2784 1393 2844 recentioris
1449 2782 1731 2843 historiae
1778 2800 1829 2843 a.
1871 2777 2123 2864 74s827
2174 2801 2295 2843 non
2350 2781 2597 2844 Fabium
2652 2782 2990 2864 Rusticum,

683 2902 860 2963 quem
905 2885 968 2944 in
1016 2880 1284 2962 Agricola
1332 2899 1380 2941 a.
1421 2876 1525 2960 98,
1572 2880 1681 2942 sed
1726 2880 2023 2942 Aufidium
2078 2879 2330 2942 Bassum
2386 2889 2448 2942 et
2499 2881 2822 2944 Seruilium
2877 2882 2990 2943 No-

684 2984 926 3042 nianum
991 2978 1330 3041 laudantem
1395 2980 1552 3040 fecit.
1636 2997 1787 3058 quae
1852 2987 2050 3041 autem
2116 2997 2214 3040 res
2280 2998 2351 3041 ex
2413 2997 2481 3041 ea
2546 2979 2767 3041 relatae
2826 2990 2993 3061 sunt,

683 3080 935 3159 imperio
991 3077 1244 3139 Neronis
1299 3078 1709 3158 continentur,
1756 3095 1872 3156 qua
1920 3076 1993 3138 de
2040 3096 2245 3157 causa,
2292 3096 2429 3138 cum
2476 3076 2823 3139 Britanniae
2874 3095 2991 3140 non

685 3178 876 3240 solum
933 3197 964 3238 a
1013 3175 1254 3238 Claudio
1311 3175 1416 3237 sed
1473 3177 1650 3237 etiam
1707 3195 1741 3236 a
1795 3174 2031 3237 Nerone
2086 3175 2309 3237 bellum
2363 3174 2595 3237 illatum
2642 3186 2833 3257 esset,
2882 3177 2993 3238 hac

683 3277 996 3337 occasione
1061 3278 1190 3336 eius
1263 3277 1444 3337 situm
1521 3273 1886 3354 descriptum
1952 3292 2085 3335 esse
2156 3272 2349 3353 Groag
2390 3294 2459 3352 p.
2502 3274 2631 3335 789
2692 3282 2755 3337 et
2810 3274 2992 3337 Fabia

671 3394 740 3453 p.
771 3374 921 3437 381.
968 3374 1097 3435 211
1148 3374 1418 3435 arbitrati
1474 3381 1629 3434 sunt.
1704 3370 1811 3434 sed
1860 3381 2066 3453 postea
2120 3373 2237 3435 huc
2282 3371 2642 3453 redibimus,
2688 3392 2883 3453 nunc,
2926 3382 2993 3436 ut

685 3474 854 3553 plura
903 3490 1197 3550 eruamuS,
1245 3472 1421 3534 altius
1470 3490 1566 3532 res
1612 3489 1645 3532 a
1690 3468 1884 3533 Taciti
1929 3472 2249 3551 prooemiis
2296 3471 2622 3551 repetenda
2668 3478 2781 3533 est.

865 3570 1012 3633 Nam
1067 3572 1236 3632 initio
1293 3569 1590 3631 annalium
1650 3577 1811 3630 recte
1867 3577 1991 3630 tres
2046 3578 2270 3631 aetates
2316 3572 2641 3631 memoriae
2686 3568 2991 3633 Romanae

687 3671 1014 3748 distinguit,
1052 3668 1341 3729 libertatis
1382 3670 1470 3729 rei
1507 3685 1582 3748 p.,
1622 3669 1861 3748 imperii
1890 3668 2157 3749 Augusti,
2196 3665 2453 3749 denique
2490 3668 2721 3730 Tiberii
2759 3668 2991 3751 Gaique

687 3779 746 3831 et
793 3767 1022 3830 Claudii
1068 3786 1136 3827 ac
1183 3764 1460 3843 NeroniS,
1506 3772 1590 3844 ut,
1646 3784 1783 3826 cum
1830 3768 2023 3844 prima
2076 3765 2256 3827 claris
2312 3767 2707 3849 scriptoribus
2766 3788 2991 3830 memo·

687 3876 812 3929 rata
876 3868 977 3945 sit,
1043 3865 1216 3927 alteri
1278 3882 1397 3924 non
1465 3862 1764 3925 doluerint
1826 3862 2041 3924 decora
2104 3866 2369 3944 ingenia,
2445 3866 2633 3928 donec
2696 3865 2991 3945 gliscente

687 3965 1020 4026 adulatione
1078 3961 1548 4041 deterrerentur,
1610 3970 1815 4023 contra
1879 3964 2055 4024 tertia
2112 3970 2213 4023 aut
2268 3963 2343 4024 ob
2400 3972 2624 4026 metum
2680 3963 2835 4026 salso
2894 3974 2995 4028 aut

869 4193 920 4259 1)
959 4188 1157 4243 Libros
1195 4188 1292 4257 qui
1329 4187 1439 4241 huc
1476 4188 1779 4258 pertinent,
1817 4204 1989 4259 supra
2024 4206 2079 4259 p.
2111 4208 2349 4243 cxxxxvx
2377 4208 2458 4259 sq.
2499 4192 2847 4247 enumeraui.

866 4273 918 4337 2)
955 4268 1066 4323 Eos
1112 4268 1286 4323 etiam
1331 4270 1723 4323 conterraneos
1768 4268 1942 4323 fuisse
1980 4269 2171 4341 Groag
2206 4287 2259 4339 p.
2292 4276 2395 4325 ’190
2432 4269 2675 4325 coniecit
2716 4287 2893 4342 saepe
2930 4272 2985 4325 in

687 4349 871 4405 titulis
913 4348 1176 4419 Hispanis
1213 4348 1432 4402 Rustici
1468 4364 1671 4403 nomen
1708 4348 1943 4419 reperiri
1980 4350 2305 4406 admonens.
