3234 5034
611 312 710 361 x11
1098 293 1196 347 DE
1233 292 1695 348 SCRIPTORVM
1736 294 1925 347 vrns
1962 293 2057 347 m*
2092 293 2411 348 SCRIP'I'IS

609 463 690 522 ita
745 460 1158 541 amplificatur,
1210 470 1278 522 ut
1333 464 1506 523 cuius
1561 463 1743 523 etiam
1796 462 1899 523 alii
1950 463 2277 541 participes
2330 461 2591 539 fuerunt,
2645 460 2721 521 ad
2775 478 2911 522 eum

609 559 800 621 solnm
849 559 1147 621 referatur
1191 568 1368 640 atque
1415 568 1476 621 et
1513 568 1677 621 totus
1712 578 1999 621 excessus
2034 559 2323 621 Catilinae
2358 558 2539 620 cardo
2576 562 2639 620 in
2677 578 2749 620 eo
2786 557 2912 620 solo

607 666 866 738 ponatur
908 660 992 731 (c.
1023 659 1137 732 16)
1186 652 1354 740 (cum
1401 656 1721 719 Sallustius
1772 658 1923 720 haec
1976 666 2221 719 senatus
2276 657 2517 719 decreto
2571 657 2723 720 facta
2778 675 2911 719 esse

609 756 818 833 tradat⁷
865 776 918 817 c.
945 749 1085 840 30),
1131 763 1192 817 et
1235 758 1560 819 maximum
1605 764 1971 818 momentum
2020 755 2095 817 ad
2139 756 2427 817 Catilinae
2480 758 2676 817 socios
2722 764 2911 817 morte

609 854 948 916 multandos
993 857 1126 915 eius
1171 856 1361 915 oratio
1405 854 1623 916 habeat
1666 857 1751 928 (c.
1780 856 1915 929 21).
1991 854 2247 934 denique
2294 873 2371 915 ue
2418 853 2481 915 di
2524 853 2769 934 quidem
2816 854 2911 915 Ci-

607 956 816 1014 ceroni
881 952 1120 1031 desunt,
1185 954 1289 1032 qui
1345 952 1602 1014 terribili
1657 960 1855 1014 terrae
1908 960 2103 1031 motu,
2162 952 2538 1032 fulminibus,
2602 954 2913 1014 nocturnis

609 1052 817 1112 formis
851 1049 1151 1113 Romanos
1188 1050 1524 1129 admonent,
1561 1070 1701 1113 cum
1728 1050 1983 1112 Catilina
2020 1050 2393 1113 consulatum
2430 1059 2664 1131 peteret
2690 1053 2775 1124 (c,
2806 1052 2911 1128 14,

607 1149 672 1211 id
715 1149 874 1229 quod
919 1147 1170 1211 uberius
1206 1148 1416 1210 Cicero
1461 1152 1524 1210 in
1561 1158 1835 1229 poemate
1873 1168 1983 1210 suo
2022 1149 2095 1211 de
2132 1148 2361 1211 consul.
2408 1157 2761 1229 persecutus
2802 1157 2913 1230 est,

609 1251 688 1309 de
731 1251 858 1309 diu.
896 1248 941 1308 I
976 1249 1080 1325 11,
1119 1248 1222 1308 17.
1282 1248 1362 1325 cf.
1401 1252 1466 1309 in
1519 1250 1647 1309 Cat.
1688 1248 1805 1310 III
1838 1248 1901 1324 8,
1930 1247 2033 1309 18.
2098 1250 2261 1309 Cass.
2290 1250 2411 1309 Dio
2446 1250 2553 1325 37,
2580 1249 2686 1327 25,
2715 1249 2804 1324 2),
2852 1259 2915 1311 et

607 1346 898 1426 patefacta
945 1348 1356 1408 coniuratione
1401 1345 1675 1426 prodigio
1722 1345 2031 1409 consulem
2076 1346 2445 1408 dubitantem
2489 1366 2601 1427 per
2642 1348 2913 1426 uirgines

607 1444 874 1507 Vestales
929 1452 992 1507 et
1042 1443 1318 1523 Egeriam
1373 1446 1731 1506 confirmant
1776 1447 1857 1519 (c.
1886 1446 2021 1519 20).
2082 1464 2441 1525 quamquam
2498 1447 2559 1506 in
2614 1446 2727 1507 hac
2782 1446 2911 1526 ipsa

607 1561 676 1603 re
723 1545 882 1604 inest
925 1541 1244 1605 difficultas
1291 1542 1598 1623 quaedam.
1690 1562 1829 1604 nam
1885 1542 2044 1623 quod
2100 1552 2227 1605 tum
2282 1543 2501 1605 accidit
2553 1543 2913 1623 prodigium,

610 1660 748 1703 cum
803 1640 964 1702 domi
1011 1640 1282 1703 Caesaris
1330 1640 1528 1702 Bonae
1571 1640 1729 1702 Deae
1784 1660 1955 1703 sacra
2008 1642 2223 1703 fierent
2268 1676 2354 1684 —
2401 1650 2471 1703 ut
2514 1660 2585 1702 ex
2634 1643 2781 1721 ipsis
2827 1644 2912 1702 ci·

609 1738 858 1801 neribus
895 1738 1130 1801 flamma
1157 1739 1356 1801 subito
1384 1748 1721 1818 emergeret
1750 1774 1835 1783 —
1866 1740 2115 1801 Seruius
2143 1742 2263 1813 (ad
2290 1741 2465 1816 Very.
2494 1742 2629 1802 buc.
2658 1740 2717 1815 8,
2748 1741 2910 1814 105)

611 1837 962 1900 Ciceronem
1007 1836 1314 1899 consulem
1360 1837 1629 1899 futurum
1676 1856 1812 1899 esse
1858 1837 1922 1899 id
1975 1841 2149 1899 uxori
2202 1837 2537 1900 ostendisse
2592 1840 2763 1899 testis
2818 1848 2916 1899 est

609 1938 961 1998 auctoritate
998 1936 1188 2015 ipsius
1223 1938 1516 2015 poematis
1551 1954 1727 2017 usus;
1774 1944 1835 1997 at
1869 1954 2017 1997 uero
2064 1938 2243 1997 etiam
2284 1935 2385 1997 hic
2420 1956 2557 1999 cum
2592 1936 2913 1997 Plutarcho

610 2035 909 2096 consentit
941 2033 1050 2094 Dio
1089 2035 1225 2113 (37,
1251 2036 1357 2112 35,
1386 2035 1478 2113 4),
1513 2041 1583 2095 ut
1617 2034 1997 2095 scholiastam
2042 2034 2211 2095 illum
2257 2053 2395 2095 cum
2442 2036 2503 2095 in
2540 2034 2746 2097 multis
2784 2043 2913 2096 tum

608 2135 674 2195 in
719 2132 830 2194 hac
875 2150 942 2193 re
989 2150 1222 2193 errasse
1271 2132 1653 2195 statuendum
1699 2134 1779 2193 sit
1823 2142 1885 2193 et
1928 2141 2091 2193 recto
2138 2133 2267 2193 loco
2304 2132 2636 2195 secundum
2673 2132 2911 2195 Cicero-

609 2250 750 2293 nem
811 2230 1148 2311 prodigium
1209 2250 1240 2291 a
1301 2230 1616 2293 Plutarcho
1684 2238 1745 2292 et
1805 2230 1993 2292 Dione
2058 2239 2364 2293 narratum
2428 2250 2562 2293 esse
2628 2240 2917 2312 sequatur

611 2332 916 2403 (Bm-esch
959 2332 997 2391 l.
1033 2348 1080 2390 s.
1113 2349 1182 2407 p.
1220 2330 1399 2404 226).

789 2435 894 2497 Est
947 2453 1091 2498 sane
1145 2454 1291 2497 uere
1335 2435 1484 2498 illud
1531 2436 1755 2498 dictum
1803 2435 2103 2498 Plutarchi
2151 2438 2509 2497 narrationis
2556 2437 2915 2498 moderatio·

609 2554 747 2595 nem
801 2533 874 2596 ab
931 2537 1267 2614 arrogantia
1311 2533 1580 2601 Tulliana
1628 2533 1975 2595 abhorrere:
2026 2543 2087 2595 at
2122 2533 2267 2614 quid
2303 2534 2551 2614 inpedit,
2588 2538 2913 2614 quominus

609 2633 763 2694 hanc
817 2631 891 2694 ab
935 2635 1068 2713 ipso
1111 2631 1438 2713 biographo
1484 2632 1813 2695 abstersam
1860 2650 1994 2694 esse
2042 2630 2441 2694 censeamus?
2498 2632 2559 2694 id
2607 2633 2765 2713 quod
2810 2635 2917 2695 uel

610 2749 680 2792 ea
737 2730 809 2792 de
867 2749 1046 2792 causa
1092 2732 1148 2792 ei
1201 2730 1540 2792 iaciendum
1595 2732 1733 2810 sm't,
1781 2740 1849 2792 ut
1892 2749 2002 2811 per
2044 2738 2229 2792 totam
2274 2732 2460 2792 uitam
2507 2731 2763 2793 eundem
2811 2751 2913 2793 co—

611 2828 798 2891 lorem
843 2836 1130 2891 seruaret.
1143 2823 1196 2913 ¹)

787 2935 980 2997 Etiam
1027 2955 1060 2997 a
1107 2935 1455 2997 Sallustio
1507 2937 1671 2998 hunc
1725 2938 2217 2998 commentarium
2264 2946 2326 2997 et
2378 2936 2662 2999 anecdota
2717 2940 2797 2998 ita
2845 2940 2913 2999 in

608 3053 784 3097 usum
825 3042 1035 3096 uocata
1081 3052 1213 3095 esse
1259 3052 1451 3114 nuper
1495 3033 1602 3095 Ed.
1642 3033 1940 3095 Schwartz
1977 3036 2209 3109 (Herm.
2238 3036 2327 3096 32
2359 3054 2427 3112 p.
2456 3035 2616 3109 581)
2664 3044 2915 3097 conten-

612 3132 715 3213 dit,
759 3140 827 3194 ut
871 3134 1032 3213 ipsas
1068 3151 1168 3194 res
1206 3151 1279 3195 ex
1317 3135 1406 3194 eis
1443 3141 1710 3213 sumptas
1757 3151 1864 3194 suo
1914 3132 2011 3193 filo
2058 3140 2422 3213 contexeret,
2468 3136 2505 3195 i.
2537 3153 2586 3194 e.
2626 3134 2916 3214 quemad-

611 3230 851 3293 modum
907 3233 1032 3292 suis
1086 3231 1356 3312 partibus
1412 3230 1749 3293 conducere
1797 3231 2204 3311 arbitraretur,
2256 3230 2601 3312 disponeret
2644 3240 2706 3295 et
2749 3232 2916 3293 redi·

610 3337 780 3408 geret
831 3338 1009 3409 atque
1057 3348 1164 3392 sua
1218 3328 1522 3391 scribendi
1575 3338 1703 3391 arte
1756 3329 2109 3411 perpoliret3
2164 3329 2225 3390 id
2285 3329 2443 3410 quod
2498 3329 2916 3391 uerisimilitu-

612 3426 748 3488 dine
795 3427 1048 3509 quadam
1084 3446 1205 3490 non
1241 3436 1421 3489 caret.
1477 3445 1614 3488 nam
1656 3426 1797 3489 dum
1834 3427 1995 3489 solus
2033 3430 2496 3489 commentarius
2533 3430 2597 3487 in
2634 3428 2921 3491 manibus

791 3665 845 3732 1)
881 3662 1036 3717 citat
1078 3660 1414 3715 Plutarchus
1461 3659 1785 3717 Ciceronem
1829 3660 1900 3716 de
1945 3661 2212 3720 Terentia
2254 3662 2315 3716 in
2364 3663 2693 3733 parenthesi
2728 3678 2774 3717 c.
2804 3668 2881 3717 20
2901 3689 2918 3721 z

609 3743 709 3798 καὶ
745 3740 854 3812 γὰρ
891 3739 1016 3797 οὐδ’
1051 3740 1227 3803 ἄλλως
1263 3736 1333 3811 ἦν
1369 3740 1578 3817 πρᾳεῖά
1611 3762 1700 3805 τις
1732 3739 1860 3798 οὐδ’
1895 3742 2131 3811 ἄτολμος
2164 3743 2269 3812 τὴν
2306 3744 2479 3813 φύσιν
2516 3742 2655 3798 ἀλλὰ
2690 3741 2919 3813 φιλότι-

609 3844 713 3893 μος
747 3822 888 3893 γυνὴ
927 3822 1024 3877 καὶ
1069 3824 1295 3891 μᾶλλον,
1339 3821 1416 3884 ὡς
1457 3819 1630 3885 αὐτός
1666 3840 1840 3892 φησιν
1878 3821 1909 3877 ὁ
1945 3820 2219 3891 Κικέρων,
2258 3832 2371 3880 τῶν
2406 3827 2709 3879 πολιτικῶν
2743 3843 2921 3893 μετα-

609 3902 972 3976 λαμβάνουσα
1015 3900 1148 3970 παρ’
1190 3897 1408 3957 ἐκείνου
1455 3900 1775 3972 φροντίδων
1810 3900 1847 3972 ἢ
1875 3904 2251 3972 μεταδιδοῦσα
2284 3914 2399 3959 τῶν
2434 3904 2733 3959 οἰκειακῶν
2770 3903 2921 3959 ἐκεί-

610 4004 706 4057 νῳ.
761 3982 906 4039 baec
940 3985 1130 4037 tamen
1163 3998 1269 4037 nec
1305 3982 1365 4036 in
1403 3982 1820 4037 commentariis
1854 4000 1960 4037 nec
1995 3982 2057 4037 in
2093 3983 2383 4039 anecdotis
2419 3984 2663 4043 seribere
2700 3986 2917 4055 potuit.

611 4064 724 4119 Leo
761 4065 952 4135 Bioyr.
977 4080 1036 4132 p.
1067 4066 1179 4119 162
1195 4078 1306 4133 sqq.
1334 4061 1701 4117 Plutarchum
1734 4063 1848 4118 alio
1885 4066 2133 4132 auctore,
2170 4064 2270 4133 qui
2306 4064 2586 4131 'Iit-onem,
2611 4063 2920 4121 minimum

611 4144 786 4201 etiam
824 4140 999 4197 alium
1035 4141 1318 4197 Ciceronis
1353 4142 1512 4197 uitae
1549 4144 1907 4214 scriptorem,
1942 4146 2066 4199 tum
2101 4144 2281 4214 ipsius
2320 4145 2749 4200 commentarios
2786 4146 2917 4215 epi-

610 4223 902 4291 stulasque
939 4226 1112 4292 atque
1151 4238 1338 4277 rerum
1373 4222 1675 4293 scriptores
1722 4224 2177 4291 contaminasset,
2223 4242 2385 4279 usum
2422 4240 2544 4279 esse
2580 4224 2777 4280 uoluit.
2844 4230 2921 4282 at

609 4302 744 4358 uide
782 4304 994 4360 Berlin.
1019 4304 1156 4373 phil.
1187 4304 1558 4360 Wochenschr.
1592 4310 1736 4360 1903
1772 4322 1813 4359 c.
1848 4310 1993 4360 1096
2010 4322 2119 4375 sqq.
