3234 5034
513 1095 614 1146 197

509 1165 619 1236 3³36

509 2273 616 2353 ιρι

511 2363 614 2414 ⁹52

663 343 786 408 128
1478 345 1749 402 MARrvS
1792 345 2128 403 MAXIMVS

655 509 876 573 Marius
922 510 1211 573 Maximus
1268 511 1439 592 dicit,
1493 513 1655 574 hunc
1709 515 1973 576 animum
2022 513 2246 576 Seuero
2304 516 2563 595 primum
2610 514 2813 593 fuisse,
2842 523 2942 592 ut,

657 612 708 672 si
756 608 899 690 quid
945 613 1002 672 ei
1059 613 1454 692 contingeret,
1509 611 1907 674 Pescennium
1953 611 2205 693 Nigrum
2250 621 2313 674 et
2356 612 2631 675 Clodium
2676 611 2943 673 Albinum

657 707 772 770 sibi
828 708 1232 771 substitueret.
1307 709 1412 772 sed
1466 716 1672 790 postea
1726 717 1785 772 et
1838 709 1979 772 filiis
2033 713 2150 773 iam
2209 710 2554 774 maiusculis
2600 710 2847 773 studens
2892 719 2949 771 et

656 807 852 869 Albini
899 810 1086 869 amori
1130 808 1410 870 inuidens
1447 810 1804 870 sententiam
1842 817 2103 872 mutasse
2142 817 2319 889 atque
2356 809 2595 872 illorum
2630 817 2949 888 utrumque

654 904 808 968 bello
873 909 1244 986 oppressisse
1250 952 1269 987 ,
1329 925 1603 968 maxume
1667 907 1947 988 precibus
2015 910 2221 970 uxoris
2292 907 2599 970 adductus.
2696 906 2950 988 denique
2998 933 3021 972 ι

656 1004 916 1066 Seuerus
963 1023 1100 1067 eum
1148 1013 1208 1067 et
1251 1004 1556 1067 consulem
1604 1005 1953 1085 designauit.

835 1097 925 1165 22
938 1103 1000 1168 *.
1065 1104 1258 1182 Capit.
1308 1105 1470 1166 Clod.
1517 1103 1577 1180 9,
1617 1106 1655 1164 1
1724 1103 1797 1166 Et
1850 1106 2043 1184 primo
2100 1103 2339 1185 quidem
2404 1105 2687 1166 conflictu
2754 1104 2952 1166 habito

654 1209 861 1264 contra
916 1201 1099 1264 duces
1155 1201 1367 1264 Seueri
1422 1203 1616 1282 potior
1672 1202 1783 1263 l'uit
1838 1201 2148 1282 [Albinus]
2158 1248 2177 1281 ,
2232 1211 2364 1282 post
2428 1209 2623 1264 autem
2692 1201 2955 1264 Seuerus

651 1302 799 1381 ipse,
845 1319 982 1362 cum
1028 1300 1090 1362 id
1136 1303 1360 1381 egisset
1405 1300 1560 1380 apud
1607 1308 1899 1380 senatum,
1944 1308 2013 1362 ut
2056 1301 2247 1362 hostis
2292 1300 2661 1363 iudicaretur
2689 1299 2954 1380 Albinus,

653 1407 856 1460 contra
913 1417 1050 1461 eum
1104 1400 1408 1479 profectus
1465 1400 1755 1460 acerrime
1811 1400 2254 1479 fortissimeque
2309 1400 2599 1480 pugnauit
2654 1401 2718 1460 in
2766 1397 2953 1460 Gallia
2979 1426 3025 1464 ιο

651 1517 769 1558 ιιοιι
817 1499 946 1558 sine
994 1499 1283 1559 uarietate
1331 1497 1618 1560 fortunae.
1696 1497 1951 1577 denique
1998 1517 2135 1560 cum
2182 1496 2474 1559 sollicitus
2516 1515 2779 1578 augures
2814 1517 2952 1559 con·

653 1595 894 1676 smeret,
951 1614 1302 1676 responsum
1358 1594 1446 1656 illi
1501 1604 1620 1675 est,
1676 1604 1743 1657 ut
1798 1595 1941 1657 dicit
1988 1595 2211 1657 Marius
2257 1595 2573 1675 Maximus,
2627 1603 2951 1658 uenturum

654 1693 895 1774 quidem
942 1695 1005 1754 in
1053 1701 1343 1774 potestate
1389 1695 1520 1756 eius
1558 1693 1852 1773 Albinum,
1902 1693 2008 1755 sed
2055 1712 2171 1755 non
2218 1695 2426 1756 uiuum
2472 1712 2585 1755 nec
2630 1701 2951 1756 mortuum.

655 1791 814 1872 quod
860 1800 922 1854 et
966 1792 1186 1854 factum
1238 1799 1346 1854 est.

831 1884 919 1952 23
932 1890 996 1954 *.
1051 1892 1242 1968 Capit.
1292 1891 1454 1953 clod.
1493 1891 1552 1970 9,
1590 1892 1633 1951 5
1696 1889 1834 1952 Fuit
1879 1889 2090 1952 Albino
2143 1909 2327 1970 anne,
2383 1898 2450 1953 ut
2496 1890 2680 1971 aliqui
2728 1889 2951 1968 dicunt,
2980 1916 3023 1956 ιι

653 1988 836 2069 filius,
883 1998 952 2050 ut
995 1987 1285 2050 Maximus
1333 1987 1502 2069 dicit,
1561 1988 1702 2068 duo,
1759 1987 1975 2069 quibus
2024 1987 2345 2067 [Seuerus]
2394 1989 2653 2068 primum
2708 1991 2949 2050 ueniam

655 2087 842 2168 dedit,
895 2095 1101 2167 postea
1155 2105 1300 2149 uero
1359 2105 1460 2148 eos
1517 2105 1654 2149 cum
1708 2095 1898 2148 matre
1954 2089 2251 2166 percussit
2305 2094 2365 2148 et
2425 2089 2489 2147 in
2552 2085 2949 2166 profluentem

653 2184 806 2247 abici
855 2187 1044 2247 iussit.

832 2277 998 2348 24²⁸.
1048 2285 1252 2362 Spart.
1291 2285 1434 2346 Seu.
1474 2285 1576 2362 15,
1615 2285 1660 2345 6
1703 2282 1971 2363 Denique
2020 2302 2157 2345 cum
2202 2285 2387 2345 occisi
2432 2290 2633 2345 essent
2678 2283 2949 2346 nonnulli

655 2381 1018 2460 [Pescennio
1065 2381 1276 2460 uicto]‚
1333 2380 1592 2443 Seuerus
1648 2399 1713 2442 se
1770 2380 2089 2443 excusabat
2144 2389 2204 2442 et
2246 2389 2382 2461 post
2435 2399 2643 2443 eorum
2696 2391 2948 2443 mortem
2974 2407 3021 2448 ιι

653 2479 903 2558 negabat
957 2481 1090 2541 fleri
1145 2481 1393 2542 iussisse
1440 2479 1596 2559 quod
1645 2480 1864 2541 factum
1913 2486 2029 2559 est,
2076 2478 2236 2560 quod
2283 2478 2355 2541 de
2402 2478 2581 2541 Laeto
2626 2482 2947 2560 praecipue

653 2578 872 2640 Marius
916 2577 1206 2640 Maximus
1253 2577 1412 2639 dicit.

832 2670 998 2740 25²⁸.
1053 2678 1246 2754 Capit.
1282 2678 1444 2738 clod.
1485 2676 1588 2752 12,
1617 2678 1660 2737 6
1707 2676 1915 2738 Exstat
1959 2675 2213 2755 epistula
2252 2675 2479 2754 Seueri,
2524 2693 2641 2756 qua
2686 2675 2951 2738 ostendit

651 2777 916 2837 animum
971 2793 1172 2852 suum,
1227 2777 1406 2836 missa
1454 2773 1526 2835 ad
1573 2782 1872 2853 senatum,
1929 2776 2099 2834 cuius
2147 2772 2257 2870 hoc
2304 2771 2639 2853 exemplum
2688 2782 2807 2835 est·
2847 2809 2946 2835 —.

649 2949 860 3016 famam
900 2947 1245 3016 Capitolinus
1277 2953 1491 3002 seeum
1527 2952 1604 3000 est
1638 2963 1684 3000 e.
1714 2951 1766 3012 6,
1795 2949 1834 3000 8
1851 2962 1961 3014 699.
1992 2950 2081 3012 10,
2110 2949 2163 3010 3,
2198 2947 2363 2999 etiam
2398 2945 2515 3014 Spa
2514 2944 2739 3000 manus
2764 2945 2944 3000 Seuer.

653 3025 706 3087 6,
735 3023 771 3075 9
815 3017 1027 3073 Eodem
1074 3021 1325 3088 tempore
1362 3017 1649 3102 [seditione
1686 3016 1974 3101 Pescennii
2016 2986 2240 3100 audita]
2286 3015 2461 3070 etiam
2439 2962 2578 3069 pade
2615 3013 2815 3071 Clodio
2853 3015 2947 3070 Al-

651 3061 785 3145 bino
823 3089 932 3145 sibi
969 3088 1362 3144 substituendo
1372 3088 1693 3171 cogitauit,
1731 3088 1822 3142 cui
1851 3086 2249 3143 Caesarianum
2280 3087 2565 3142 decret-um
2592 3091 2629 3154 †
2656 3091 2761 3142 aut.
2788 3086 2945 3142 Com-

650 3160 978 3216 modianum
1020 3159 1323 3215 uidebatur
1367 3159 1679 3230 imperium.
1745 3158 1846 3213 sed
1891 3175 1987 3214 eos
2032 3158 2185 3228 ipsos
2230 3158 2699 3228 pertimescendo,
2741 3158 2945 3228 quibus

650 3237 802 3288 reete
839 3231 1151 3299 inuidebat,
1190 3236 1320 3300 etq
1325 3249 1409 3287 ..s

829 3303 929 3360 22.
971 3305 1056 3372 Cf.
1085 3305 1268 3374 Spart.
1297 3303 1420 3360 Seu.
1453 3309 1540 3370 10,
1570 3307 1605 3357 7
1659 3301 1733 3356 Et
1778 3302 1960 3372 primo
2006 3301 2237 3371 quidem
2284 3301 2357 3356 ab
2386 3299 2707 3356 Albinianis
2752 3299 2947 3356 Seueri

653 3377 822 3432 duces
860 3375 1000 3431 uicti
1039 3379 1184 3430 sunt.
1240 3378 1374 3429 tunc
1409 3345 1688 3429 sollicitus
1726 3391 1853 3428 cum
1890 3372 2222 3442 consuleret,
2252 3390 2289 3427 a
2314 3371 2689 3428 Pannoniacis
2716 3372 2943 3442 unguri-

651 3448 757 3504 bns
794 3448 1068 3518 comperit
1103 3463 1162 3501 se
1201 3446 1471 3501 uictorem
1507 3446 1777 3512 futurum,
1807 3444 2194 3500 aduersarium
2218 3461 2355 3500 uero
2382 3460 2487 3498 nec
2514 3444 2573 3498 in
2642 3447 2945 3499 oteetatem

653 3525 952 3576 uenturum
978 3535 1161 3587 neque
1188 3534 1502 3574 euasurum.
1549 3533 1592 3572 c
1627 3523 1715 3584 11,
1744 3527 1779 3570 o·
1815 3515 2033 3572 Deinde
2060 3514 2255 3570 Albini
2283 3531 2515 3586 corpore
2639 3519 2738 3570 nto
2764 3532 2945 3586 paene

653 3590 946 3646 seminecis
983 3592 1155 3660 capul:
1199 3589 1419 3644 abscidi
1463 3588 1632 3643 iussit.
1686 3587 2033 3656 Romamque
2078 3586 2284 3642 deferri
2329 3587 2468 3641 idu
2431 3603 2503 3643 ue
2556 3585 2763 3642 litteris
2858 3603 2945 3641 ro-

653 3666 878 3718 secutus
923 3664 1025 3716 est.
1065 3692 1132 3702 —
1180 3660 1398 3715 addunt
1443 3660 1570 3727 alii,
1615 3659 1768 3730 quod
1814 3659 1967 3716 idem
2014 3659 2261 3714 cadauer
2302 3658 2363 3712 in
2501 3659 2749 3713 edanum
2794 3674 2831 3711 a
2870 3658 2944 3712 ici

650 3732 944 3861 praecezlgt
978 3729 1102 3860 (17:3³
1103 3740 1237 3858 ng?
1274 3733 1389 3857 eodo
1400 3736 1508 3870 176,
1505 3703 1591 3857 279
1616 3733 1693 3870 Ξ),
1730 3729 1899 3786 simul
1927 3729 2100 3785 etiam
2129 3729 2319 3786 uxoris
2354 3727 2769 3800 liberorumque
2808 3731 2943 3784 eius.

1206 3819 1264 3858 n.
1430 3820 1462 3857 r
1659 3819 1713 3856 n.

830 3873 930 3931 24.
969 3875 1056 3930 De
1083 3875 1282 3944 (Iulio)
1313 3875 1488 3930 Laeto
1522 3874 1599 3929 ad
1627 3873 1969 3946 Luydtmum
2002 3890 2249 3944 pugnam
2194 3873 2595 3929 mdeoemente
2620 3874 2740 3928 uid.
2768 3873 2939 3928 Dion.

651 3953 742 4016 76,
769 3953 823 4015 6,
850 3951 889 4002 8
926 3954 976 4002 et
1011 3947 1218 4003 Herod.
1248 3951 1300 4012 3,
1331 3949 1384 4014 7,
1413 3949 1540 4015 369.
1571 3948 1635 4014 (α
1670 3945 1869 4015 quibus
1902 3945 2031 4000 item
2062 3945 2398 4014 proditionis
2432 3944 2837 4014 animulam).

829 4019 930 4076 25.
975 4018 1040 4072 In
1077 4018 1200 4074 uita
1235 4017 1356 4072 eius
1392 4017 1469 4072 ad
1503 4019 1683 4073 uitam
1709 4017 1900 4074 Seueri
1930 4017 2191 4072 historiae
2217 4017 2504 4088 Augustae
2540 4019 2657 4086 (11,
2674 4019 2875 4086 5—12,
2892 4021 2938 4070 1.

652 4095 742 4159 12,
770 4095 967 4156 9-13‚
997 4095 1046 4145 7.
1093 4091 1162 4158 cf.
1195 4093 1283 4157 16,
1311 4094 1364 4144 6.
1411 4093 1503 4155 18,
1533 4093 1592 4156 6)
1634 4090 1885 4158 pertinet.
1941 4087 2014 4156 cf.
2056 4088 2173 4143 Ver.
2204 4087 2561 4157 (Capitolini)
2588 4089 2644 4156 9,
2672 4091 2802 4156 9η.
2854 4057 2941 4142 'De

1031 4194 1111 4201 —

829 4252 1212 4340 23,16.ιι1;
1255 4259 1462 4318 addidi
1752 4248 1869 4336 24,
1919 4257 2019 4317 19.
2065 4256 2367 4318 nonnullis
2402 4249 2491 4315 Ρ1

830 4341 947 4429 25,
995 4348 1096 4408 23.
1143 4367 1266 4424 qus.
1306 4347 1568 4422 Madvig
1612 4364 1765 4422 quae
1800 4345 1859 4404 P
