3234 5034
584 298 850 347 chxvm
1036 234 1040 237 ’
1082 277 1178 332 DE
1215 276 1678 332 SCRIPTORVM
1714 276 1903 332 vms
1938 278 2035 332 ΕΤ
2072 277 2391 333 SORJPTIS

586 445 786 527 diique
851 448 1290 508 successionem
1349 444 1730 507 describeret.
1804 464 1943 507 nam
2006 446 2155 507 haec
2212 446 2399 508 multo
2464 450 2655 508 maior
2718 450 2883 528 copia

584 562 788 607 rerum
844 563 979 605 cum
1035 546 1375 606 narratione
1433 551 1767 607 ceterarum
1820 562 2021 607 rerum
2068 542 2140 605 ab
2188 545 2650 625 imperatoribus
2694 554 2885 626 gesta-

583 662 744 723 rum,
809 662 960 723 quae
1015 642 1088 705 ad
1143 642 1390 705 Iudaeos
1446 662 1564 704 non
1622 645 1983 722 pertineant,
2042 642 2366 723 discrepat,
2426 643 2625 705 Cluuii
2688 654 2885 707 autem

583 742 774 822 ipsius
837 743 1060 803 mentio
1069 788 1088 821 ‚
1135 760 1284 821 quae
1339 744 1470 821 ipsa
1523 759 1641 823 per⁴
1690 760 1755 803 se
1810 741 1961 802 nihil
2006 742 2194 821 ualet,
2238 760 2359 804 non
2404 742 2583 804 uideo
2628 762 2747 823 qua
2794 762 2885 805 ra·

583 842 745 901 tione
793 839 1080 920 explicari
1123 841 1327 919 possit,
1374 840 1491 901 nisi
1539 857 1610 900 ex
1659 842 1789 901 eius
1834 840 2103 901 historiis
2148 842 2401 920 repetita
2445 849 2555 921 est,
2594 841 2885 922 pluraque

581 940 648 1001 in
701 956 772 999 ea
823 944 994 1017 parte
1047 937 1333 1017 Iosephus
1387 956 1564 1017 quam
1612 937 1765 999 solet
1819 936 2079 999 Romana
2136 940 2365 1001 ratione
2415 938 2487 1002 de
2532 958 2601 1001 re
2652 940 2886 1021 publica

585 1034 998 1099 constituenda
1047 1034 1351 1097 declamat.

762 1132 924 1206 Quae
963 1136 1015 1195 si
1052 1140 1214 1195 recte
1255 1132 1548 1213 disputata
1586 1142 1743 1213 sunt,
1781 1133 1975 1196 Cluuii
2012 1136 2297 1197 historiae
2334 1138 2651 1198 minimum
2696 1156 2887 1217 usque

585 1233 660 1293 ad
708 1231 814 1294 Gai
861 1250 1071 1295 necem
1117 1230 1529 1312 ascenderunt,
1567 1233 1821 1294 fortasse
1858 1235 2037 1295 etiam
2073 1234 2327 1296 ulterius
2364 1254 2557 1315 usque
2596 1234 2669 1296 ad
2707 1236 2887 1297 finem

586 1331 736 1394 alius
792 1332 1130 1411 scriptoriS,
1185 1333 1388 1393 nescio
1443 1333 1633 1393 cuius.
1710 1339 1835 1393 tum
1888 1350 2035 1394 uero
2090 1352 2209 1394 non
2270 1332 2671 1395 substiterunt
2734 1336 2889 1396 intra

583 1432 767 1491 uitam
815 1428 1087 1508 Neronis,
1133 1437 1201 1491 ut
1243 1428 1424 1491 Fabia
1453 1448 1522 1508 p.
1565 1432 1711 1491 176.
1750 1431 1882 1492 378
1929 1430 2251 1493 arbitratus
2298 1438 2405 1512 est,
2452 1431 2559 1495 sed
2607 1432 2769 1513 quod
2814 1450 2887 1494 ex

586 1547 765 1610 prece
811 1527 912 1589 illa
953 1530 1165 1589 ueniae
1206 1528 1508 1607 discimus,
1557 1546 1655 1590 res
1692 1548 1882 1609 usque
1920 1529 1995 1590 ad
2019 1529 2283 1610 Verginii
2317 1538 2521 1610 partes
2561 1537 2891 1593 transactas

587 1620 656 1711 (i.
686 1647 735 1689 e.
765 1625 838 1688 ad
875 1625 1126 1688 Othonis
1163 1620 1443 1739 mortem)
1487 1626 1861 1689 deduxerunt
1898 1620 2113 1711 (quare
2159 1646 2279 1689 non
2318 1636 2411 1689 est
2456 1648 2703 1691 necesse
2744 1630 2815 1689 fr.
2846 1627 2890 1691 3

587 1745 658 1787 ex
699 1724 954 1787 Neronis
990 1726 1275 1787 memoria
1314 1733 1661 1805 excerptum
1700 1708 1833 1789 essse
1872 1720 2153 1812 opinari),
2192 1726 2441 1789 fortasse
2480 1729 2659 1789 etiam
2696 1745 2891 1807 usque

588 1823 664 1886 ad
701 1825 938 1885 initium
983 1824 1220 1903 imperii
1256 1823 1618 1904 Vespasiani,
1666 1844 1782 1904 quo
1828 1824 2074 1887 libertas
2122 1825 2221 1886 illa
2256 1825 2613 1904 Verginiana
2650 1825 2891 1889 condita

587 1915 763 2007 est1),
811 1922 932 1983 nisi
995 1920 1190 1982 obstat
1253 1920 1410 2001 quod
1470 1921 1713 1983 Tacitus
1779 1922 1851 1984 de
1916 1922 2208 2004 colloquio
2273 1922 2373 1985 illo
2436 1923 2628 1985 Flauii
2684 1923 2895 1985 Sabini

587 2028 648 2081 et
691 2018 908 2081 Vitellii
973 2037 1094 2080 non
1159 2027 1380 2081 certam
1446 2022 1857 2083 auctoritatem
1921 2019 2145 2102 Cluuii,
2208 2040 2323 2101 qua
2386 2023 2606 2102 potuit,
2662 2025 2716 2083 si
2770 2022 2893 2100 ille,

586 2120 866 2200 quoniam
905 2104 1192 2197 interfuit,
1229 2120 1644 2199 memorasset,
1672 2118 1777 2181 sed
1816 2120 2031 2181 famam
2070 2122 2239 2201 sequi
2279 2120 2424 2182 dicit
2453 2122 2627 2196 (hist.
2649 2121 2765 2181 III
2784 2122 2892 2182 65.

585 2236 645 2279 u.
685 2218 880 2279 Fabia
915 2236 982 2294 p.
1023 2217 1169 2278 176.
1209 2217 1357 2279 179.
1413 2219 1620 2294 Groaq
1652 2236 1721 2296 p.
1762 2219 1937 2293 776).
2008 2218 2117 2280 sed
2160 2238 2305 2279 num
2348 2219 2547 2300 ipsum
2594 2220 2657 2280 in
2704 2218 2896 2280 histo-

587 2316 694 2375 riis
751 2313 1086 2376 scribendis
1141 2321 1278 2376 ante
1333 2314 1534 2378 oculos
1590 2316 1891 2394 habuerit,
1950 2316 2376 2379 dubitationem
2434 2324 2663 2379 restare
2708 2336 2899 2399 supra

588 2416 682 2492 (p.
717 2416 860 2489 cur)
897 2413 1178 2475 uidimus,
1253 2414 1432 2474 etiam
1482 2413 1552 2475 de
1601 2414 1899 2493 Suetonio,
1948 2416 2117 2476 cuius
2164 2416 2385 2477 fontem
2432 2417 2495 2476 in
2540 2418 2667 2477 uita
2705 2414 2897 2479 Nero-

588 2514 684 2574 nis
722 2530 856 2574 eum
907 2511 1090 2574 fuisse
1130 2511 1382 2573 Schiller
1411 2514 1605 2586 (Nero
1629 2531 1697 2591 p.
1728 2512 1816 2573 23
1840 2514 1997 2589 sqq.)
2036 2521 2257 2593 censet,
2294 2511 2583 2575 iudicium
2623 2512 2901 2577 cohibeo.

1158 2814 1695 2890 VIPSTANVS
1750 2812 2319 2902 MESSALLAJ)

766 2994 957 3056 Etiam
1019 2994 1194 3055 huius
1249 2997 1534 3057 memoria
1591 3002 1836 3075 angusta
1894 3004 2008 3076 est,
2066 3016 2201 3058 cum
2248 3000 2429 3059 unius
2473 2997 2663 3060 Taciti
2717 2998 2905 3061 libris

589 3095 978 3155 contineatur.
1063 3093 1160 3152 hic
1225 3100 1420 3155 autem
1487 3095 1739 3156 iuuenili
1804 3094 2035 3175 ardore,
2098 3114 2215 3175 quo
2279 3095 2630 3159 adulescens
2692 3100 2905 3159 minor

587 3194 876 3254 maiorem
923 3192 1232 3271 suspicere
1279 3191 1446 3271 solet,
1493 3196 1776 3255 incensus
1823 3212 1957 3255 eum
2006 3202 2067 3255 et
2112 3196 2173 3255 in
2224 3194 2451 3274 dialogo
2498 3202 2559 3257 et
2604 3196 2665 3257 in
2706 3196 2905 3257 histo-

589 3293 698 3352 riis
762 3297 1116 3370 persecutus
1181 3298 1286 3352 est.
1381 3309 1515 3351 nam
1583 3288 1871 3353 ‘nondum
1934 3294 2271 3372 quaestoria
2336 3288 2559 3355 aetate'
2614 3294 2907 3357 tribunus

591 3390 905 3468 septimam
935 3386 1315 3449 Claudianam
1346 3388 1641 3468 legionem
1671 3393 1969 3451 exercitus
1997 3391 2236 3452 Antonii
2264 3389 2450 3453 Primi
2478 3401 2679 3454 contra
2709 3392 2907 3454 Vitel—

588 3487 780 3548 lianos
829 3484 994 3548 duxit
1031 3488 1198 3561 (hist.
1230 3490 1343 3548 III
1373 3490 1430 3549 9.
1472 3490 1574 3549 IV
1605 3489 1739 3567 42),
1783 3488 1943 3550 unde
1989 3489 2163 3569 paulo
2208 3498 2347 3569 post
2380 3508 2429 3549 a.
2458 3486 2711 3571 45s798
2752 3510 2905 3554 eum

591 3594 794 3647 natum
852 3603 983 3646 esse
1034 3583 1334 3647 discimus,
1409 3585 1681 3667 pluribus
1739 3588 1868 3648 eius
1914 3586 2173 3649 indolem
2223 3588 2490 3669 depinxit
2534 3591 2597 3669 in
2645 3588 2908 3671 dialogo,

591 3703 726 3746 cum
776 3702 911 3744 eum
961 3702 1169 3745 causas
1218 3692 1609 3765 exponentem
1658 3686 1813 3765 fecit,
1860 3705 1969 3746 cur
2014 3706 2118 3747 sua
2168 3694 2328 3748 aetas
2374 3694 2603 3750 tantum
2649 3688 2720 3749 ab
2768 3688 2905 3749 elo-

593 3783 837 3864 quentia
885 3783 1260 3861 antiquorum
1312 3782 1667 3845 deflexisset.
1739 3790 1901 3844 totus
1948 3786 2105 3845 enim
2153 3792 2245 3845 est
2290 3787 2352 3846 in
2394 3785 2489 3847 his
2527 3785 2911 3851 admirandis

592 3890 652 3943 et
697 3879 1008 3943 laudandis
1017 3926 1035 3959 ,
1082 3898 1336 3961 quorum
1383 3880 1717 3961 exemplum
1766 3890 2007 3943 secutus
2065 3889 2124 3943 et
2178 3880 2553 3963 adulescens,
2608 3885 2909 3963 quemad-

591 4006 811 4013 ·-—--—-——--
821 4006 873 4011 „—
890 4006 947 4011 -—-
958 4005 1072 4010 —--.

669 4150 680 4161 .
773 4074 824 4140 1)
861 4070 1054 4138 Usque
1083 4070 1155 4123 ad
1184 4072 1421 4124 mortem
1440 4068 1661 4125 Vitellii
1690 4070 1919 4125 uidetur
1945 4071 2293 4125 Mommseno
2330 4090 2383 4141 p.
2416 4076 2520 4126 820
2556 4074 2615 4127 et
2652 4072 2913 4145 Nipper-

593 4152 719 4205 dfflo
755 4149 1334 4293 {T‘erfflT‘ffmffeffss
1363 4222 1540 4277 Rhen.
1571 4227 1641 4275 26
1677 4240 1731 4293 p.
1762 4227 1882 4277 529.
1913 4228 2035 4279 536.
2091 4223 2271 4279 Fabia
2306 4241 2361 4293 p.
2392 4229 2492 4279 231
2515 4242 2635 4295 sqq.
2702 4224 2917 4301 Οτι-οὓς

591 4320 646 4373 p.
679 4308 781 4357 785
801 4319 921 4371 sqq.
