3234 5034
1094 315 1186 371 M.
1226 314 1533 371 GLV'V'IVS
1569 314 1807 370 RVFVS
2368 337 2607 387 CLXVII
2622 370 2629 378 .

313 484 564 565 Vergini,
601 502 758 565 quae
795 484 1080 545 historiae
1119 482 1267 545 fides
1305 482 1616 545 debeatur:
1663 484 1930 565 proinde,
1968 486 2021 545 si
2056 484 2204 565 quid
2240 487 2301 546 in
2338 485 2607 547 historiis

307 586 458 645 meis
502 583 654 663 legis
702 582 878 645 aliter
920 602 988 645 ac
1033 583 1202 663 ueIiS‚
1249 600 1395 662 rogo
1441 577 1747 663 ignoscas’
1794 584 1979 657 (Plin.
2020 584 2080 663 9,
2118 584 2221 664 19,
2260 585 2347 659 5).
2421 584 2605 645 multa

307 700 448 744 sane
495 684 550 743 is
597 681 840 761 fecerat,
887 682 960 743 de
1006 681 1224 763 quibus
1271 680 1491 760 ambigi
1541 690 1761 762 posset,
1808 683 2063 743 maxime
2108 684 2171 742 in
2219 681 2421 761 Gallia,
2468 700 2603 744 cum

305 784 486 843 etiam
514 780 758 843 Tacitus
797 788 855 843 et
882 780 1251 860 Plutarchum,
1289 798 1432 842 num
1472 779 1659 841 lulius
1685 779 1910 841 Vindex
1950 799 1983 841 a
2014 780 2276 861 Verginii
2314 780 2605 843 militibus

305 898 522 943 caesus
570 888 734 942 esset
779 897 854 942 an
899 898 964 941 se
1009 880 1141 959 ipse
1186 879 1606 959 interfecisset,
1652 880 1811 940 inter
1856 898 1921 940 se
1969 878 2357 941 dissentirent
2402 887 2463 941 et
2508 879 2607 941 ille

307 982 438 1060 ipse
489 978 790 1040 dubitaret
836 997 909 1039 an
949 977 1260 1057 Verginius
1306 979 1602 1058 imperare
1650 978 1939 1040 uoluisset
1990 980 2162 1053 (hist.
2194 979 2235 1038 I
2262 978 2321 1039 8.
2362 998 2419 1040 u.
2450 980 2611 1040 Paul

305 1096 380 1140 m.
419 1080 618 1140 Rhen.
658 1078 746 1139 54
765 1096 836 1156 p.
867 1078 994 1137 611
1023 1081 1200 1153 sqq).
1275 1078 1406 1157 ipse
1471 1076 1745 1156 sepulcro
1810 1094 1919 1138 suo
1984 1076 2235 1139 inscribi
2296 1076 2489 1139 uoluit
2543 1096 2607 1139 se

305 1176 480 1257 pulso
535 1160 784 1237 Vindice
838 1178 1158 1255 imperium
1213 1194 1334 1236 non
1403 1174 1519 1237 sibi
1575 1173 1684 1237 sed
1740 1176 1964 1255 patriae
2030 1175 2367 1238 adseruisse
2424 1177 2608 1253 (Ptin.

309 1278 365 1352 6,
396 1275 503 1337 10.
553 1276 612 1352 9,
643 1274 747 1349 19,
776 1276 863 1350 1).
948 1292 1064 1353 qua
1121 1292 1185 1335 re
1243 1272 1399 1353 quod
1456 1273 1667 1335 Cluuio
1734 1274 2041 1354 respondit
2094 1270 2287 1337 ‘Tune
2352 1276 2609 1353 ignoras,

307 1374 498 1454 Cluui,
547 1372 680 1435 ideo
725 1390 822 1435 me
871 1372 1084 1433 fecisse
1131 1372 1287 1452 quod
1337 1372 1467 1451 feci,
1513 1380 1581 1433 ut
1628 1380 1787 1433 esset
1833 1371 2089 1435 liberum
2132 1372 2305 1435 uobis
2342 1372 2607 1435 scribere

308 1492 460 1553 quae
506 1468 864 1551 libuisset‘P’,
921 1471 1086 1532 credi
1141 1471 1406 1534 uoluisse
1453 1469 1710 1550 uidetur,
1759 1471 1916 1551 quod
1961 1471 2069 1532 Dio
2118 1472 2220 1548 63,
2250 1472 2353 1548 25,
2384 1473 2427 1533 3
2470 1490 2605 1553 pro·

309 1571 478 1651 didit,
525 1590 592 1632 se
637 1572 957 1650 imperium
1005 1589 1038 1631 a
1084 1569 1374 1631 militibus
1421 1569 1535 1630 sibi
1581 1569 1845 1631 oblatum
1892 1568 2257 1650 repudiasse,
2295 1569 2453 1649 quod
2488 1589 2607 1632 non

306 1672 611 1732 exercitus
657 1669 764 1731 sed
809 1678 1052 1731 senatus
1096 1669 1416 1749 populique
1463 1667 1715 1731 Romani
1753 1687 1885 1730 esse
1924 1667 2317 1731 arbitraretur
2352 1671 2607 1749 impera·

303 1778 470 1831 tores
507 1770 722 1847 facere,
762 1766 1096 1829 libertatem
1134 1774 1332 1829 autem
1371 1746 1667 1830 sentiendi
1704 1765 2124 1846 scribendique
2162 1786 2313 1848 quae
2354 1769 2607 1847 quisque

303 1868 516 1945 uellet,
574 1886 604 1927 a
645 1867 1003 1947 Vespasiano
1057 1868 1394 1927 restitutam
1451 1884 1602 1928 esse.
1679 1868 1855 1927 etiam
1903 1864 2131 1927 Plinius
2180 1868 2371 1927 maior
2414 1866 2609 1927 fautor

305 1966 650 2029 Flauiorum
689 1968 749 2025 in
797 1965 1041 2027 historia
1087 1964 1343 2026 naturali
1374 1965 1478 2045 20,
1510 1965 1643 2025 160
1680 1983 1815 2025 eum
1854 1960 2245 2025 ‘adsertorem
2292 1983 2325 2025 a
2374 1963 2607 2026 Nerone

304 2062 626 2127 libertatis'
675 2063 835 2125 dicit.
849 2056 900 2147 ¹)
973 2081 1170 2143 neque
1230 2082 1374 2124 uero
1431 2082 1462 2125 a
1519 2062 1933 2144 probabilitate
1998 2062 2278 2154 abhorret
2331 2061 2607 2125 Cluuium

305 2182 444 2225 cum
489 2164 554 2223 in
604 2164 728 2223 uita
775 2180 1012 2223 auream
1059 2160 1530 2223 mediocritatem
1567 2158 1705 2224 'tum
1744 2164 1807 2223 in
1844 2162 2091 2223 historia
2128 2164 2395 2224 tenuisse
2430 2170 2605 2243 atque

305 2261 608 2323 Neronem
656 2278 689 2321 a
729 2262 946 2321 ceteris
994 2259 1386 2341 scriptoribus
1434 2261 1784 2322 infamatum
1831 2260 2024 2340 aliqua
2072 2278 2145 2320 ex
2191 2268 2359 2341 parte
2406 2258 2605 2322 defen·

305 2360 486 2439 disse,
535 2362 802 2421 incestus
855 2367 1018 2420 certe
1075 2361 1304 2419 crimen
1361 2358 1432 2419 ab
1491 2377 1560 2419 eo
1608 2358 1681 2419 ad
1737 2359 2121 2439 Agrippinam
2166 2361 2349 2421 uertit
2396 2360 2503 2437 (fr.
2534 2360 2604 2436 2)

303 2459 690 2539 Senecaeque
753 2455 914 2519 laudi
977 2474 1096 2519 non
1164 2456 1414 2519 indulsit
1475 2457 1585 2534 (fr.
1636 2458 1706 2531 1)
1772 2464 1832 2518 et
1892 2457 2139 2520 forsitan
2204 2459 2381 2519 etiam
2438 2458 2507 2520 fr.
2564 2454 2606 2521 3

305 2558 516 2620 eodem
573 2558 886 2637 pertineat.
959 2564 1225 2617 ceterum
1235 2601 1253 2634 ,
1309 2574 1460 2636 quae
1517 2564 1645 2617 erat
1699 2554 1893 2617 Cluuii
1950 2557 2212 2635 fortuna,
2270 2555 2607 2618 facultatem

301 2656 490 2719 multa
555 2654 802 2716 uidendi
865 2662 926 2715 et
989 2652 1384 2734 cognoscendi
1439 2653 1644 2716 habuit
1700 2662 1781 2734 et,
1838 2656 1890 2716 si
1946 2662 2108 2717 recte
2164 2656 2293 2716 eius
2347 2654 2605 2717 indolem

301 2756 740 2836 perspeximus,
787 2754 1000 2832 frigido
1047 2755 1244 2815 animo
1291 2751 1681 2816 examinandi.

401 2872 414 2885 ·
485 2852 610 2913 Vsi
664 2858 860 2914 autem
922 2859 1063 2939 sunt
1115 2852 1244 2913 eius
1309 2851 1574 2913 historiis
1640 2844 1815 2935 (haec
1880 2852 2037 2913 enim
2102 2852 2413 2932 inscriptio
2478 2854 2607 2931 fuit,

305 2955 466 3014 Ptin.
505 2955 542 3012 l.
580 2945 659 3034 ε.)
707 2949 948 3011 Tacitus
1013 2952 1074 3011 in
1139 2951 1389 3030 imperio
1445 2948 1701 3012 Neronis
1764 2948 2091 3011 enarranda
2141 2950 2256 3028 (sr.
2299 2951 2355 3012 1.
2394 2951 2485 3028 2),
2540 2959 2608 3012 ut

303 3051 444 3113 hinc
493 3051 876 3111 seueritatem
914 3048 1091 3111 Plinii
1127 3048 1410 3128 Fabiique
1459 3056 1819 3129 temperaret
1832 3042 1903 3133 ²),
1950 3055 2075 3109 tum
2123 3050 2176 3109 is
2222 3057 2445 3127 auctor,
2487 3068 2605 3129 quo

303 3150 402 3210 hir
449 3157 628 3229 atque
676 3147 994 3209 Suetonius
1039 3145 1509 3227 Plutarchusque
1549 3147 1665 3224 (fr.
1704 3147 1794 3225 3),
1842 3148 1904 3208 in
1952 3145 2131 3208 rebus
2178 3164 2469 3208 annorum
2517 3143 2603 3208 69

303 3256 364 3309 et
397 3244 483 3308 70
511 3245 861 3308 enarrandis
887 3248 974 3319 (u.
994 3265 1039 3307 s.
1055 3264 1124 3324 p.
1157 3266 1278 3307 cur
1308 3252 1368 3308 et
1405 3247 1545 3307 adn.
1575 3248 1663 3307 ad
1689 3246 1775 3323 fr.
1804 3246 1876 3319 3)
1890 3239 1961 3329 ³),
2000 3252 2175 3325 atque
2214 3247 2409 3324 etiam,
2448 3244 2606 3326 quod

301 3346 672 3407 Mommseno
697 3364 764 3423 p.
793 3345 944 3423 320,
973 3342 1382 3405 Gutschmidio
1421 3342 1635 3422 Opus-c.
1668 3346 1769 3404 IV
1787 3345 1936 3422 351,
1967 3342 2219 3422 Groagio
2258 3362 2353 3422 ap.
2377 3346 2603 3421 Pauly·

320 3446 494 3506 Wiss.
525 3445 628 3504 IV
657 3462 708 3505 c.
749 3443 879 3503 123
934 3444 1130 3504 uisum
1189 3449 1304 3521 est,
1369 3441 1679 3523 Iosephus,
1745 3450 1811 3503 ut
1865 3444 1925 3502 in
1984 3441 2433 3521 antiquitatibus
2478 3441 2603 3504 Iud.

301 3538 493 3627 (anno
539 3537 795 3621 93s846
841 3540 914 3603 ad
963 3542 1140 3603 finem
1187 3534 1522 3625 perductis)
1561 3538 1695 3601 XIX
1732 3560 1781 3601 c.
1825 3537 1995 3603 1--4
2044 3558 2251 3602 necem
2291 3538 2399 3601 Gai
2436 3540 2604 3601 Clau-

486 3780 538 3846 1)
579 3776 792 3831 Gercke
829 3794 882 3847 p.
913 3781 1017 3830 239
1037 3792 1158 3845 sqq.
1198 3773 1458 3830 Cluuium
1485 3772 1700 3829 Flauiis
1738 3774 1797 3829 in
1834 3774 2071 3831 historia.
2109 3790 2212 3828 sua
2240 3774 2603 3830 aduersati-um

293 3876 428 3916 esse
467 3860 880 3913 demonstrasse
929 3854 1040 3910 sibi
1075 3856 1230 3910 uisus
1270 3858 1372 3924 est,
1419 3855 1561 3910 mihi
1597 3858 1787 3911 tamen
1828 3854 1947 3910 eius
1985 3854 2261 3926 expositio
2300 3855 2603 3911 admodum

289 3942 540 4091 moena)
559 3941 839 4073 egl-‚imum
891 4018 1076 4074 locum
1132 4016 1186 4072 ei
1241 4016 1570 4089 adsignauit
1623 4017 1801 4071 Fabia
1854 4036 1909 4088 p.
1948 4022 2051 4071 402
2084 4034 2224 4086 sqq„
2258 4015 2603 4071 'inferiorem

291 4100 524 4157 Gercke
559 4118 614 4169 p.
645 4104 750 4154 230
770 4116 888 4169 sqq.
949 4098 1012 4153 V.
1043 4116 1084 4153 s.
1115 4117 1168 4168 p.
1201 4116 1344 4153 own
1371 4116 1492 4167 sqq.

487 4184 540 4249 3)
576 4179 708 4235 Non
744 4182 831 4233 est
867 4196 966 4233 cur
1001 4178 1307 4249 separatim
1335 4178 1594 4235 Cluuium
1634 4180 1703 4233 de
1740 4178 1905 4233 rebus
1944 4178 2215 4235 scaenici·
2254 4178 2437 4249 egisse
2474 4196 2603 4233 con-

290 4262 543 4319 iciamus
591 4260 802 4331 (Groag
844 4278 900 4331 p.
943 4265 1045 4313 124
1075 4262 1196 4329 sq.),
1244 4259 1514 4328 quoniam
1565 4260 1711 4315 haee
1763 4259 1984 4314 occasio
2040 4258 2301 4328 frequens
2357 4258 2411 4313 ei
2465 4259 2602 4314 data

289 4345 428 4399 erat
464 4341 526 4395 in
565 4340 812 4395 Neronis
849 4339 1138 4407 memoria,
1173 4338 1508 4411 praesertim
1543 4342 1603 4395 in
1643 4340 1724 4395 eis
1762 4339 2001 4394 multum
2040 4342 2280 4393 uel-sate.
