3234 5034
1312 333 1664 388 EXEMPLA
2553 335 2636 398 27

328 503 493 562 misit
538 500 962 582 mandauitque
1010 503 1098 563 eis
1144 499 1471 582 pactusque
1520 509 1628 580 est,
1676 509 1762 580 ut,
1808 503 1861 562 si
1907 501 2126 582 populo
2162 501 2426 563 Romano
2471 501 2639 564 uide-

332 608 522 680 retur,
579 603 941 680 permutatio
998 601 1171 662 fieret
1228 601 1618 680 captiuorum.
1671 634 1755 644 —-
1804 600 1942 678 hoc,
1999 601 2347 679 priusquam
2401 601 2642 679 profici·

332 706 663 778 scerentur,
693 701 787 760 ius
814 698 1135 760 iurandum
1165 717 1269 760 eos
1298 697 1497 778 adegit
1532 697 1832 760 redituros
1871 717 2002 760 esse
2041 700 2104 758 in
2141 706 2334 759 castra
2364 697 2638 777 PoenIca,

330 798 383 856 si
444 795 700 858 Romani
765 799 1034 877 captiuos
1100 815 1221 858 non
1283 804 1710 878 permutarent.
1799 797 2056 858 Veniunt
2118 795 2365 858 Romam
2432 796 2640 858 decem

280 907 305 947 ⁶
334 897 575 974 captiui,
622 895 965 958 mandatum
1012 895 1197 958 Poeni
1244 897 1624 976 imperatoris
1670 897 1732 980 in
1781 903 1990 956 senatu
2039 901 2358 975 exponunt,
2401 913 2640 975 permu-

332 995 475 1054 tatio
522 997 759 1056 senatui
802 1013 923 1056 non
969 993 1205 1074 placita.
1236 1028 1320 1038 —-
1358 1003 1485 1055 tum
1534 1002 1668 1055 octo
1708 1012 1780 1054 ex
1817 993 1910 1054 his
1947 993 2380 1074 postliminium
2417 995 2638 1055 iustum

332 1110 449 1152 non
506 1111 641 1153 esse
696 1092 814 1153 sibi
868 1092 1331 1173 responderunt,
1388 1093 1668 1172 quoniam
1727 1091 1957 1153 deiurio
2013 1093 2202 1153 uincti
2255 1093 2475 1172 forent,
2521 1100 2640 1154 sta-

332 1192 578 1271 timque,
623 1193 714 1252 uti
758 1193 941 1252 iurati
978 1199 1167 1271 erant,
1207 1190 1281 1253 ad
1316 1190 1708 1252 Hannibalem
1745 1190 2008 1270 profecti
2043 1197 2198 1252 sunt.
2264 1190 2381 1252 duo
2423 1191 2640 1271 reliqui

330 1287 553 1351 Romae
608 1299 961 1352 manserunt
1012 1290 1355 1370 solutosque
1403 1307 1537 1350 esse
1585 1307 1651 1350 se
1697 1307 1766 1350 ac
1813 1287 2096 1349 liberatos
2145 1288 2434 1367 religione
2481 1288 2638 1350 dice·

256 1402 307 1442 ιο
332 1387 492 1468 bant,
530 1391 829 1468 quoniam,
886 1406 1021 1450 cum
1070 1391 1297 1467 egressi
1343 1396 1538 1448 castra
1583 1387 1846 1448 hostium
1901 1385 2174 1466 fuissent,
2226 1388 2640 1448 commenticio

332 1486 582 1548 consilio
630 1489 893 1567 regressi
938 1486 1166 1566 eodem,
1214 1496 1512 1567 tamquam
1560 1487 1613 1546 si
1651 1485 1727 1546 ob
1765 1485 2020 1565 aliquam
2058 1486 2362 1546 fortuitam
2399 1503 2640 1547 causam

331 1585 525 1646 issent
562 1592 739 1665 atque
775 1587 859 1646 ita
896 1587 1027 1646 iure
1065 1585 1317 1647 iurando
1356 1586 1656 1646 satisfacto
1695 1602 1934 1644 rursum
1969 1585 2216 1645 iniurati
2253 1583 2531 1644 abissent.
2551 1619 2642 1628 —

270 1705 283 1769 Ι
332 1681 645 1768 Cornelius
700 1691 898 1744 autem
954 1681 1173 1764 Nepos-
1201 1682 1478 1758 itt-lilim
1506 1681 1960 1766 ,exemplorum
2010 1685 2216 1762 quinto
2264 1681 2342 1758 ,id
2403 1699 2639 1764 quoque

272 1780 281 1841 ἴ
332 1779 549 1842 litteris
594 1781 903 1842 mandauit
938 1782 1141 1843 multis
1180 1784 1243 1842 in
1282 1790 1490 1843 senatu
1537 1781 1852 1861 placuisse,
1897 1789 1964 1842 ut
2008 1780 2088 1859 hi,
2127 1783 2232 1860 qui
2279 1779 2477 1843 redire
2515 1780 2640 1843 nol·

256 1893 305 1934 ιο
332 1878 475 1958 lent⁷
524 1877 1069 1958 datis-,Qtodibns
1114 1879 1190 1942 ad
1235 1879 1624 1941 Hannibalem
1675 1877 2130 1958 deducerentur,
2177 1878 2281 1940 sed
2329 1897 2460 1940 eam
2506 1897 2642 1941 sen·

332 1979 577 2038 tentiam
626 1996 877 2040 numero
922 1979 1203 2058 plurium,
1250 1978 1468 2058 quibus
1514 1977 1577 2039 id
1622 1995 1740 2038 non
1777 1976 2104 2056 uideretur,
2143 1984 2499 2057 superatam,
2538 1997 2641 2039 eos

332 2083 551 2154 tamen,
598 2079 701 2157 qui
748 2075 824 2138 ad
868 2076 1259 2138 Hannibalem
1306 2095 1425 2137 non
1474 2075 1788 2154 redissent,
1833 2095 2024 2155 usque
2071 2075 2220 2137 adeo
2271 2075 2642 2138 intestabiles

332 2175 679 2254 inuisosque
736 2175 948 2254 fuisse,
1002 2183 1069 2236 ut
1125 2174 1385 2236 taedium
1436 2176 1597 2235 uitae
1646 2176 1918 2254 ceperint
1962 2191 2292 2254 necemque
2338 2172 2456 2235 sibi
2502 2194 2640 2236 con·

337 2273 642 2334 sciuerint.

258 2383 311 2424 8⁰
515 2366 633 2434 3²⁸².
688 2373 832 2435 Gen.
876 2373 962 2433 VI
1002 2373 1106 2448 19,
1148 2373 1185 2432 1
1252 2371 1532 2434 Pulcrum
1578 2379 1756 2450 atque
1803 2369 2047 2432 liberale
2101 2379 2280 2450 atque
2335 2374 2641 2450 magnani-

338 2487 498 2530 mum
552 2470 775 2531 l'actum
834 2469 1062 2532 Tiberii
1116 2470 1455 2550 Sempronii
1518 2468 1772 2530 Gracchi
1833 2469 2252 2548 in„exemplis
2312 2470 2641 2549 repositum

338 2575 442 2628 est.
518 2567 583 2630 ld
630 2569 969 2650 exemplum
1014 2566 1430 2632 huiuscemodi
1476 2577 1591 2629 est:
1660 2568 1723 2628 L.
1773 2567 2038 2648 Scipioni
2082 2568 2366 2646 Asiatico,
2411 2567 2473 2628 P.
2515 2567 2640 2629 Sci-

338 2668 537 2744 pionis
576 2667 838 2728 Africani
892 2669 1219 2747 superioris
1275 2667 1473 2745 fratri,
1520 2666 1581 2727 C.
1620 2665 1916 2727 Minucius
1967 2666 2307 2744 Augurinus
2365 2665 2641 2728 tribunus

338 2763 493 2843 plebi
541 2764 789 2826 multam
834 2767 1124 2844 irrogauit
1170 2783 1425 2844 eumque
1475 2763 1550 2825 ob
1598 2782 1730 2825 eam
1778 2783 2014 2824 causam
2052 2761 2304 2843 praedes
2341 2763 2640 2843 poscebat.

262 2875 311 2914 2⁵
340 2863 537 2942 Scipio
584 2864 898 2924 Africanus
954 2865 1153 2926 fratris
1209 2865 1449 2924 nomine
1506 2861 1580 2922 ad
1637 2861 1952 2941 collegium
2000 2861 2378 2924 tribunorum
2425 2881 2640 2943 prouo-

339 2960 499 3021 cabat
561 2960 947 3041 petebatque,
1008 2969 1075 3022 ut
1134 2963 1331 3022 uirum
1394 2961 1770 3022 consularem
1830 2959 2370 3040 triumphalemque
2431 2981 2463 3022 a
2523 2962 2640 3022 col-

340 3058 501 3138 legae
566 3060 630 3120 ui
693 3059 1098 3121 defenderent.
1191 3067 1323 3120 octo
1388 3058 1616 3120 tribuni
1682 3061 1917 3140 cognita
1981 3077 2156 3120 causa
2225 3057 2640 3121 decreuerunt.

340 3155 479 3218 Eius
518 3157 748 3218 decreti
784 3157 987 3237 uerba,
1026 3176 1176 3237 quae
1214 3159 1404 3237 posui,
1449 3176 1519 3219 ex
1568 3156 1870 3219 annalium
1907 3159 2308 3218 monumentis
2345 3159 2639 3238 exscripta

339 3264 501 3316 sunt:
552 3253 745 3326 ‘Quod
792 3256 853 3316 P.
894 3256 1093 3336 Scipio
1141 3256 1453 3317 Africanus
1507 3254 1834 3336 postulauit
1886 3273 1994 3335 pro
2051 3255 2114 3314 L.
2153 3254 2430 3334 Scipione
2479 3256 2640 3317 Asia-

518 3445 579 3502 2.
628 3445 751 3500 Via.
782 3447 926 3501 Aea.
954 3448 1027 3513 fr.
1060 3451 1095 3502 3
1131 3453 1183 3502 et
1218 3445 1403 3500 admot.

515 3517 577 3573 8.
616 3518 749 3572 Etsi
774 3535 969 3572 nomen
996 3519 1231 3588 Nepotis
1257 3517 1515 3572 omissum
1542 3523 1636 3582 est,
1672 3523 1854 3571 tmnen
1888 3517 1988 3572 hoc
2021 3517 2324 3586 exemplum
2359 3535 2428 3572 σω
2461 3519 2642 3574 eodem

336 3597 613 3660 mptum
657 3605 767 3644 esse
811 3605 881 3643 ex
924 3606 1029 3659 quo
1073 3590 1377 3658 exemplum
1421 3589 1539 3644 eius
1582 3589 1729 3658 quod
1774 3588 2044 3644 antecedit
2087 3591 2290 3658 eapitis
2333 3595 2470 3645 recte
2515 3606 2640 3645 con·

336 3662 617 3718 eumne
634 3661 705 3715 F.
718 3660 1049 3716 Lachmann
1076 3661 1143 3716 de
1166 3661 1736 3729 font.Liu.IIp.106
1763 3665 1814 3714 et
1831 3659 1901 3714 L.
1920 3660 2196 3715 Mercklin
2215 3660 2563 3716 Citiermetb.
2586 3661 2640 3715 d.

339 3731 559 3786 Gellius
580 3749 639 3802 p.
663 3737 774 3787 668
803 3735 951 3798 (ema
980 3733 1211 3787 Hertsio
1237 3733 1301 3787 in
1329 3733 1445 3786 ind.
1474 3732 1555 3786 ed.
1583 3731 1844 3787 Teubner.
1869 3748 1928 3800 p.
1947 3735 2062 3786 257
2088 3737 2139 3786 et
2167 3733 2343 3788 Hosio
2363 3751 2422 3802 p.
2445 3755 2582 3787 xxxv
2553 3738 2638 3800 ν.ι)

340 3805 523 3874 itaque
549 3821 691 3873 opus
714 3821 831 3859 non
858 3810 937 3860 est
960 3821 1084 3859 eum
1108 3803 1315 3874 Τὴψίο
1332 3809 1463 3873 post
1491 3801 1807 3871 ‘exemplis’
1838 3803 2072 3874 Nepotis
2097 3819 2296 3858 mmm
2321 3804 2568 3860 {owen-ere.
2570 3837 2642 3844 —

519 3984 588 4069 2,
641 3991 742 4050 18.
795 3991 895 4049 19.
942 4009 1147 4049 necem
1194 3989 1309 4050 sibi
1356 3991 1819 4065 conparauerint
1863 3989 2183 4049 0001.Rott.

519 4071 589 4158 3,
641 4083 741 4138 21.
790 4081 1115 4156 sempronii
1158 4077 1361 4139 tiberii
1408 4077 1932 4152 (codU)R(ottend)
2091 4081 2192 4138 23.
2239 4080 2402 4156 patri
2449 4079 2507 4138 R

342 4170 441 4228 24.
488 4168 708 4228 irrouit
752 4168 812 4226 R
995 4170 1113 4228 25.
1160 4168 1352 4245 patris
1398 4167 1560 4228 codd.
1764 4169 1864 4226 25
1915 4169 2016 4226 26.
2063 4168 2433 4245 prouocabat
2475 4173 2640 4246 pete-

340 4257 595 4340 batque
610 4249 945 4318 ood.1>ar.¹
988 4256 1401 4335 prouocabant
1434 4256 1840 4334 petebantque
1876 4258 2036 4317 codd.
2086 4251 2236 4340 (que
2280 4275 2392 4318 om.
2429 4251 2514 4339 R)

344 4349 442 4407 28.
489 4366 777 4408 monuma.
822 4347 881 4406 R
