3234 5034
902 317 1048 372 IMP.
1076 315 1413 372 TIBERIVS
1450 316 1810 372 CLAVDIVS
1843 315 2044 372 NERO
2377 335 2622 384 cxvnn

320 489 587 548 numeris
644 488 711 548 in
770 485 1219 548 similitudinem
1274 484 1567 566 quandam
1617 503 1730 565 per
1781 483 1976 546 lusum
2029 482 2244 546 leuiter
2289 483 2618 546 rotundatis

315 587 643 666 exornauit,
682 593 753 647 ut
788 586 1147 666 septingenti
1184 583 1257 646 ab
1284 583 1434 645 urbe
1472 582 1707 644 condita
1744 603 1934 663 usque
1973 582 2045 645 ad
2074 583 2387 645 Caesarem
2423 583 2620 662 Augu-

316 693 471 746 stum
520 685 933 764 efficerentur,
988 682 1051 744 id
1098 691 1191 745 est
1234 701 1422 762 usque
1480 681 1553 742 ad
1600 703 1650 742 a.
1698 677 1980 763 29s724,
2037 701 2153 761 quo
2203 678 2446 761 ‘ubique
2500 699 2618 742 una

314 791 485 863 atque
536 785 822 844 continua
866 784 1103 862 generis
1147 781 1393 842 humani
1439 790 1540 842 aut
1584 801 1700 862 pax
1749 781 1859 842 suit
1897 788 1999 841 aut
2035 781 2298 860 fatigatio
2313 775 2347 859 ',
2395 799 2615 842 annum

316 882 911 962 septingentesimum
959 879 1285 942 secundum
1334 898 1532 942 aeram
1569 879 1912 941 Cincianam
1949 881 2195 955 (Unqer
2220 883 2258 940 t.
2283 898 2330 940 ε.
2345 897 2414 956 p.
2435 880 2616 954 431).

318 979 421 1042 sed
464 986 604 1042 utut
651 986 761 1059 est,
809 978 1147 1042 Lactantius
1194 978 1294 1042 uel
1340 981 1471 1040 eius
1518 987 1726 1040 auctor
1763 979 2025 1040 Senecae
2073 978 2428 1039 sententiam
2463 979 2616 1039 inte·

316 1081 573 1158 griorem
630 1080 924 1157 seruauit,
980 1079 1091 1138 etsi
1147 1077 1429 1140 Brandtio
1486 1078 1674 1151 (Add.
1722 1080 1807 1138 ad
1850 1078 2131 1138 Lac-tant.
2173 1075 2215 1136 I
2247 1093 2314 1154 p.
2357 1095 2461 1136 011
2497 1078 2612 1154 sq.)

315 1185 371 1238 et
415 1176 483 1238 Ο.
522 1175 887 1238 Rossbachio
927 1178 1021 1251 (in
1068 1179 1160 1238 ed.
1198 1179 1381 1238 Flore·
1414 1195 1481 1254 p.
1515 1197 1628 1237 Lm
1649 1179 1804 1253 sqq.)
1855 1177 2030 1236 etiam
2069 1174 2201 1235 aliis
2247 1173 2394 1234 locis
2432 1173 2614 1236 Sene-

316 1295 439 1338 cam
478 1284 541 1336 et
578 1275 754 1336 Floro
792 1283 851 1336 et
887 1274 1191 1336 Lactantio
1230 1267 1285 1358 (1
1328 1269 1427 1354 15,
1466 1271 1581 1355 313
1620 1271 1726 1354 22,
1769 1270 1958 1334 1-4.
2006 1273 2051 1333 V
2093 1269 2194 1352 13,
2237 1266 2349 1357 13)
2392 1273 2611 1334 fontem

314 1375 493 1436 fuisse
542 1373 882 1436 dicentibus
930 1391 1046 1434 non
1095 1372 1413 1434 adsentior.
1492 1372 1708 1434 Filium
1747 1371 1892 1433 haec
1929 1371 2106 1433 illaue
2145 1373 2207 1432 in
2245 1371 2430 1432 libros
2471 1390 2610 1432 suos

315 1492 381 1533 ex
418 1475 611 1552 patris
648 1472 917 1533 historiis
955 1470 1328 1533 transtulisse
1365 1490 1476 1553 per
1520 1491 1585 1532 se
1633 1473 1766 1533 ueri
1803 1470 1997 1533 simile
2035 1477 2126 1532 est
2173 1489 2368 1549 neque
2405 1476 2609 1531 tamen

313 1591 443 1632 cum
498 1570 867 1632 Rossbachio
925 1572 999 1644 (l.
1035 1589 1081 1631 s.
1109 1590 1177 1648 p.
1218 1571 1350 1631 166
1384 1572 1540 1648 sqq.)
1609 1570 1894 1650 quaedam
1963 1570 2132 1650 quasi
2199 1567 2382 1647 digito
2441 1585 2608 1628 mon·

311 1678 497 1730 strare
548 1667 710 1730 uolo.

695 2139 908 2252 IMPJ
930 2177 1373 2252 TIBERIVS
1429 2175 1898 2252 eLAvmvs
1954 2177 2214 2252 NERO

483 2356 661 2418 Solus
709 2357 1028 2419 Suetonius
1073 2358 1384 2418 historiam
1432 2359 1573 2438 imp.
1620 2356 1846 2418 Tiberii
1893 2358 2379 2420 commemorauit
2425 2357 2603 2438 idque

308 2465 369 2517 ut
415 2476 555 2518 eum
605 2457 787 2518 certis
835 2458 1201 2534 argumentis
1250 2456 1549 2519 refutaret.
1643 2456 1958 2536 Inscriptio
1998 2456 2108 2518 suit
2147 2452 2254 2518 ‘De
2291 2458 2417 2517 uita
2454 2453 2602 2534 sua’,

306 2574 559 2634 quacum
636 2561 837 2616 utrum
906 2551 1429 2616 ‘commentarius'
1500 2553 1571 2616 ab
1637 2556 1806 2616 initio
1872 2556 2225 2617 coniunctus
2289 2557 2368 2616 sit
2433 2575 2507 2617 an
2571 2576 2602 2618 a

307 2653 589 2714 Suetonio
628 2651 881 2731 addituS,
926 2653 1224 2714 incertum
1272 2660 1379 2714 est.
1464 2661 1626 2715 certe
1664 2648 2026 2714 ‘summatim
2073 2651 2481 2734 breuiterque'
2531 2674 2601 2716 eo

305 2759 452 2813 teste
502 2752 870 2831 compositus
918 2756 1044 2812 erat
1088 2757 1262 2831 atque
1310 2751 1383 2812 ad
1428 2750 1666 2832 publice
1715 2749 2146 2813 defendendam
2191 2753 2376 2813 uitam
2417 2771 2600 2834 suam,

304 2869 417 2930 qua
447 2847 695 2930 quidem
722 2851 785 2910 in
817 2867 880 2910 re
910 2869 985 2910 ne
1013 2849 1362 2910 manufestis
1391 2848 1630 2928 quidem
1660 2849 1984 2910 mendaciis
2021 2851 2306 2930 pepercit,
2344 2868 2498 2931 nam,
2534 2860 2602 2912 ut

300 2947 455 3009 idem
506 2947 670 3026 dicit,
718 2946 969 3008 alterum
1008 2947 1195 3008 fllium
1226 2945 1562 3010 Germanici
1592 2942 1948 3032 (Neronem)
1981 2949 2106 3028 ipse
2137 2955 2272 3009 ante
2303 2949 2598 3031 Seianum,

302 3045 553 3108 aiterum
586 3038 904 3129 (Drusum)
933 3053 1071 3127 post
1096 3065 1231 3108 eum
1267 3048 1587 3110 interemit.
1651 3045 1760 3108 suh
1799 3047 1976 3108 finem
2015 3047 2198 3125 igitur
2233 3049 2392 3110 uitae
2431 3041 2596 3130 (nam

300 3143 527 3206 Drusus
590 3163 641 3204 a.
690 3140 928 3224 33s786
992 3140 1168 3229 obiit)
1232 3143 1381 3206 illud
1454 3145 1804 3226 opusculum
1881 3143 2261 3207 scribendum
2335 3150 2598 3228 suscepit

302 3243 864 3304 commentariorum
902 3252 1175 3303 ueterum
1214 3241 1654 3322 simplicitatem
1692 3245 1973 3323 imitatuS,
2021 3247 2132 3305 etsi
2171 3247 2232 3306 in
2281 3244 2596 3308 scribendo

300 3360 528 3402 summa
588 3347 714 3401 arte
774 3339 1067 3420 utebatur,
1122 3349 1758 3422 monumentorumque
1805 3341 2177 3422 publicorum
2226 3342 2596 3425 breuitatem,

298 3456 413 3499 non
459 3438 799 3500 ubertatem
847 3438 1060 3517 Sullae,
1107 3439 1429 3518 CiceroniS,
1477 3439 1764 3520 Caesaris,
1813 3459 2044 3522 resque,
2103 3460 2353 3522 quarum
2401 3445 2592 3504 curio-

300 3555 399 3597 sus
446 3544 581 3598 erat
626 3539 872 3608 (Ges-ch.
904 3537 1043 3599 Lite.
1076 3539 1197 3614 Ip.
1228 3537 1317 3598 87
1341 3541 1477 3615 sq),
1534 3556 1892 3600 enumerans
1947 3558 2066 3602 non
2113 3558 2414 3602 enarrans.
2506 3541 2592 3602 Ex

300 3634 565 3696 tenebris
632 3640 829 3696 autem
884 3633 1203 3696 Suetonius
1267 3635 1425 3697 hunc
1490 3639 1979 3698 commentarium
2042 3636 2282 3699 uidetur
2346 3641 2592 3718 eruisse,

298 3751 429 3794 nam
478 3731 639 3812 quod
676 3731 992 3794 Domitiani
1028 3733 1345 3796 lectionem
1380 3735 1536 3796 intra
1575 3732 2056 3797 ‘commentarios
2095 3744 2154 3797 et
2199 3744 2326 3796 acta
2364 3736 2588 3799 Tiberi'

300 3849 427 3892 sese
486 3831 855 3892 continuisse
912 3831 1055 3892 dicit
1102 3836 1182 3907 (c.
1230 3833 1375 3912 20),
1431 3833 1518 3894 illi
1572 3854 1604 3895 a
1659 3831 1835 3895 ‘uita’
1897 3833 2120 3896 diuersi
2183 3843 2352 3896 erant
2416 3845 2589 3916 atque

300 3947 685 4009 quaecunque
732 3931 795 3988 in
833 3930 1299 4012 commentando,
1338 3931 1688 4012 priusquam
1727 3941 2020 4012 ageretur,
2069 3932 2364 4012 descripta
2403 3942 2589 4014 erant,

300 4026 858 4106 complectebantur.
866 4023 917 4112 ¹)

475 4257 525 4320 1)
564 4251 646 4308 cf.
676 4251 809 4308 Tac.
839 4268 967 4307 ann.
994 4254 1116 4309 XIII
1146 4261 1213 4310 48
1252 4262 1579 4324 comper-tm
1606 4257 1718 4311 sibi
1741 4257 1977 4325 referens
2005 4257 2202 4330 [Nero]
2229 4275 2298 4314 ex
2325 4275 2586 4314 commen·

300 4333 461 4386 tar-iis
492 4333 675 4402 patris
707 4335 815 4388 sui.
869 4335 1000 4389 hist.
1028 4335 1105 4389 IV
1143 4342 1212 4390 40
1250 4339 1624 4392 commentarii
1655 4339 2006 4406 ptine-ipah&
