3234 5034
1037 383 1442 440 VIPSTANVS
1479 383 1857 440 MESSALLA
2460 384 2585 451 115

462 546 584 614 4⁴².
649 554 802 615 Plut.
841 561 1073 629 quaest.
1113 553 1283 614 Rom.
1324 553 1455 614 107
1519 551 1656 615 Διὰ
1712 552 1780 614 τί
1838 553 1997 626 τοὺς
2049 547 2199 633 περὶ
2256 549 2377 615 τὸν
2420 552 2585 615 Διό·
2620 525 2729 664 ἒ

280 665 500 713 νυσον
536 652 833 733 τεχνίτας
884 650 1236 734 ι’στρίωνας
1265 645 1584 733 Ῥωμαῖοι
1632 653 1982 726 καλοῦσιν;
2042 641 2083 730 ἦ
2122 645 2207 712 δι’
2246 647 2330 732 ἣν
2368 649 2583 714 αἰτίαν

281 747 626 831 Κλούβιος
662 744 943 833 Ῥοῦφος
991 747 1321 832 ὶστόρηκε;
1367 745 1533 831 φησὶ
1579 748 1707 832 γὰρ
1756 746 1831 812 ἐν
1875 757 2015 824 τοῖς
2059 747 2237 811 πάνυ
2282 752 2585 823 παλαιοῖς

276 847 551 930 χρόνοις
609 847 820 911 Γαΐου
875 868 946 910 τε
1002 849 1420 911 Σουλπικίου
1474 843 1598 911 καὶψ
1644 849 1958 911 Λικινίου
2008 847 2359 922 Στόλωνος
2420 843 2586 909 ὑπα-

223 965 249 1004 5
279 946 618 1010 τενόντων
664 943 960 1028 λοιμώδη
1008 946 1213 1009 νόσον
1260 943 1334 1008 ἐν
1359 941 1570 1029 Ῥώμῃ
1617 942 1985 1028 γενομένην
2029 943 2280 1020 πάντας
2328 941 2587 1025 ὁμαλῶς

279 1042 676 1126 διαφθεῖραι
731 1045 891 1119 τοὺς
946 1038 1053 1107 ἐπὶ
1110 1045 1363 1126 σκηνὴν
1421 1040 1981 1128 προερχομένους·
2059 1043 2406 1125 δεηθεῖσιν
2452 1036 2587 1144 ρῦν

277 1139 509 1217 αὐτοῖς
565 1138 635 1206 ἐκ
705 1143 1080 1224 Τυρρηνίας
1135 1140 1363 1205 ἐλθεῖν
1422 1143 1714 1216 πολλοὺς
1762 1138 1873 1205 καὶ
1921 1139 2222 1223 ἀγαθοὺς
2266 1143 2584 1225 τεχνίτας,

277 1229 380 1304 ὧν
425 1239 546 1304 τὸν
589 1237 1018 1324 πρωτεύοντα
1063 1237 1220 1324 δόξῃ
1259 1239 1366 1304 καὶ
1404 1240 1650 1324 χρόνον
1679 1243 2010 1308 ’πλεῖστον
2058 1237 2583 1323 ἐνευημεροῦντα

275 1348 420 1412 τοῖς
481 1337 794 1419 θεάτροις
838 1333 1108 1418 Ἴστρον
1170 1335 1641 1422 ὀνομάζεσθαι·
1714 1334 1825 1402 καὶ
1893 1337 2005 1402 διὰ
2070 1345 2267 1402 τοῦτο
2332 1335 2584 1413 πάντας

197 1459 248 1499 ιο
278 1433 693 1520 *ίστρίωναί
732 1433 841 1499 ἀπ’
896 1433 1156 1500 ἐκείνου
1197 1435 1834 1522 προσαγορεύεσθαι.

601 1723 1057 1798 WPSTANI
1112 1697 1675 1836 MESSALLAE
1731 1723 2246 1798 His'roruan

2639 1871 2704 1916 69

460 1897 574 1965 1³¹².
631 1903 770 1964 Tac.
815 1905 953 1964 hist.
993 1903 1109 1964 III
1147 1903 1233 1962 25
1277 1899 1362 1960 Eo
1409 1899 1727 1962 notabilior
1773 1901 1983 1963 caedes
2030 1901 2144 1963 suit
2190 1901 2388 1980 [apud
2439 1905 2580 1965 Cre·
2618 1942 2723 2008 §32⁴2

273 2017 518 2061 monam
571 1999 1077 2080 Vitellianorum}
1132 2003 1268 2083 quia
1325 1999 1484 2060 filius
1539 2007 1769 2079 patrem
1817 2001 2134 2061 interfecit.
2208 2019 2335 2062 rem
2392 2005 2581 2062 nomi-

273 2116 472 2177 naque
539 2107 780 2159 auctore
836 2098 1117 2179 Vipstano
1182 2096 1452 2158 Messalla
1516 2097 1763 2159 tradam.
1849 2096 2035 2160 lulius
2100 2098 2443 2162 Mansuetus
2510 2119 2579 2161 ex

275 2195 590 2275 Hispania,
645 2195 868 2277 Rapaci
921 2196 1143 2274 legioni
1197 2195 1456 2276 additus,
1513 2195 1797 2276 inpubem
1855 2197 2043 2258 filium
2100 2196 2258 2259 domi
2309 2198 2580 2278 liquerat.

195 2311 244 2350 ιι
272 2296 328 2354 is
387 2312 519 2354 mox
579 2293 839 2373 adultus,
906 2297 1064 2355 inter
1118 2297 1480 2374 septimanos
1537 2314 1568 2355 a
1627 2292 1807 2354 Galba
1863 2296 2264 2375 conscriptus,
2321 2295 2580 2357 oblatum

274 2392 429 2453 forte
477 2399 706 2471 patrem
756 2399 816 2452 et
849 2392 1096 2454 uolnere
1135 2400 1385 2454 stratum
1426 2392 1564 2454 dum
1603 2394 2013 2453 semianimem
2052 2401 2369 2473 scrutatur,
2418 2396 2581 2473 agni-

275 2498 374 2550 tus
421 2507 870 2570 agnoscensque
918 2499 978 2551 et
1023 2509 1382 2570 exsanguem
1431 2490 1754 2570 amplexuS‚
1800 2509 1948 2551 uoce
1995 2489 2180 2551 flebili
2226 2491 2583 2572 precabatur

271 2589 468 2667 piatos
524 2589 713 2667 patris
770 2607 974 2650 manes
1030 2606 1182 2650 neue
1241 2607 1304 2650 se
1360 2597 1430 2649 ut
1483 2587 1843 2668 parricidam
1892 2597 2341 2651 auersarentur:
2388 2591 2580 2670 publi·

274 2703 414 2747 cum
461 2685 522 2747 id
571 2685 819 2765 facinus,
865 2695 928 2747 et
969 2705 1156 2748 unum
1202 2686 1452 2748 militem
1501 2694 1741 2766 quotam
1789 2684 2057 2747 ciuilium
2106 2704 2407 2749 armorum
2444 2707 2579 2768 par-

195 2809 246 2850 20
272 2791 398 2845 tem
417 2781 452 2844 Ῥ
535 2782 712 2845 simul
780 2783 1046 2845 attollere
1122 2803 1364 2864 corpus,
1430 2786 1664 2864 aperire
1738 2784 2010 2863 humum,
2084 2803 2365 2865 supremo
2438 2805 2580 2867 ergo

271 2889 583 2962 parentem
641 2883 838 2942 ol'licio
893 2883 1076 2961 fungi.
1161 2881 1475 2943 aduertere
1530 2884 1813 2962 proximi,
1876 2881 2090 2943 deinde
2143 2883 2379 2963 plures:
2439 2885 2580 2946 hinc

271 2998 384 3060 per
438 2998 676 3041 omnem
734 2981 922 3041 aciem
977 2980 1330 3042 miraculum
1387 2987 1448 3041 et
1501 2988 1750 3060 questus
1797 2988 1859 3041 et
1902 2981 2241 3042 saeuissimi
2290 2981 2433 3043 belli
2478 3001 2578 3043 ex-

271 3080 548 3140 secratio.
609 3096 721 3138 nec
769 3094 838 3138 eo
887 3080 1130 3156 segnius
1176 3080 1540 3158 propinquos
1586 3078 1799 3139 adfinis
1844 3085 2045 3157 patres
2097 3078 2399 3141 trucidant
2444 3099 2577 3160 spo-

270 3175 444 3238 liant:
491 3175 713 3237 factum
761 3194 896 3236 esse
944 3175 1142 3238 scelus
1186 3174 1514 3256 loquuntur
1558 3177 1918 3255 faciuntque.

269 3347 614 3418 quibusdam
660 3347 863 3402 diebus
907 3347 1152 3418 populus
1197 3349 1256 3402 et
1299 3347 1487 3415 miles,
1533 3349 1827 3416 tamquam
1872 3346 2233 3402 nobilitatem
2284 3365 2351 3403 ac
2406 3350 2576 3404 decus

270 3419 649 3486 adstruerent,
676 3418 888 3474 Neroni
919 3417 1130 3474 Othoni
1158 3418 1519 3473 adclamauit.
1576 3418 1699 3487 ipse
1737 3418 1796 3472 in
1827 3435 2096 3488 suspenso
2124 3419 2314 3475 tenuit
2340 3421 2577 3476 notandi

267 3494 426 3546 metu
484 3489 576 3544 uel
633 3491 1015 3561 adgnoscendi
1071 3489 1300 3560 pudore.
1376 3489 1492 3545 Dio
1540 3495 1629 3558 64,
1665 3495 1720 3556 8,
1755 3495 1795 3544 2
1848 3491 1911 3545 τὸ
1968 3498 2106 3562 γοῦν
2164 3489 2345 3561 ὄνομα
2399 3493 2574 3547 αὐτοῦ

268 3559 568 3635 [Νέρωνος
591 3558 808 3633 Ὄθων]
847 3562 996 3634 αὑτῷ
1033 3563 1210 3625 εὐθὺς
1245 3558 1496 3616 ἐπέθετο.

453 3631 514 3689 4.
555 3633 641 3701 Of.
669 3633 800 3688 Liu.
837 3634 960 3688 VII
975 3637 1016 3689 2
1069 3633 1144 3687 Et
1187 3631 1294 3686 hoc
1339 3635 1398 3687 et
1442 3631 1762 3702 insequenti
1808 3649 1956 3688 anno
1995 3631 2052 3689 C.
2084 3631 2333 3703 Sulpicio
2381 3633 2573 3690 Petico

269 3705 326 3762 C.
371 3703 594 3759 Licinio
632 3703 860 3760 Stolone
907 3703 1230 3759 consulibus
1279 3702 1606 3774 pestilentia
1653 3703 1779 3758 fuit.
1817 3735 1889 3745 —
1933 3721 2061 3758 cum
2111 3705 2198 3759 uis
2244 3705 2426 3759 morbi
2470 3721 2573 3761 nec

265 3775 535 3832 humanis
581 3775 835 3832 consiliis
879 3793 982 3830 nec
1039 3792 1142 3858 ope
1199 3775 1396 3830 diuina
1441 3774 1729 3829 leuaretur
1766 3805 1833 3816 —-·
1869 3774 1993 3829 ludi
2039 3775 2283 3831 scaenici
2320 3809 2389 3817 —
2426 3777 2575 3833 inter

268 3848 388 3904 alia
416 3847 681 3903 caelestis
707 3848 828 3902 irae
855 3847 1180 3917 placamina
1206 3846 1458 3901 instituti
1485 3846 1846 3901 dicuntur.--
1866 3847 1987 3902 sine
2014 3849 2261 3902 carmine
2290 3847 2423 3916 ullo,
2452 3849 2573 3903 sine

267 3919 674 3975 imitandorum
727 3919 1037 3973 carminum
1084 3921 1216 3973 actu
1262 3917 1520 3972 ludiones
1567 3935 1636 3972 ex
1686 3917 1915 3972 Etruria.
1966 3919 2134 3972 acciti
2191 3921 2265 3974 ad
2319 3919 2571 3975 tibicinis

266 3991 468 4046 modos
509 3990 788 4046 saltantes
823 3990 979 4045 baud
1015 3989 1309 4045 indecoros
1345 3993 1530 4043 motus
1568 4005 1721 4044 more
1766 3989 1949 4044 Tusco
1997 3990 2226 4045 dabant.
2270 4023 2331 4031 -
2372 4007 2572 4047 uerna·

268 4062 411 4118 culis
441 4061 774 4128 artificibus,
811 4063 948 4131 quia.
984 4061 1123 4116 ister
1149 4061 1332 4116 Tusco
1369 4060 1543 4115 uerbo
1571 4060 1731 4115 ludio
1761 4061 2089 4131 uocabatur,
2116 4079 2317 4118 nomen
2346 4063 2571 4119 histrio-

269 4134 436 4189 nibus
475 4132 740 4201 inditum,
777 4134 876 4202 qui
911 4135 972 4187 el:
1006 4151 1059 4202 q.
1084 4151 1134 4187 e.

453 4295 519 4381 l,
571 4304 672 4362 13.
720 4305 972 4378 uipsano
1008 4300 1228 4377 Μῶα.)
1414 4303 1513 4360 18.
1561 4303 1760 4378 platos
1798 4303 1881 4360 Μ
1916 4301 2186 4377 placatos
2222 4321 2297 4362 m.
2325 4321 2434 4362 rec.

271 4394 370 4451 20.
421 4392 676 4452 attolere
713 4392 796 4449 Μ
973 4391 1072 4450 23.
1119 4389 1425 4450 trucidant
1465 4390 1723 4450 Gronov.
1773 4389 2059 4450 trucidati
2095 4392 2177 4450 M
