3234 5034
706 341 1059 388 Lxxxxnn
1204 319 1301 374 DE
1340 307 1806 374 SCRIPTORVM
1841 317 2034 374 VITIS
2071 319 2167 373 ET
2204 316 2528 374 SCRIPTIS

886 487 1005 549 Sed
1061 486 1269 566 redeo,
1324 494 1392 546 ut
1446 494 1583 546 utro
1640 503 1916 547 sermone
1971 485 2072 546 hic
2129 493 2362 563 auctor,
2419 503 2530 565 per
2575 503 2754 565 quem
2805 503 2906 546 res
2953 485 3020 544 ab

704 588 909 647 Asinio
967 585 1042 646 ad
1096 585 1479 646 Plutarchum
1534 583 1988 663 Appianumque
2053 583 2364 662 fluxerint,
2416 601 2566 644 usus
2619 585 2727 662 sit,
2783 580 3019 643 tandem

705 683 1029 746 absoluam.
1105 681 1377 763 pluribus
1432 681 1638 743 uerbis
1687 680 2084 760 supersedere
2131 701 2398 761 possem,
2449 683 2570 741 nisi
2617 680 2682 740 E.
2723 679 3021 740 Schwartz

706 785 769 843 in
816 783 1244 844 commentario
1294 799 1401 841 suo
1452 778 1523 840 de
1561 778 1829 859 Appiano
1877 779 2180 840 subtiliter
2215 781 2441 858 scripto
2481 777 2555 839 ad
2593 779 2848 840 latinum
2889 796 3020 838 auc·

660 889 897 942 .torem
962 879 1103 940 libri
1159 892 1211 938 11
1268 885 1327 939 et
1390 891 1471 937 111
1536 880 1915 956 peruenisset
1973 880 2054 951 (c.
2103 879 2283 952 233).
2367 875 2756 938 fundamenta
2823 885 3020 937 tamen

705 981 835 1039 eius
886 979 1185 1057 opinionis
1232 974 1550 1037 admodum
1598 974 1822 1036 caduca
1869 983 2024 1036 sunt.
2091 976 2289 1036 firmat
2335 978 2498 1037 enim
2545 977 2847 1036 sermonis
2897 977 3022 1036 eius

705 1075 1088 1136 Latinitatem
1126 1075 1269 1135 solis
1309 1082 1588 1154 quattuor
1625 1072 1772 1135 locis
1803 1074 1912 1146 (II
1944 1075 2028 1134 70
2037 1095 2063 1146 ;
2105 1074 2204 1137 79.
2247 1075 2350 1134 IV
2379 1075 2483 1134 12.
2539 1075 2592 1132 V
2619 1075 2757 1152 45),
2805 1073 3022 1153 quibus

704 1173 791 1235 nil
846 1175 964 1234 nisi
1018 1173 1133 1234 boc
1188 1191 1376 1233 unum
1434 1172 1695 1233 efficitur
1740 1170 2101 1251 Appianum,
2159 1174 2210 1232 si
2257 1180 2487 1251 posset,
2535 1180 2852 1232 auctorum
2901 1189 3020 1232 ser·

706 1289 881 1333 mone
912 1271 1119 1332 Latino
1146 1269 1465 1350 gloriatum
1496 1287 1646 1349 esse,
1675 1268 1737 1330 id
1767 1268 1927 1349 quod
1957 1269 2030 1330 de
2059 1278 2448 1350 procuratore
2486 1271 2872 1349 imperatoris
2907 1287 3022 1330 non

704 1372 926 1430 mirum
954 1376 1061 1430 est.
1100 1371 1281 1429 immo
1310 1385 1463 1447 quae
1494 1377 1657 1428 certa
1687 1375 1923 1428 exstant
1950 1385 2158 1428 eorum
2189 1371 2486 1428 sermonis
2513 1370 2788 1446 uestigia,
2811 1367 3022 1428 Graeci

704 1475 863 1528 sunt.
932 1465 1047 1528 duo
1096 1468 1213 1526 iam
1261 1482 1441 1544 supra
1480 1469 1571 1542 (p.
1606 1487 1768 1526 LXXX
1781 1469 1913 1540 νιιι)
1953 1467 2150 1547 tetigi3
2199 1483 2272 1526 ex
2311 1483 2522 1545 magna
2561 1466 2816 1526 aliorum
2869 1466 3022 1526 loco·

705 1583 841 1626 rum
890 1563 1267 1641 abundantia,
1315 1565 1436 1642 qui,
1482 1571 1547 1623 ut
1596 1581 1926 1624 consensus
1972 1565 2226 1643 Appiani
2282 1571 2342 1624 et
2387 1562 2693 1624 Plutarchi
2739 1583 2815 1624 ex
2865 1563 3022 1626 Stra·

702 1661 862 1723 bone
910 1661 1329 1741 explicaretur,
1377 1662 1698 1721 maximam
1744 1669 1972 1740 partem
2019 1659 2256 1722 collecti
2303 1669 2462 1740 sunt,
2507 1660 2618 1721 hos
2663 1661 2784 1722 huc
2831 1669 3022 1722 trans·

707 1761 921 1821 seram:
968 1760 1114 1838 App.
1143 1758 1195 1818 ll
1241 1755 1323 1818 14
1360 1757 1659 1838 βοῶντος
1695 1756 2012 1831 Κάτωνος
2049 1756 2751 1839 διαμαστροπεύεσθαι
2789 1757 3024 1838 γάμοις

706 1855 828 1938 τὴν
888 1851 1099 1938 ἀρχήν
1140 1885 1208 1903 ==
1256 1854 1407 1916 Plut.
1456 1854 1623 1916 Gaea.
1677 1851 1760 1916 14
1822 1852 2140 1929 Κάτωνος
2197 1854 2495 1935 βοῶντος
2558 1853 2682 1940 οὐκ
2747 1851 3025 1918 ἀνεκτὸν

706 1947 879 2016 εἶναι
926 1952 1164 2035 γάμοις
1210 1949 1949 2034 διαμαστροπευομένης
1993 1959 2110 2033 τῆς
2145 1950 2373 2036 ἀρχῆς,
2411 1971 2550 2014 narn
2587 1954 2846 2016 uerbum
2887 1953 3022 2016 δια-

703 2048 1288 2131 μαστροπεύεσθαι
1321 2069 1615 2130 nusquam
1656 2060 1966 2130 praeterea
2003 2053 2312 2112 inuenitur
2341 2054 2461 2125 (El.
2495 2054 2683 2113 Klebs
2719 2054 3025 2124 Deme-he

706 2151 1111 2211 Litteraturz.
1154 2149 1329 2209 1885
1376 2167 1428 2210 c.
1472 2149 1694 2223 1010),
1761 2158 1821 2210 et
1873 2150 2017 2229 App.
2061 2149 2114 2210 ll
2165 2145 2249 2210 76
2319 2143 2455 2232 (ubi
2520 2148 2740 2210 Caesar
2803 2150 3024 2212 milites

706 2265 847 2308 suos
894 2247 967 2308 ad
1004 2246 1352 2308 Pharsalum
1391 2245 1758 2324 adhortatur,
1805 2255 1873 2308 ut
1919 2250 2186 2326 equitum
2235 2246 2688 2308 adulescentum
2737 2265 2844 2308 ora
2893 2248 3024 2309 telis

706 2339 939 2429 petant)
988 2341 1069 2406 οὐ
1126 2342 1254 2424 γὰρ
1303 2340 1521 2406 οἴσειν
1568 2340 1883 2425 ἀπείρους
1927 2339 2036 2406 καὶ
2083 2341 2280 2418 νέους
2337 2341 2876 2426 ὡραϊζομένους
2931 2341 3023 2408 ἔτι

706 2441 825 2506 τὸν
872 2438 937 2516 ἐς
982 2441 1061 2504 τὰ
1106 2445 1431 2523 πρόσωπα
1474 2440 1802 2504 κίνδυνον
1841 2471 1908 2490 =
1947 2441 2100 2503 Plut.
2139 2442 2341 2523 Pomp.
2381 2439 2468 2504 69
2508 2440 2590 2506 οὐ
2629 2441 2758 2524 γὰρ
2794 2451 3026 2524 μενεῖν

707 2541 865 2613 τοὺς
908 2541 1154 2613 καλοὺς
1191 2537 1473 2614 τούτους
1510 2537 1622 2602 καὶ
1661 2537 2006 2622 ἀνθηροὺς
2041 2539 2480 2623 πυρριχιστὰς
2516 2539 2629 2603 διὰ
2667 2539 2789 2603 τὸν
2826 2539 3023 2624 ὡραῖ-

709 2636 878 2716 σμὸν
916 2631 1076 2698 οὐδὲ
1113 2633 1541 2717 ἀντιβλέψειν
1586 2637 1753 2719 πρὸς
1790 2635 1908 2700 τὸν
1953 2637 2236 2720 σίδηρον
2283 2633 2358 2700 ἐν
2403 2635 2790 2720 ὀφθαλμοῖς
2841 2638 3024 2719 γενό-

707 2755 931 2817 μενον.
1024 2735 1189 2796 CaeS.
1228 2733 1317 2798 45
1364 2731 1561 2808 νέους
1609 2731 1682 2796 δὲ
1729 2729 1840 2796 καὶ
1887 2743 2230 2816 κομῶντας
2275 2731 2385 2798 ἐπὶ
2429 2734 2658 2799 κάλλει
2703 2731 2816 2798 καὶ
2869 2735 3024 2819 ὥρᾳ

709 2831 993 2915 μάλιστα
1048 2831 1162 2905 τὰς
1217 2831 1527 2905 τοιαύτας
1578 2831 1837 2913 πληγὰς
1887 2830 2272 2908 ὑπόψεσθαι
2317 2829 2428 2896 καὶ
2475 2832 2563 2914 μὴ
2611 2842 2847 2915 μενεῖν
2893 2835 3023 2896 κτλ.

889 2929 1061 2993 Nunc
1119 2933 1452 3012 quaeritur,
1508 2932 1666 2991 intra
1713 2948 1863 3010 quos
1913 2933 2200 2992 terminos
2247 2934 2307 2992 in
2354 2931 2608 3011 Appiani
2651 2931 2808 2993 bello
2861 2932 3023 2993 ciuili

709 3030 856 3090 baec
914 3031 1164 3108 uestigia
1224 3036 1563 3108 appareant.
1640 3038 1816 3107 atque
1871 3027 2100 3090 Bailleu
2147 3028 2388 3107 quidem
2441 3033 2480 3090 l.
2517 3047 2564 3090 S.
2605 3029 2828 3110 aliique
2889 3049 3023 3092 con·

711 3144 953 3188 sensum
1009 3129 1168 3188 inter
1213 3127 1547 3205 Appianum
1604 3133 1667 3186 et
1715 3125 2127 3204 Plutarchum,
2183 3128 2284 3205 qui
2333 3126 2383 3186 ll
2431 3123 2471 3188 8
2521 3121 2587 3210 (ὁ
2635 3121 2712 3190 δὲ
2759 3127 3022 3209 Καῖσαρ

712 3221 1076 3306 στρατηγὸς
1112 3219 1180 3297 ἐς
1206 3219 1504 3305 Ἰβηρίαν
1540 3217 1866 3306 αἱρεθεὶς)
1905 3257 1990 3266 —-
2034 3219 2158 3284 117
2191 3219 2733 3300 Ἐκτελεσθέντος
2769 3219 2850 3288 δὲ
2887 3233 3024 3299 τοῖς

710 3327 995 3404 φονεῦσι
1040 3319 1323 3383 τοσοῦδε
1360 3316 1596 3406 ἄγους)
1637 3322 2008 3382 manufestus
2056 3329 2165 3400 est,
2211 3325 2514 3400 persecuti
2561 3341 2693 3385 esse
2740 3323 2862 3384 sibi
2909 3326 3024 3384 uisi

712 3427 853 3481 sunt
880 3422 1059 3481 etiam
1088 3438 1199 3499 per
1227 3419 1457 3499 reliqua
1486 3422 1678 3499 capita
1707 3420 1886 3480 huius
1925 3418 2064 3479 libri
2101 3427 2162 3480 et
2198 3437 2307 3499 per
2343 3419 2531 3482 libros
2561 3424 2804 3483 tertium
2850 3441 3023 3503 quar·

712 3525 956 3597 tumque
977 3511 1387 3600 (Kornemann
1421 3535 1612 3598 usque
1643 3516 1716 3578 ad
1745 3519 1926 3579 finem
1954 3520 2138 3579 totius
2167 3521 2384 3597 operiS,
2409 3523 2536 3580 uid.
2555 3539 2604 3580 s.
2617 3539 2686 3596 p.
2709 3515 3022 3603 L111V11);

712 3623 771 3676 at
818 3617 1118 3695 Appianus
1165 3633 1283 3695 quo
1330 3616 1537 3676 fauore
1582 3618 1646 3676 in
1693 3615 2086 3678 Octauianum
2135 3615 2354 3677 librum
2392 3620 2668 3696 quintum
2713 3619 2924 3697 inficit,
2959 3627 3026 3678 ut

711 3715 1019 3775 Perusiam
1076 3713 1148 3774 ab
1204 3715 1353 3793 ipsis
1410 3713 1646 3775 ciuibus
1693 3713 2061 3776 combustam
2122 3714 2617 3795 aduersariosque
2683 3717 3022 3777 interficere

712 3811 1108 3873 Octauianum
1154 3831 1187 3872 a
1232 3811 1525 3873 militibus
1572 3821 1843 3874 coactum
1891 3830 2024 3873 esse
2072 3821 2277 3874 narret
2315 3805 2390 3896 (V
2425 3807 2564 3898 49),
2603 3821 2664 3874 et
2701 3831 2856 3894 quae
2895 3817 3024 3876 eius

712 3910 976 3970 facinora
1014 3911 1287 3970 excusari
1324 3927 1445 3970 non
1482 3911 1734 3989 possint,
1773 3908 1925 3990 aliis,
1951 3909 2122 3971 uelut
2145 3909 2468 3972 Menodoro
2506 3911 2766 3972 inculcet
2801 3919 3021 3974 totum·

713 4025 830 4087 que
867 4025 1017 4087 opus
1045 4009 1174 4068 eius
1204 4006 1380 4068 laude
1407 4006 1724 4069 concludat
1752 4011 1832 4082 (c.
1868 4008 2012 4069 130.
2053 4009 2232 4088 132),
2263 4009 2478 4071 leniter
2513 4027 2652 4070 eum
2688 4011 2810 4070 iam
2849 4011 3023 4070 initio

712 4229 977 4300 Κάσκα,
1030 4227 1095 4285 τί
1144 4233 1418 4301 ποιεῖς’;
1476 4232 1507 4288 ὁ
1554 4231 1619 4287 δὲ
1665 4231 1881 4300 πλήξας
1918 4231 2302 4303 Ἑλληνιστὶ
2349 4233 2489 4302 πρὸς
2533 4235 2650 4290 τὸν
2685 4235 3020 4304 ἀδελφόν·

715 4313 974 4382 udum,
1011 4311 1307 4382 βοήθει’,
1342 4311 1443 4366 ubi
1481 4311 1718 4366 diducta
1753 4313 1930 4368 uerba
1965 4312 2026 4367 in
2065 4316 2307 4382 utraque
2343 4315 2467 4369 uita.
2503 4313 2702 4369 eadem
2739 4319 2891 4370 sunt.

3135 4805 3181 4996 kz„
3178 4631 3181 4788 ,n-ss-
3178 4555 3181 4614 Α,
3178 4503 3181 4526 ,
