3234 5034
584 295 988 352 CORNELIVS
1026 295 1504 352 CAPITOLINVS
1535 330 1601 339 —
1633 297 2120 352 CALLICRATES
2156 297 2422 352 TYRIVS
2540 298 2665 361 149

993 464 1446 538 CORNELII
1504 463 2051 538 CAPITOLINI

547 619 612 689 1.
666 627 837 689 Treb.
880 628 1027 690 Poll.
1066 631 1207 706 tria.
1248 635 1366 706 tyr.
1406 627 1509 705 15,
1546 627 1590 687 8
1650 625 1878 698 Quibus
1926 624 2295 704 [uenatoriis
2339 630 2664 705 uoluptati-

363 728 475 788 bus
541 724 941 803 Odenatus]
1003 725 1246 787 duratus
1311 725 1495 787 solem
1559 745 1629 785 ac
1688 724 1995 804 puluerem
2052 725 2115 784 in
2180 723 2353 784 bellis
2406 724 2665 786 Persicis

365 823 517 901 tulit,
573 842 691 884 non
750 823 924 884 aliter
978 825 1154 884 etiam
1213 825 1462 903 coniuge
1512 822 1892 901 [Zenobia]
1942 821 2203 901 adsueta,
2256 841 2405 902 quae
2451 821 2665 884 multo-

363 941 498 983 rum
555 923 849 982 sententia
907 922 1116 982 sortior
1171 923 1382 982 marito
1441 923 1625 983 fuisse
1682 920 2057 1001 perhibetur,
2120 921 2337 981 mulier
2400 923 2663 982 omnium

307 1041 332 1081 5
365 1019 732 1081 nobilissima
792 1020 1168 1081 orientalium
1228 1021 1582 1081 seminarum
1650 1028 1734 1099 et,
1811 1027 1878 1080 ut
1934 1019 2243 1080 Cornelius
2301 1019 2664 1099 Capitolinus

364 1118 602 1198 adserit,
650 1119 1104 1198 speciosissima.

1122 1277 1581 1351 DAGELLH
1636 1276 1907 1351 FVSCI

548 1434 612 1504 1.
668 1441 838 1503 Treb.
881 1442 1026 1502 Poll.
1067 1445 1208 1516 triq.
1251 1446 1368 1516 tyr.
1407 1439 1510 1515 25,
1550 1438 1591 1499 2
1657 1437 1771 1509 Qui
1833 1436 2206 1515 [Tetricus
2260 1438 2545 1517 iunior]
2605 1449 2664 1499 et

362 1543 491 1620 ipse
541 1559 676 1600 cum
723 1547 889 1619 patre
938 1557 1046 1618 per
1091 1537 1462 1617 triumphum
1512 1536 1727 1598 ductus
1772 1543 1976 1616 postea
2024 1536 2299 1597 omnihus
2347 1539 2663 1598 senatoriis

361 1636 687 1698 honoribus
743 1637 983 1697 functus
1039 1645 1130 1697 est
1183 1635 1429 1696 inlibato
1484 1636 1865 1715 patrimoni0,
1913 1634 2068 1714 quod
2116 1634 2354 1714 quidem
2403 1635 2475 1696 ad
2522 1655 2661 1697 suos

277 1758 330 1795 ιο
358 1745 630 1817 posteros
675 1737 856 1814 misit,
902 1743 969 1796 ut
1011 1734 1308 1815 Dagellius
1355 1734 1584 1795 Fuscus
1633 1732 1795 1812 dicit,
1842 1751 2079 1812 semper
2122 1735 2392 1813 insignis

1068 1948 1356 2021 GALLI
1413 1946 1952 2021 ANTIPATRI

539 2103 602 2173 1.
660 2112 830 2172 Treb.
871 2112 1018 2172 Poll.
1067 2111 1275 2171 Claud.
1316 2109 1376 2183 5,
1414 2110 1458 2171 3
1519 2109 1790 2189 Denique
1846 2108 2065 2170 iudicio
2112 2127 2357 2170 suorum
2406 2108 2657 2170 militum

357 2207 514 2289 apud
579 2207 996 2269 Mediolanium
1063 2207 1413 2268 Aureolus
1475 2206 1719 2286 dignum
1786 2209 2009 2268 exitum
2074 2208 2195 2267 uita
2259 2225 2327 2268 ac
2390 2206 2658 2268 moribus

358 2310 484 2368 suis
533 2306 754 2386 hahuit,
801 2313 860 2366 et
907 2307 1064 2366 hunc
1111 2315 1308 2366 tamen
1357 2304 1592 2385 quidam
1642 2305 1911 2366 historici
1959 2303 2199 2366 laudare
2259 2306 2453 2366 conati
2500 2313 2667 2384 sunt‚‚

358 2414 418 2467 et
473 2403 725 2466 ridicule
781 2403 1038 2484 quidem.
1123 2422 1258 2464 nam
1316 2401 1516 2464 Gallus
1573 2405 1905 2484 Antipater,
1969 2401 2181 2464 ancilla
2246 2403 2536 2465 honorum
2597 2412 2656 2464 et

274 2522 327 2562 ιε
356 2505 778 2566 historicorum
809 2501 1416 2579 dehonestamentum,
1436 2503 1798 2582 principium
1829 2501 1901 2563 de
1921 2500 2173 2562 Aureolo
2197 2499 2428 2562 habuit:
2458 2497 2653 2563 ‘Veni-

355 2621 492 2663 mus
539 2600 612 2663 ad
659 2603 1078 2681 imperatorem
1125 2601 1383 2661 nominis
1430 2598 1564 2661 sui.'

1035 2811 1657 2887 GALLIGRATIS
1713 2811 1981 2885 TYRII

542 2970 607 3039 1.
669 2977 899 3054 Vopisc.
939 2976 1147 3036 Aurel.
1195 2975 1255 3052 4,
1293 2974 1335 3033 2
1400 2973 1647 3035 Matrem
1702 2972 1943 3054 quidem
2000 2975 2131 3035 eius
2190 2973 2649 3052 [Aureliani]

357 3073 700 3136 Callicrates
754 3072 988 3154 Tyrius,
1045 3070 1403 3132 Graecorum
1461 3071 1633 3151 longe
1692 3071 2072 3133 doctissimus
2126 3073 2411 3151 scriptor,
2458 3091 2651 3134 sacer-

357 3173 556 3234 dotem
594 3171 801 3252 templi
833 3169 1005 3249 Solis,
1043 3171 1147 3249 qui
1182 3171 1244 3230 in
1283 3170 1418 3231 uico
1455 3188 1525 3231 eo
1565 3173 1629 3230 in
1666 3188 1783 3250 quo
1820 3167 2163 3231 habitabant
2196 3177 2473 3249 parentes
2502 3216 2517 3230 .
2547 3215 2561 3230 .
2592 3218 2606 3232 .
2636 3217 2651 3232 .

274 3289 330 3330 ιο
357 3272 544 3333 fuisse
601 3269 784 3331 dicit
834 3266 1113 3330 habuisse
1168 3269 1312 3347 quin
1370 3268 1546 3328 etiam
1601 3267 1975 3329 nonnihilum
2033 3267 2443 3347 diuinationiS‚
2507 3268 2651 3330 adeo

353 3378 426 3431 ut
469 3367 784 3448 aliquando
829 3367 1042 3428 marito
1089 3384 1197 3427 suo
1245 3367 1486 3444 iurgans
1533 3368 1868 3446 ingesserit,
1905 3385 2041 3427 cum
2079 3367 2209 3428 eius
2248 3374 2307 3427 et
2343 3365 2649 3427 stultitiam

356 3471 698 3546 increparet
741 3473 804 3526 et
845 3463 1164 3526 uilitatem:
1223 3461 1334 3523 ‘En
1372 3464 1748 3543 imperatoris
1792 3461 2066 3544 patrem?
2140 3482 2210 3525 ex
2258 3483 2375 3544 quo
2422 3472 2652 3526 constat

354 3565 518 3627 illam
563 3563 876 3626 mulierem
923 3564 1110 3623 scisse
1156 3559 1368 3623 fatalia.

539 3764 594 3821 2.
642 3762 766 3822 sole
811 3779 882 3820 ac
927 3761 1174 3837 puluere
1211 3760 1270 3819 P
1291 3780 1343 3821 a.
1373 3779 1420 3820 c.
1603 3763 1662 3818 «1.
1707 3760 1924 3819 mulier
1959 3777 1995 3828 ς
2040 3757 2361 3818 mulierum
2396 3761 2455 3818 P

357 3855 416 3913 5.
465 3851 897 3913 nobilissimam
924 3849 980 3907 P
1002 3869 1056 3910 a.
1077 3867 1122 3909 c.
1356 3851 1412 3909 6.
1451 3848 1937 3925 saepedissimam
1965 3848 2024 3907 P
2045 3867 2098 3908 a.
2118 3865 2167 3909 c.
2195 3849 2649 3925 expedissimam

354 3943 413 4000 P
435 3959 584 4002 corr.
631 3941 1120 4018 spetiosissimam
1159 3958 1194 4007 ς
1344 3941 1453 4024 10..
1489 3941 1562 3998 ut
1587 3933 1919 4016 <qui>dam
1966 3936 2193 3997 Gellius
2228 3937 2441 3998 Novdk
2476 3939 2649 4013 Listy

360 4033 536 4091 1887
559 4049 626 4105 p.
661 4035 740 4091 11
781 4029 1042 4089 Arellius
1069 4027 1250 4088 Salm.
1281 4033 1334 4089 et
1359 4029 1596 4089 Dessau
1632 4027 1835 4088 Herm.
1865 4030 1972 4097 24,
2002 4027 2134 4086 353
2287 4030 2387 4086 12.
2423 4027 2645 4088 medio-

355 4121 585 4182 nalium
622 4120 682 4180 P
701 4137 756 4179 a.
785 4137 830 4180 o.
1009 4119 1174 4177 uitae
1209 4117 1268 4176 P
1289 4136 1392 4177 em.
1423 4117 1683 4192 Maduiq
1914 4120 2011 4175 14.
2061 4115 2301 4192 quidam
2338 4115 2398 4176 P

363 4212 460 4270 15.
505 4209 846 4286 principum
882 4209 940 4266 P
1161 4209 1260 4266 19.
1327 4205 1482 4267 Solis
1537 4206 1633 4267 sui
1688 4205 1752 4264 in
1808 4207 1941 4266 uico
1979 4207 2309 4266 Mommsen
2376 4205 2529 4265 Solis
2586 4209 2647 4264 et

355 4300 600 4376 quidem
636 4299 1024 4374 Bitschofsky,
1061 4299 1338 4357 laewnam
1383 4297 1657 4357 indicaui
1838 4297 1938 4356 23.
1988 4315 2146 4356 cesse
2183 4295 2241 4354 P
2262 4314 2317 4355 a.
2347 4313 2392 4355 c.
