3234 5034
676 346 916 397 cnm
1155 326 1253 383 DE
1292 325 1755 383 SCRIPTORVM
1792 325 1980 381 VITIS
2018 326 2111 381 ET
2148 324 2463 381 SCRIPTIS

1251 566 1699 641 VITARVM
1755 564 2329 640 SCRIPTORES
2346 559 2399 649 1)

735 730 1015 791 IVNIVS
1061 728 1491 789 ARVLENVS
1539 728 1944 789 RVSTICVS.
2034 728 2506 789 HEREN‘NIVS
2554 726 2909 789 SENEOIO.

882 854 942 915 Ο.
982 854 1351 915 FANNIVS.
1445 854 1569 914 CN.
1606 852 2005 915 OCTAVIVS
2052 854 2409 915 TITINIVS
2459 851 2767 915 CAPITO.

827 980 890 1040 G.
946 980 1267 1041 PLINIVS
1333 980 1771 1041 GAEOILIVS.
1906 981 2004 1041 ΤΙ.
2062 980 2461 1041 CLAVDIVS
2526 978 2819 1041 POLLIO

853 1140 1014 1212 Quos
1059 1141 1157 1201 hic
1204 1141 1501 1219 coniunxi,
1541 1137 1736 1220 ‘quasi
1776 1139 2057 1202 funebres
2103 1141 2472 1203 laudationes
2519 1158 2685 1202 seras
2730 1139 2967 1220 quidem

672 1237 779 1301 scd
833 1246 995 1300 tanto
1051 1241 1238 1318 magis
1293 1234 1494 1300 ueras’
1551 1240 1868 1319 scripsisse
1920 1238 2151 1301 Plinius
2204 1239 2453 1319 iudicat,
2500 1246 2567 1301 ut
2615 1236 2801 1300 ‘inter
2852 1257 2970 1299 ser·

671 1356 908 1399 monem
944 1338 1371 1416 historiamque
1404 1332 1608 1397 medii’
1641 1346 1843 1399 essent
1872 1336 1962 1412 (8,
1994 1338 2096 1415 12,
2126 1340 2184 1399 5.
2232 1339 2291 1413 5,
2321 1339 2379 1417 5,
2409 1338 2499 1413 3).
2564 1355 2704 1398 nam
2734 1336 2972 1399 Catonis

671 1436 964 1497 Vticensis
1019 1434 1384 1497 laudationes
1445 1443 1784 1515 spectantes
1840 1434 1901 1496 id
1958 1434 2233 1517 agebant,
2288 1443 2356 1497 ut
2408 1438 2679 1498 uirorum
2738 1454 2848 1516 pro
2910 1454 2971 1496 re

671 1534 904 1614 publica
962 1536 1386 1615 imperatorum
1436 1536 1605 1596 iussu
1659 1542 2031 1596 mortuorum
2079 1536 2427 1596 memoriam
2472 1536 2871 1596 restituerent
2918 1542 2975 1595 et

672 1640 860 1694 artem
918 1652 1085 1694 suam
1133 1632 1389 1711 glorioso
1437 1631 1509 1693 de
1554 1633 1805 1693 honesto
1854 1640 1912 1694 et
1958 1634 2121 1713 turpi
2172 1632 2539 1695 declamandi
2585 1638 2975 1693 ostentarent.

671 1733 956 1793 memoria
1023 1739 1217 1793 tamen
1276 1731 1568 1811 omnium,
1624 1738 1691 1791 ut
1744 1738 1990 1812 propter
2044 1731 2377 1793 litterarum
2432 1749 2621 1810 genus
2676 1750 2791 1811 par
2845 1730 2974 1811 suit,

671 1849 790 1891 non
844 1830 998 1892 ultra
1054 1829 1387 1910 aequalium
1443 1836 1694 1890 aetatem
1752 1832 1992 1910 mansit,
2042 1838 2279 1911 praeter
2323 1848 2499 1892 unam
2548 1829 2739 1890 Taciti
2786 1832 2974 1890 uitam

671 1927 805 1988 lulii
849 1926 1172 2008 Agricolae,
1221 1930 1323 2008 qui
1369 1926 1431 1989 id
1476 1929 1818 1990 cumulauit.

849 2026 1088 2088 Initium
1137 2026 1403 2087 fecerant
1437 2033 1571 2106 post
1605 2026 1668 2088 P.
1698 2025 1973 2088 Anteium
2012 2030 2098 2100 (u.
2126 2047 2193 2104 p.
2228 2028 2437 2102 cruz)
2493 2026 2745 2088 lunius
2794 2026 2970 2087 Aru-

670 2123 877 2186 lenus
931 2124 1273 2186 Rusticus
1331 2126 1608 2203 (Prosop.
1650 2126 1728 2186 II
1752 2145 1819 2202 p.
1860 2126 1991 2185 233
2036 2144 2095 2186 n.
2134 2126 2293 2200 471)
2351 2133 2413 2186 et
2466 2120 2807 2186 Herennius
2866 2124 2971 2185 Se-

672 2224 841 2284 necio
896 2225 1098 2298 (Pro-r.
1139 2224 1217 2284 II
1241 2242 1308 2301 p.
1350 2222 1479 2284 138
1526 2243 1584 2285 n.
1624 2224 1759 2303 92),
1814 2242 2069 2304 quorum
2126 2223 2224 2285 ille
2280 2244 2330 2285 a.
2369 2219 2455 2284 66
2468 2218 2632 2305 s819
2690 2222 2976 2285 tribunus

670 2320 879 2401 plebis,
928 2340 976 2382 a.
1015 2316 1270 2402 69s822
1317 2330 1572 2403 praetor,
1619 2322 1867 2383 sortasse
1914 2342 1964 2383 a.
2004 2317 2260 2400 92s845
2299 2320 2506 2385 consul
2544 2322 2854 2401 suffectuS,
2897 2322 2972 2384 ab

671 2418 1074 2481 adulescentia
1121 2418 1444 2501 cupiditate
1491 2420 1682 2482 laudis
1731 2419 2030 2500 flagrabat,
2079 2439 2193 2501 qua
2230 2422 2511 2482 incensus
2549 2428 2793 2482 senatus
2830 2439 2975 2482 con-

673 2516 827 2579 sulto
876 2517 948 2579 de
995 2518 1257 2579 Thrasea
1302 2519 1480 2581 Paeto
1529 2518 1975 2581 condemnando
2022 2537 2087 2581 se
2134 2521 2604 2581 intercessurum
2653 2538 2786 2581 esse
2832 2538 2977 2601 pro-

670 2616 864 2677 fessus
911 2617 1011 2677 uix
1060 2616 1131 2677 ab
1179 2636 1248 2678 eo
1300 2625 1566 2679 retentus
1612 2625 1705 2678 est
1741 2617 1916 2691 (Tac.
1956 2636 2097 2679 ann.
2139 2617 2241 2694 16,
2279 2618 2395 2692 26)
2434 2624 2493 2678 et
2540 2636 2675 2679 cum
2722 2620 2977 2679 omnino

668 2713 1077 2795 philosophiae
1105 2710 1454 2797 'stoicaequc
1490 2717 1743 2776 maxime
1782 2724 1976 2777 sectae
2006 2715 2308 2777 studiosus
2336 2715 2717 2777 Plutarchum
2744 2714 2977 2779 Romae

673 2812 982 2874 docentem
1043 2812 1275 2875 audiuit
1320 2816 1427 2889 (de
1473 2819 1696 2877 curios,
1737 2814 1869 2893 15),
1915 2821 1982 2874 ut
2025 2814 2218 2875 Plinio
2270 2833 2534 2876 summae
2590 2812 2983 2877 admirationi

671 2920 855 2991 esset,
911 2911 982 2972 ab
1040 2913 1299 2973 inimicis
1356 2920 1551 2974 autem
1607 2915 1929 2973 stoicorum
1987 2913 2156 2973 simia
2205 2910 2605 2993 appellaretur
2649 2914 2834 2987 (Ptin.
2878 2934 2977 2992 ep.

672 3011 730 3085 1,
769 3010 828 3086 5,
866 3011 957 3087 2),
1003 3016 1130 3071 tum
1167 3010 1463 3071 Thraseae
1511 3014 1697 3072 uitam
1744 3012 2001 3091 scripsit,
2049 3018 2293 3091 propter
2339 3030 2515 3091 quam
2563 3030 2593 3071 a
2630 3009 2978 3073 Domitiano

667 3108 871 3167 nescio
927 3126 1041 3188 qua
1099 3107 1170 3169 de
1227 3127 1402 3169 causa
1449 3111 1626 3187 irato,
1675 3128 1723 3169 a.
1763 3104 2015 3187 94s847
2074 3112 2137 3170 in
2185 3112 2277 3171 ius
2324 3116 2572 3171 uocatus
2623 3120 2685 3170 et
2725 3110 2979 3172 occisus

670 3213 845 3284 atque
913 3208 1088 3266 etiam
1153 3205 1324 3267 libris
1390 3209 1669 3268 crematis
1731 3216 1867 3287 post
1930 3216 2182 3269 mortem
2240 3228 2289 3269 a.
2338 3206 2411 3268 Μ.
2452 3208 2680 3287 Aquilio
2736 3208 2979 3287 Regulo

668 3302 868 3364 libello
913 3304 1211 3383 publicato
1258 3306 1577 3367 infamatus
1624 3308 1957 3386 irfisusque
2006 3314 2110 3367 est.
2126 3300 2177 3389 ²)

847 3401 1109 3463 Eandem
1157 3403 1482 3484 eodemque
1531 3423 1684 3466 anno
1732 3424 1867 3465 cum
1915 3423 1984 3466 eo
2032 3412 2282 3483 sortem,
2328 3406 2507 3466 etiam
2554 3406 2985 3467 insectationis

850 3611 900 3679 1)
938 3609 1004 3663 V.
1025 3609 1097 3664 de
1123 3610 1231 3664 hoc
1257 3610 1526 3665 librorum
1553 3611 1649 3665 uel
1676 3611 1996 3667 libellorum
2025 3629 2229 3683 genere
2263 3614 2579 3669 Geschs'chtl.
2600 3612 2925 3668 Liuor-atur
2946 3616 2997 3669 I

661 3696 861 3760 p.184
877 3707 986 3761 sqq.

845 3772 900 3839 2)
937 3770 1067 3825 Tac.
1097 3770 1282 3842 Agric.
1315 3778 1347 3825 2
1395 3774 1681 3844 Legimus,
1727 3790 1849 3828 cum
1887 3774 2133 3829 Aruleno
2180 3772 2411 3830 Rustico
2447 3774 2651 3829 Paetus
2694 3774 2986 3844 Thrasea,

669 3852 952 3907 Herennio
997 3852 1284 3907 Senecioni
1329 3855 1556 3909 Priscus
1611 3854 1907 3909 Heluidius
1960 3854 2183 3909 laudati
2233 3861 2431 3921 essent,
2484 3854 2715 3924 capitale
2766 3854 2988 3925 fuisse,

666 3948 838 4001 neque
881 3933 942 3985 in
987 3934 1134 4001 ipsos
1177 3934 1335 3989 modo
1381 3940 1629 3989 auctores
1662 3933 1757 3989 sed
1792 3937 1855 3989 in
1892 3935 2059 3991 libros
2094 3952 2305 4005 quoque
2344 3952 2529 3990 eorum
2562 3934 2833 3990 saeuitum
2876 3938 2987 3993 de-

667 4012 841 4083 leqato
877 4014 1189 4067 triumuiris
1223 4015 1542 4081 ministerio,
1577 4021 1642 4068 ut
1674 4022 2025 4071 monumenta
2060 4016 2489 4071 charissimorum
2518 4016 2861 4085 inqem'omm
2912 4020 2991 4074 in

667 4093 884 4147 comitio
920 4110 986 4148 ac
1019 4094 1142 4161 foro
1179 4101 1480 4149 urerentur.
1537 4092 1605 4148 cf.
1637 4094 1779 4149 Plin.
1810 4112 1897 4165 ep.
1928 4095 1965 4149 1.
1996 4113 2037 4147 s.
2069 4114 2111 4149 s.
2143 4101 2193 4162 3,
2224 4101 2309 4161 11,
2339 4100 2387 4149 3.
2427 4100 2477 4162 ὁ,
2509 4101 2555 4161 1,
2585 4099 2635 4148 8.
2664 4125 2729 4135 -
2760 4094 2987 4154 Sueto-

665 4170 810 4237 nius,
858 4173 1010 4241 quod
1055 4171 1130 4227 ab
1176 4190 1241 4227 eo
1289 4175 1462 4229 etiam
1509 4173 1761 4228 Heluidii
1800 4174 1975 4230 Prisci
2021 4176 2203 4229 uitam
2240 4173 2509 4245 scriptam
2544 4188 2667 4230 esse
2702 4176 2989 4248 tradidit,

667 4254 895 4319 errauit,
939 4252 1055 4307 uid.
1086 4254 1214 4307 adn.
1245 4255 1320 4308 ed
1357 4254 1423 4308 fr.
1457 4261 1503 4310 1.
1537 4288 1600 4295 —
1641 4254 1864 4309 Titulus
1910 4254 2253 4325 omnium,
2300 4270 2469 4325 quem
2513 4255 2572 4309 in
2617 4253 2989 4317 testimoniis

669 4336 742 4403 (n.
775 4336 828 4403 8)
865 4332 925 4387 in
963 4332 1181 4403 Fragm.
1212 4353 1265 4404 p.
1295 4340 1400 4389 318
1436 4336 1618 4405 posui,
1657 4334 1897 4390 ficticius
1932 4339 2033 4392 est.
