3234 5034
793 353 1158 411 POMPEIVS
1197 354 1663 413 SATVRNINVS
1703 390 1769 399 --
1810 354 2092 413 SARDVS
2376 376 2609 427 chxv

307 533 416 606 cst,
461 533 529 587 ut
581 545 760 606 quam
805 528 1206 588 maturissime
1252 529 1554 588 emitteret
1582 528 1672 605 (9,
1703 528 1761 606 1,
1793 527 1881 605 1),
1918 534 2109 606 atque,
2146 528 2198 587 si
2238 527 2349 588 fuit
2385 525 2613 587 Nonius

307 624 620 705 MaximuS‚
669 624 742 687 ad
777 644 956 705 quem
993 624 1222 688 Plinius
1255 625 1328 686 lv
1366 622 1454 686 20
1493 632 1554 687 et
1588 626 1636 684 V
1670 622 1714 687 5
1754 627 2032 702 (Prosop.
2062 627 2097 685 I.
2126 627 2203 699 s.)
2243 626 2425 704 misit,
2462 624 2611 686 mul-

305 731 432 785 tum
501 725 567 785 in
631 724 849 785 litteris
911 731 1186 785 uersatus
1251 727 1430 785 etiam
1497 726 1693 786 exitus
1735 709 2070 785 'illustrium
2126 725 2395 785 uirorum
2450 720 2611 785 ‘cum

307 841 528 903 amore,
574 822 774 884 dolore
821 832 880 885 et
917 823 1230 903 magnifico
1269 820 1530 902 ingenio’
1572 825 1886 903 scripsisse
1922 822 2180 902 uidetur,
2217 822 2376 883 unde
2416 823 2612 883 forsit·

307 940 382 983 an
435 921 541 982 1113
603 924 1012 983 controuersia
1059 930 1263 983 exorta
1309 924 1405 1000 sit,
1451 924 1551 983 uix
1603 921 1675 984 de
1720 921 1968 983 historia
2016 920 2157 982 belli
2204 919 2364 981 illius
2413 921 2611 982 ciuilis

307 1023 620 1100 uniuersa,
669 1019 742 1081 de
797 1038 914 1101 qua
969 1015 1281 1083 dumtaxat
1325 1021 1443 1081 nisi
1500 1023 1563 1081 in
1619 1019 1871 1099 singulis
1924 1018 2103 1081 rebus
2150 1018 2611 1100 hominibusque

307 1118 724 1180 describendis
779 1117 1282 1199 aestimandisque
1335 1119 1574 1199 utrique
1620 1119 1861 1180 Traiani
1918 1120 2093 1179 amici
2146 1127 2207 1179 et
2251 1118 2479 1179 Plinius
2529 1119 2610 1179 sa-

307 1217 694 1297 miliaresque
734 1226 794 1279 et
839 1218 1156 1297 Pompeius
1199 1217 1402 1279 Planta
1453 1215 1919 1279 consentiebant.

853 1520 1328 1595 POMPEIVS
1385 1520 2002 1595 SATVRNINVS
2022 1516 2073 1607 ¹)

483 1702 817 1782 Descripsit
872 1704 1002 1763 eius
1057 1701 1388 1763 studiorum
1442 1703 1794 1762 uarietatem
1850 1699 2078 1762 Plinius
2133 1720 2223 1780 ep.
2262 1700 2286 1760 1
2338 1696 2448 1779 16,
2495 1720 2609 1780 qua

309 1820 444 1863 eum
483 1801 706 1862 Erucio
745 1793 976 1885 (Claro)
1017 1800 1468 1861 commendauit.
1509 1817 1645 1861 113111
1685 1808 1745 1860 et
1780 1806 2054 1861 ueterum
2092 1798 2361 1860 aemulus
2399 1818 2609 1860 causas

308 1902 432 1980 egit
475 1902 896 1979 orationesque
941 1907 1290 1960 retractatas
1329 1897 1518 1960 edidit
1563 1905 1623 1959 et
1658 1916 1873 1959 uersus
1911 1896 2203 1959 Catullum
2242 1896 2607 1977 Caluumque

307 2001 577 2061 imitatus
634 1998 776 2059 fecit
831 2007 885 2059 et
943 1997 1228 2078 epistulas
1295 1997 1405 2059 sub
1469 1999 1675 2059 uxoris
1738 2015 1990 2077 persona
2055 1996 2327 2057 Plautino
2390 1995 2611 2057 Teren-

305 2101 589 2179 tianoque
663 2116 936 2159 sermone
1009 2098 1324 2177 conposuit
1378 2098 1580 2171 (Rom.
1620 2097 1807 2174 Brief
1835 2114 1904 2173 p.
1946 2095 2104 2170 173)
2170 2102 2229 2156 et
2301 2096 2608 2156 historiam

304 2199 570 2278 scripsit,
608 2196 680 2257 de
719 2215 833 2277 qua
870 2196 1016 2258 haec
1044 2196 1272 2257 Plinius
1303 2198 1421 2273 (ep.
1453 2197 1510 2275 1,
1540 2197 1646 2274 16,
1675 2195 1775 2269 4).·
1812 2196 1983 2256 Idem
2020 2201 2219 2255 tamen
2258 2197 2321 2255 in
2349 2194 2609 2255 historia

304 2301 507 2373 maqis
560 2301 713 2357 satis
759 2296 958 2374 faciet
1007 2293 1208 2375 [quam
1255 2296 1315 2355 in
1364 2292 1757 2371 orationihus]
1807 2295 1910 2354 uel
1960 2295 2265 2354 breuitate
2319 2295 2422 2354 uel
2472 2294 2611 2355 luce

305 2399 411 2456 uel
451 2399 764 2456 suauitate
809 2397 912 2455 uel
952 2396 1274 2471 splendore
1319 2396 1501 2455 etiam
1552 2400 1610 2454 et
1655 2394 2021 2453 sublimitate
2067 2393 2391 2452 narrandi.
2465 2409 2608 2452 nam

305 2498 370 2555 in
429 2495 818 2554 contionibus
871 2495 1031 2554 idem
1087 2496 1193 2568 qui
1247 2496 1308 2552 in
1367 2492 1749 2552 orationibus
1802 2496 1915 2566 est,
1957 2494 2241 2566 pressior
2297 2496 2494 2550 tamen
2552 2496 2611 2550 et

305 2595 840 2668 circumscriptior
894 2599 954 2652 et
1009 2592 1352 2652 adductior.
1428 2588 1585 2650 idem
1644 2588 1754 2649 fuit
1808 2590 1967 2649 inter
2020 2606 2147 2667 eOS,
2204 2606 2352 2668 quos
2401 2585 2609 2667 dignos

303 2688 610 2751 iudicabat
662 2689 890 2750 honore
936 2690 1156 2769 scripta
1213 2706 1316 2749 sua
1374 2687 1512 2748 lima
1567 2685 1970 2766 persequendi
2010 2686 2082 2760 (I
2108 2686 2184 2757 8,·
2231 2686 2308 2764 cf.
2354 2685 2481 2746 VII
2515 2684 2607 2764 8),

305 2806 504 2869 neque
545 2796 744 2850 tamen
791 2786 1114 2868 quidquam
1163 2794 1465 2867 praeterea
1516 2804 1586 2847 ex
1637 2784 1885 2865 epistula
1936 2785 1980 2844 V
2026 2781 2106 2845 21
2170 2782 2242 2845 ad
2291 2802 2424 2844 eum
2475 2783 2607 2844 data

305 2904 504 2967 neque
559 2904 703 2949 num
761 2905 851 2967 ep.
879 2885 980 2947 vll
1021 2883 1077 2947 7.
1120 2880 1220 2947 15.
1271 2884 1350 2946 lx
1387 2880 1472 2945 38
1515 2881 1881 2945 ‘Saturnino'
1923 2882 2101 2943 alicui
2156 2884 2478 2961 inscriptae
2533 2879 2609 2943 ad

305 3005 444 3049 eum
483 2988 842 3066 pertineant,
880 3003 954 3046 ex
989 2986 1356 3063 argumentis
1394 2984 1836 3064 cognoscimus3
1874 2984 1926 3042 is
1961 2980 2201 3061 quidem
2232 2979 2607 3059 SaturninuS,

303 3105 340 3145 a
379 3103 498 3164 quo
535 3082 766 3145 Plinius
810 3083 988 3146 heres
1035 3082 1278 3144 relictus
1326 3090 1434 3161 est,
1481 3080 1635 3143 311113
1682 3082 1793 3141 fuit
1838 3081 1927 3160 (5,
1970 3080 2057 3158 7),
2101 3080 2350 3139 fortasse
2398 3077 2607 3139 consul

304 3182 600 3244 surrectus
647 3200 696 3243 3.
739 3177 866 3243 103
906 3183 1184 3259 (Prosop.
1221 3184 1258 3242 Ι.
1297 3184 1392 3256 3.).

1282 3448 1649 3522 SARDVS

485 3632 572 3694 De
619 3634 752 3694 eius
791 3631 1047 3691 'historia
1086 3630 1232 3691 haec
1271 3627 1343 3689 ad
1378 3631 1577 3710 ipsum
1613 3627 1845 3688 Plinius
1882 3624 1959 3686 lX
1998 3623 2076 3687 31
2120 3625 2386 3705 scripsit:
2436 3625 2605 3685 Post-

303 3751 492 3808 quam
540 3750 580 3792 a
628 3738 690 3792 te
737 3733 990 3807 recessi,
1043 3746 1163 3790 non
1219 3733 1417 3789 minus
1472 3735 1694 3801 tecum,
1750 3744 1931 3802 quam
1987 3742 2122 3785 cum
2169 3726 2339 3801 apud
2383 3732 2440 3784 te
2488 3723 2607 3800 fui.

301 3835 430 3907 leqi
477 3834 638 3892 enim
684 3830 907 3890 librum
949 3836 1131 3903 tuum,
1170 3828 1497 3888 identidem
1534 3832 1811 3902 repetens
1848 3842 1923 3885 ea
1959 3827 2224 3884 maxime
2261 3823 2409 3895 (non
2448 3825 2606 3882 enim

300 3930 622 4007 mentiar),
678 3945 836 4003 quae
895 3928 972 3987 de
1023 3943 1116 3987 me
1167 3928 1494 4002 scripsisti,
1549 3928 1614 3985 in
1666 3925 1885 4000 quibus
1931 3924 2172 3998 quidem
2204 3925 2611 3997 percopiosus

293 4029 500 4107 fuisti.
576 4044 758 4102 quam
812 4028 1026 4103 multa,
1083 4041 1263 4099 quam
1319 4026 1530 4096 uaria,
1587 4039 1768 4098 quam
1823 4039 1944 4083 non
2000 4022 2210 4082 eadem
2265 4020 2341 4079 de
2400 4020 2607 4079 eodem

300 4144 426 4187 nec
471 4134 674 4187 tamen
741 4126 992 4185 diuersa
1047 4124 1295 4183 dixisti!
1351 4130 1409 4183 et
1464 4139 1518 4196 q.
1556 4139 1601 4180 s.
1678 4137 1935 4198 quocum
1992 4118 2332 4179 testimonio
2379 4114 2606 4177 Teuffel

303 4224 836 4298 Literatnroesch.
867 4239 938 4298 p.
973 4220 1108 4281 857
1152 4218 1310 4280 aliud
1367 4220 1675 4279 coniunxit
1730 4216 1995 4278 eiusdem
2052 4213 2189 4275 libri
2245 4233 2335 4293 ep.
2374 4210 2455 4273 27
2469 4259 2487 4292 ,
2544 4216 2604 4273 in

309 4328 607 4337 -.—-——-.—.—--

491 4380 544 4446 1)
582 4374 712 4431 vid.
743 4374 966 4446 Prosop.
997 4373 1075 4427 m
1109 4392 1163 4443 p.
1197 4378 1264 4427 '10
1302 4392 1354 4427 11.
1385 4378 1507 4427 491.
