3234 5034
544 341 757 391 CLVIII
1026 336 1124 395 DE
1163 334 1627 395 SCRIPTORVM
1664 334 1851 394 vms
1890 334 1983 394 m*
2020 332 2335 395 SCR1PTIS

541 509 770 571 Plinius
825 508 1180 569 medicinam
1235 507 1471 588 probat,
1528 526 1644 587 qua
1701 510 2009 570 nocturnis
2065 508 2535 587 grassationibus
2590 526 2848 570 conner-

542 607 807 669 heratam
872 608 1084 667 faciem
1149 605 1464 686 illeuisset,
1521 614 1649 666 tum
1718 623 1865 667 uero
1930 614 2135 667 secuto
2202 605 2298 667 die
2356 613 2561 667 contra
2626 607 2847 668 famam

544 714 745 768 cutem
790 706 1085 766 sinceram
1133 703 1599 765 circumtulisset
1656 705 1788 779 (13,
1832 704 2005 783 126),
2050 703 2151 764 uel
2209 702 2281 765 de
2318 704 2589 785 Poppaea
2628 704 2849 765 Sabina

543 804 644 865 ille
693 802 1158 882 indignationem
1205 821 1372 863 suam
1419 804 1481 863 in
1527 801 1711 863 multa
1759 802 1943 863 uerba
2000 801 2251 863 effundit
2294 804 2427 879 (13,
2467 804 2571 865 43.
2612 802 2717 881 16,
2758 804 2849 883 6),

546 904 644 963 hic
697 903 978 963 minutias
1032 899 1318 980 quasdam
1376 899 1446 961 de
1503 899 1737 961 luxuria
1793 902 2121 980 interponit
2169 901 2302 978 (11,
2341 900 2491 963 238.
2548 900 2654 978 28,
2696 900 2849 961 183.

546 1001 652 1078 32,
683 1000 829 1060 140.
869 999 970 1075 12,
999 999 1134 1075 83),
1171 998 1271 1060 uel
1306 997 1406 1061 ille
1447 998 1733 1060 describit
1767 998 2063 1079 proelium
2101 998 2311 1061 nauale
2348 1000 2411 1060 in
2452 998 2585 1060 lacu
2622 999 2851 1060 Fucino

549 1118 580 1159 a
627 1097 870 1159 Claudio
915 1096 1289 1177 adornatum,
1351 1098 1449 1158 cui
1503 1096 1906 1177 praesedisset
1952 1094 2105 1176 ‘ipse
2161 1098 2382 1177 insigni
2428 1096 2852 1177 paludamento

547 1214 742 1276 neque
790 1195 994 1275 procul
1034 1196 1356 1276 Agrippina
1394 1194 1701 1276 chlamyde
1758 1191 1961 1257 aurea’
2010 1197 2143 1271 (12,
2183 1196 2316 1275 56),
2364 1195 2463 1256 hic
2521 1196 2592 1257 de
2649 1198 2855 1258 aureis

547 1294 816 1357 uestibus
863 1312 1044 1373 agens
1093 1313 1156 1355 se
1193 1292 1419 1356 uidisse
1459 1293 1604 1356 dicit
1640 1295 2021 1375 Agrippinam
2060 1292 2266 1355 Claudi
2304 1295 2595 1374 principis
2634 1294 2853 1356 edente

549 1413 621 1455 eo
657 1391 886 1455 naualis
923 1391 1132 1472 proelii
1171 1391 1574 1472 spectaculum
1615 1390 1983 1453 adsidentem
2022 1402 2085 1453 et
2120 1392 2387 1453 indutam
2433 1392 2857 1471 paludamento

551 1509 730 1553 aureo
759 1490 949 1551 textili
980 1492 1110 1551 sine
1137 1489 1248 1551 alia
1277 1493 1525 1552 materia
1557 1492 1691 1568 (33,
1722 1484 1911 1575 63).¹)
1960 1490 2054 1551 his
2084 1492 2268 1570 igitur
2296 1489 2547 1570 aliisque
2575 1491 2724 1553 locis
2755 1509 2856 1552 res

552 1588 792 1651 eaedem
840 1595 979 1651 sunt
1015 1588 1402 1668 Tacitumque
1449 1607 1556 1651 sua
1592 1588 1770 1650 Plinii
1817 1588 2082 1649 historiis
2123 1588 2399 1650 debuisse
2437 1608 2549 1651 nec
2586 1590 2859 1651 abnuere

551 1706 663 1748 nec
709 1688 1004 1748 affirmare
1057 1689 1400 1765 poterimus
1496 1686 1725 1748 duobus
1782 1694 2009 1748 tantum
2064 1705 2167 1748 eas
2227 1689 2386 1768 ipsas
2434 1686 2506 1748 ab
2553 1687 2656 1748 illo
2692 1706 2859 1749 eom·

551 1793 786 1866 paratas
853 1804 986 1847 esse
1049 1787 1182 1846 ueri
1247 1785 1502 1847 similius
1567 1794 1677 1846 est„
1773 1804 1909 1847 nam
1970 1804 2105 1846 cum
2168 1786 2265 1847 hic
2332 1788 2491 1847 inter
2548 1804 2635 1865 ea,
2700 1804 2861 1866 quae

555 1893 778 1946 temere
825 1882 1202 1963 manduntur,
1251 1892 1312 1945 et
1355 1883 1584 1945 boletos
1630 1891 1811 1964 ponat
1856 1880 2089 1963 ‘optimi
2136 1884 2375 1963 quidem
2416 1884 2525 1945 lios
2572 1884 2709 1965 cibi,
2750 1884 2865 1945 sed

552 1984 845 2044 immenso
902 1981 1170 2061 exemplo
1227 1984 1285 2043 in
1355 1984 1582 2043 crimen
1650 1980 1935 2043 adductos
1998 2000 2235 2043 ueneno
2299 1982 2542 2043 Tiberio
2607 1982 2864 2044 Claudio

552 2082 814 2162 principi
841 2098 952 2160 per
987 2080 1141 2140 banc
1179 2082 1552 2141 occasionem
1592 2100 1623 2140 a
1663 2082 1914 2159 coniuge
1953 2080 2275 2160 Agrippina
2316 2078 2505 2142 datos'
2549 2082 2685 2160 (22,
2716 2082 2863 2161 92),

555 2176 711 2259 apud
771 2178 1040 2239 Tacitum
1107 2175 1556 2258 ‘scriptores
1626 2188 2029 2257 temporum
2095 2177 2391 2239 illorum
2455 2178 2867 2258 prodiderunt

553 2278 817 2338 infusum
884 2275 1218 2337 delectabili
1282 2276 1416 2336 cibo
1479 2274 1675 2337 boleto
1730 2274 2046 2337 venenum’
2098 2277 2231 2353 (12,
2263 2278 2396 2356 67),
2454 2285 2515 2337 et
2561 2296 2696 2338 cum
2753 2276 2865 2337 ille

559 2373 812 2455 dubitet,
872 2371 1094 2436 ‘utrum
1155 2374 1307 2435 forte
1369 2393 1442 2435 an
1492 2374 1623 2435 dolo
1677 2370 1991 2453 principis’
2039 2374 2184 2435 urbs
2240 2377 2485 2436 incensa
2541 2378 2644 2455 sit,
2694 2374 2867 2437 ‘nam

556 2483 878 2553 utrumque
915 2480 1258 2534 auctores
1305 2469 1645 2551 prodidere’
1670 2472 1802 2548 (15,
1828 2471 1963 2551 38),
1993 2472 2091 2533 hic
2120 2482 2546 2534 commemorat
2579 2471 2871 2535 ‘Neronis

557 2574 846 2653 principis
893 2570 1184 2650 incendia,
1231 2569 1448 2650 quibus
1497 2572 1785 2631 cremauit
1829 2569 2041 2631 urbem
2090 2571 2223 2647 (17,
2264 2566 2411 2655 5).²)

736 2670 1064 2749 Diligenter
1110 2672 1287 2729 etiam
1333 2672 1548 2748 omina,
1595 2686 1746 2748 quae
1784 2667 2027 2728 Tacitus
2074 2671 2466 2747 enumerauit,
2512 2676 2582 2729 ut
2617 2668 2690 2730 ad
2728 2688 2871 2731 cer-

559 2777 679 2831 tam
727 2769 798 2830 dc
845 2768 955 2829 hac
1003 2786 1068 2829 re
1115 2768 1469 2828 sententiam
1508 2769 1787 2847 eniterer,
1832 2765 2210 2846 perlustraui,
2258 2785 2409 2846 quae
2448 2770 2621 2848 quasi
2658 2768 2873 2830 subito

561 2886 697 2929 cum
743 2886 792 2927 a.
833 2863 913 2928 51
921 2862 1088 2949 s804
1133 2867 1561 2945 interueniunt,
1619 2874 1745 2926 tum
1792 2884 1841 2925 a.
1890 2860 2143 2945 54s807
2202 2867 2627 2928 continuantur
2682 2874 2873 2947 atque

559 2984 669 3046 per
714 2964 968 3027 Neronis
1027 2982 1276 3044 regnum
1331 2967 1568 3044 saepius
1624 2981 1801 3043 quam
1855 2965 1919 3024 in
1974 2962 2093 3023 ulla
2140 2964 2251 3024 alia
2296 2964 2420 3025 uita
2468 2964 2878 3027 effunduntur

561 3066 874 3143 omniaque
930 3064 1028 3124 uel
1085 3081 1294 3124 necem
1351 3063 1702 3142 imperatori
1757 3060 1856 3123 uel
1912 3061 2023 3122 alia
2070 3059 2323 3123 aduersa
2369 3061 2749 3142 portendunt,
2798 3072 2877 3124 ut

558 3170 694 3243 post
739 3169 992 3223 mortem
1043 3161 1285 3222 collecta
1324 3179 1391 3222 ea
1432 3179 1562 3221 esse
1611 3167 1906 3241 appareat.
1982 3159 2141 3221 uude
2180 3178 2317 3221 cum
2354 3160 2614 3221 Plinium
2653 3178 2875 3223 eorum

561 3260 892 3322 studiosum
940 3260 1124 3321 fuisse
1173 3279 1243 3321 ex
1291 3260 1538 3320 historia
1583 3257 1840 3320 naturali
1896 3265 2220 3338 constaret,
2276 3256 2616 3339 Nipperdey
2650 3260 2877 3337 praef.

547 3379 616 3439 p.
655 3359 743 3421 28
791 3362 970 3421 etiam
1018 3359 1089 3420 ab
1139 3378 1186 3420 a.
1236 3355 1316 3420 51
1330 3354 1496 3439 s804
1553 3359 1791 3419 initium
1838 3376 1976 3418 eum
2023 3355 2309 3418 librorum
2361 3354 2430 3417 ‘A
2478 3358 2597 3417 fine
2644 3357 2881 3419 Aufidii

562 3454 754 3519 Bassi’
795 3460 1007 3519 fecisse
1047 3459 1385 3537 suspicatus
1433 3464 1539 3518 est.
1616 3458 1744 3535 ipse
1793 3455 1929 3516 nolo
1977 3456 2225 3515 nimium
2274 3456 2415 3517 huic
2454 3457 2543 3516 rei
2580 3453 2881 3535 ponderis

559 3557 845 3637 tribuere,
892 3556 1247 3637 praesertim
1295 3572 1432 3615 cum
1469 3554 1710 3615 Tacitus
1757 3554 1927 3614 initia
1972 3555 2350 3633 imperatoris
2390 3552 2642 3614 Neronis
2678 3554 2881 3615 multo

563 3656 758 3717 lenius
807 3652 1104 3715 describat
1151 3670 1328 3732 qnam
1375 3651 1602 3713 Plinius
1651 3652 2004 3731 grauissimo
2060 3652 2123 3711 in
2180 3670 2319 3712 eum
2375 3651 2511 3712 odio
2565 3653 2882 3731 incensu8‚

565 3762 738 3834 atque
813 3751 1093 3833 paulatim
1173 3749 1244 3811 de
1314 3752 1442 3811 eius
1517 3750 1757 3830 flagitiis
1831 3750 2010 3811 irasci
2092 3751 2341 3829 incipiat
2405 3752 2678 3823 (Gerclce
2729 3753 2771 3810 l.
2824 3769 2885 3814 s,

549 3871 618 3931 p.
676 3852 807 3913 200
851 3852 1038 3929 sqq),
1111 3867 1306 3929 neque
1405 3856 1562 3909 tanta
1652 3867 1787 3909 cum
1886 3847 2241 3909 confidentia
2330 3855 2549 3927 quanta
2636 3846 2884 3910 Gercke

565 3955 648 4029 (p.
691 3952 821 4012 159
837 3951 997 4026 sqq.)
1091 3948 1358 4009 Cassium
1405 3947 1681 4027 Dionem,
1744 3964 1879 4007 cum
1934 3945 2007 4007 ab
2064 3946 2237 4006 initio
2284 3947 2345 4006 in
2394 3948 2668 4007 seuerius
2713 3946 2887 4008 iudi-

745 4196 797 4264 1)
837 4192 1084 4262 Operum
1140 4192 1474 4261 conspectus
1531 4188 1684 4259 apud
1740 4188 2069 4245 Suetonium
2116 4188 2311 4245 Claud.
2353 4194 2424 4243 20
2470 4188 2653 4243 multa.
2697 4189 2895 4246 habet

567 4290 692 4328 cum
729 4272 916 4328 Plinio
951 4277 1061 4343 (16,
1090 4277 1212 4326 202.
1253 4276 1340 4339 36,
1373 4276 1466 4336 7ος
1507 4276 1637 4337 1243
1678 4271 1802 4340 125)
1830 4268 2167 4326 communia..
2212 4270 2273 4323 V.
2294 4269 2561 4324 Muenzer
2586 4288 2639 4339 p.
2660 4274 2767 4324 40¹1
2794 4288 2889 4341 sq.

744 4358 798 4425 2)
838 4352 930 4408 Sic
968 4352 1142 4407 etiam
1180 4352 1300 4405 sine
1339 4350 1697 4405 dubitatione
1736 4350 2037 4405 Suetonius
2074 4368 2121 4405 c.
2151 4356 2237 4405 38.
