3234 5034
638 289 830 339 cclm
1132 286 1229 341 DE
1266 286 1732 343 SORJPTORVM
1772 287 1960 342 VITIS
2001 287 2094 342 ET
2131 287 2447 343 SORJPTIS

638 463 796 534 tuae,
850 456 1244 519 Constantine
1298 460 1579 531 maxime,
1633 459 1908 534 sinqulos
1953 473 2220 532 quosque
2256 459 2581 533 principes
2623 459 2728 518 uel
2757 460 2950 532 prin-

636 557 838 632 cipum
883 556 1105 617 liberos
1145 573 1271 632 per
1314 557 1505 617 libros
1554 559 1831 633 sinqulos
1873 558 2098 632 leqere,
2143 556 2403 618 adhibui
2443 556 2950 629 moderationem

636 670 759 728 qua
815 656 879 714 in
926 670 1113 714 unum
1158 656 1439 716 uolumen
1486 656 1641 715 duos
1689 654 2084 730 Maximinos,
2127 661 2376 731 patrem
2415 656 2750 730 filiumque,
2797 669 2948 713 con·

632 769 930 826 aererem.
1001 757 1259 814 seruaui
1304 753 1592 830 deinceps
1633 753 1801 814 hunc
1835 754 2130 830 ordinem,
2167 769 2344 828 quem
2365 755 2576 830 pietas
2611 759 2720 812 tua
2757 754 2950 812 etiam

638 850 716 910 ab
761 849 933 912 Tatio
980 851 1226 928 Cyrillo,
1273 853 1612 913 clarissimo
1659 854 1818 927 uir0,
1866 855 1974 926 qui
2017 852 2259 913 Graeca
2305 854 2372 912 in
2408 850 2698 911 Latinum
2733 854 2952 928 uertit,

633 951 887 1010 seruari
921 952 1131 1010 uoluit.
1196 951 1365 1027 quod
1395 952 1640 1026 quidem
1677 967 1800 1011 non
1847 953 1912 1012 in
1961 965 2082 1011 uno
2127 956 2364 1010 tantum
2408 951 2565 1010 libro
2609 950 2725 1010 sed
2755 951 2952 1009 etiam

634 1049 701 1107 in
733 1050 1027 1124 plurimis
1072 1049 1359 1126 deinceps
1413 1051 1776 1124 reseruabo,
1831 1051 2110 1126 exceptis
2161 1051 2403 1124 meanis
2444 1047 2951 1125 imperatoribus,

635 1161 893 1221 quorum
945 1163 1047 1208 res
1096 1155 1311 1222 qestae
1352 1150 1573 1224 plures
1617 1155 1804 1223 atque
1849 1149 2152 1209 clariores
2193 1148 2528 1222 lonaiorem
2585 1147 2952 1207 desiderant

637 1251 884 1305 tatum.

1482 1619 2038 1695 NAVOELLIV
2041 1619 2089 1695 S

813 1797 899 1859 Ad
939 1798 1309 1862 Naucellium
1347 1799 1412 1872 Q.
1445 1800 1722 1862 Aurelius
1759 1800 2148 1880 Symmachus
2185 1806 2376 1862 aetate
2423 1801 2538 1860 iam
2583 1807 2950 1880 prouectum

635 1916 685 1959 c.
715 1914 765 1958 a.
792 1892 929 1958 400
966 1906 1197 1978 septem
1236 1897 1523 1979 epistulas
1551 1899 1697 1973 (III
1727 1899 2008 1961 10—16.
2049 1899 2128 1977 cs.
2151 1899 2344 1962 Seeck
2372 1900 2463 1960 ed.
2487 1899 2709 1976 Symm.
2725 1897 2950 1975 praes.

619 2014 690 2073 p.
732 2015 849 2057 cxx
858 1999 943 2071 71)
1001 1996 1073 2058 de
1139 1995 1473 2060 litterarum
1538 1999 1895 2061 commercio
1963 1996 2139 2060 dedit.
2213 2004 2345 2058 erat
2405 2003 2604 2059 autem
2668 1994 2954 2057 laudator

631 2095 951 2156 uetustatis
1032 2094 1450 2176 scribebatque
1498 2099 1505 2107 ‘
1538 2094 1826 2177 epistulas
1908 2090 2204 2156 ‘Tulliano
2287 2101 2685 2175 segmentatas
2768 2090 2950 2156 auro’

634 2191 779 2268 (III
818 2193 921 2273 12,
958 2194 1030 2269 2)
1078 2202 1139 2255 et
1193 2196 1458 2256 carmina
1512 2193 1805 2256 laboriosa
1863 2192 2216 2256 conficiebat
2259 2191 2396 2274 (11,
2434 2193 2493 2254 4.
2547 2193 2652 2270 13,
2689 2193 2783 2274 2),
2839 2191 2948 2254 ab·

630 2290 913 2353 horrebat
994 2293 1177 2373 igitur
1258 2311 1291 2354 a
1366 2293 1785 2355 delenimentis
1869 2294 2164 2354 sermonis
2246 2309 2390 2354 suae
2471 2293 2681 2353 aetatis
2761 2299 2948 2372 atque

632 2389 1049 2469 Symmachum
1112 2393 1304 2472 ipsius
1358 2390 1565 2454 uerbis
1620 2387 2041 2472 ‘spectatorem
2096 2392 2325 2453 ueteris
2389 2396 2662 2452 monetae
2721 2386 2950 2452 solum’

631 2487 1010 2569 praedicabat
1046 2491 1181 2570 (11,
1218 2492 1308 2566 2).
1374 2490 1479 2552 sed
1525 2490 1599 2552 ad
1643 2508 1755 2552 nos
1799 2492 2062 2572 pertinet
2103 2490 2218 2551 hoc
2265 2487 2338 2552 (le
2384 2491 2514 2552 eius
2559 2487 2736 2550 libris
2772 2490 2946 2551 testi·

632 2587 898 2649 monium
928 2587 1267 2668 Symmachi
1295 2591 1495 2666 (epist.
1518 2589 1633 2650 ΙΙΙ
1662 2589 1807 2664 11).·
1847 2589 1976 2651 Stet
2011 2591 2208 2666 iqitur
2235 2591 2400 2650 inter
2424 2605 2537 2650 nos
2564 2591 2684 2650 ista
2699 2591 2946 2664 pactio,

630 2693 699 2746 ut
743 2704 838 2747 me
882 2689 1125 2763 quidem
1179 2691 1349 2749 iuuet
1400 2685 1725 2749 uetustatis
1777 2690 2095 2765 exemplar
2140 2687 2216 2748 de
2260 2687 2648 2764 autoarapho
2693 2693 2802 2748 tuo
2831 2703 2944 2748 su·

629 2800 811 2861 mere,
867 2791 927 2846 te
980 2795 1182 2847 autem
1235 2803 1356 2846 non
1399 2789 1724 2865 paeniteat
1774 2790 2148 2864 scriptorum
2200 2802 2470 2847 meorum
2516 2785 2697 2862 ferre
2761 2789 2942 2846 noui-

632 2889 831 2944 tatem.
924 2901 1047 2944 non
1119 2886 1307 2945 silebo
1372 2887 1634 2946 alterum
1708 2902 1928 2947 munus
1990 2886 2270 2962 opusculi
2343 2886 2459 2959 tui,
2531 2900 2651 2960 quo
2713 2886 2946 2961 prisca

631 2983 929 3057 cuiusque
967 2974 1232 3065 qentis1)
1281 3001 1362 3043 ex
1398 2979 1556 3045 libro
1600 2984 1840 3045 Graeco
1879 2986 1943 3045 in
1983 2982 2271 3044 Latinum
2311 2985 2695 3043 transtulisti.
2759 2999 2944 3043 arma

630 3081 708 3140 ab
775 3079 1165 3156 Samnitibus,
1228 3084 1501 3158 insiqnia
1565 3100 1604 3142 α
1676 3081 1909 3157 Tuscis,
1969 3084 2130 3157 leqes
2194 3082 2271 3142 de
2333 3083 2469 3142 lare
2533 3079 2816 3157 Lycurqi
2876 3087 2944 3141 et

632 3178 868 3240 Solonis
911 3195 1377 3255 sumpseramus.
1454 3187 1595 3242 tuus
1639 3181 1812 3242 nobis
1844 3189 1990 3260 post
2032 3181 2190 3242 haec
2240 3179 2485 3241 addidit
2537 3180 2716 3240 labor
2748 3196 2938 3257 pere-

624 3279 818 3352 qrina
880 3283 1291 3353 monumenta,
1355 3295 1516 3354 quae
1570 3281 1694 3340 iam
1746 3283 1847 3341 sui
1904 3282 2202 3340 nesciunt.
2283 3295 2449 3340 nunc
2502 3294 2653 3339 uere
2707 3280 2944 3338 ciuitas

628 3382 842 3436 nostra
876 3377 1247 3452 populorum
1284 3380 1549 3438 omnium
1578 3395 1820 3456 parens
1859 3376 2039 3455 facta
2085 3383 2207 3448 est;
2252 3378 2476 3438 docere
2518 3379 2679 3437 enim
2723 3378 2938 3452 sinque

628 3477 724 3534 las
750 3479 955 3550 potest
992 3477 1389 3551 antiquitates
1424 3492 1692 3537 suorum.
1759 3479 1893 3554 ipsa
1931 3493 2079 3538 uero
2100 3493 2226 3554 per
2260 3493 2328 3538 se
2362 3467 2690 3558 materia')
2741 3477 2938 3551 diona

628 3573 883 3633 laudari
927 3578 1156 3647 quanto
1194 3575 1522 3634 uerborum
1556 3577 1840 3636 stellatur
1875 3577 2073 3636 auro?
2135 3577 2377 3636 nescias
2413 3576 2582 3635 cultu
2618 3591 2700 3634 an
2749 3575 2940 3636 rebus

628 3672 827 3746 maqis
888 3672 1215 3732 uoluminis
1275 3672 1473 3732 honor
1539 3673 1834 3746 qaudeat.
1924 3673 2110 3732 uertit
2179 3673 2362 3752 igitur
2424 3669 2762 3732 Aristotelis
2835 3671 2936 3732 uel

626 3765 974 3828 Dicaearchi
1018 3767 1118 3830 uel
1164 3766 1317 3829 alius
1363 3770 1495 3830 eius
1539 3769 1779 3848 generis
1824 3770 2138 3849 scriptoris
2171 3769 2526 3848 πολιτείας,
2569 3768 2754 3849 idque
2803 3788 2935 3832 eam

626 3863 705 3926 oh
752 3883 1008 3944 causam,
1052 3875 1137 3946 ut,
1193 3884 1311 3946 quo
1356 3866 1562 3928 uerbis
1609 3865 1984 3929 Sallustianis
2030 3859 2290 3950 citatis⁸)
2341 3865 2632 3946 ducimur,
2688 3865 2936 3930 Posido·

810 4057 861 4119 1)
899 4055 1066 4110 huius
1103 4057 1255 4114 codd.
1296 4055 1545 4112 nationis
1583 4055 1743 4112 Seeck
1777 4055 1964 4128 gentis
2003 4057 2310 4113 Mommsen
2344 4054 2428 4110 rei
2463 4073 2517 4126 p.
2555 4056 2742 4127 uulyo.

807 4139 860 4206 2)
897 4152 1028 4207 pars
1064 4139 1338 4193 materiae
1374 4137 1543 4209 uulgo
1579 4155 1676 4193 em.
1706 4137 1880 4194 Seeck.

808 4217 862 4285 8)
898 4215 1061 4271 catil.
1092 4223 1178 4288 61,
1209 4223 1277 4273 38
1315 4221 1493 4274 Arma
1529 4225 1692 4288 atque
1725 4219 1836 4274 tela
1870 4219 2143 4274 militaria
2178 4219 2248 4274 ab
2285 4217 2644 4285 Samnitibus,
2681 4219 2934 4292 insiynia

632 4299 1051 4369 maai-stratuum
1087 4299 1157 4354 ab
1194 4299 1385 4356 Tuscis
1410 4301 1676 4370 pleraque
1709 4305 2072 4370 sumpserunt.
