3234 5034
645 275 836 324 OLmI
1129 273 1228 328 DE
1267 271 1731 329 SCRIPTORVM
1769 271 1957 326 VITIS
1995 271 2089 328 ET
2126 271 2441 328 SCRIPTIS

643 448 838 503 casset
883 443 1038 516 (uid.
1085 443 1293 518 Groaq
1327 461 1393 520 p.
1436 442 1594 517 772)
1643 475 1727 484 -—
1776 441 2164 520 Tacitumque
2212 443 2537 522 scriptores
2592 444 2725 503 eius
2786 441 2936 504 ultra

641 539 884 601 modum
931 539 1226 601 studiosos
1275 542 1382 614 (II
1413 541 1571 616 101)
1622 539 2016 619 redarguisse.
2090 542 2254 620 atqui
2302 543 2417 602 etsi
2460 541 2559 602 hic
2604 549 2665 602 et
2710 540 2937 602 Plutar-

643 639 792 700 chus
857 641 920 700 in
983 638 1165 701 rebus
1227 647 1402 720 atque
1465 641 1641 700 etism
1708 641 1769 700 in
1834 641 2093 719 ingeniis
2155 640 2463 701 hominum
2530 639 2939 702 describendis

641 746 915 799 accurate
977 741 1136 800 inter
1197 757 1261 799 se
1322 741 1719 816 consentiunt,
1783 737 2103 800 discrimen
2164 746 2363 800 tamen
2424 738 2723 818 quoddam
2782 739 2939 801 inter

642 839 1060 898 auctoritatum
1098 855 1334 917 genera,
1373 856 1521 917 quas
1558 836 1873 917 appellant,
1910 836 2245 898 intercedit.
2312 856 2447 898 nam
2486 839 2663 899 etiam
2696 837 2937 900 Tacitus

642 953 819 1015 saepe
881 934 1061 1015 idque
1122 935 1306 996 multo
1371 938 1610 1016 saepius
1670 954 1847 1015 quam
1910 938 1971 996 in
2028 935 2339 998 annalibus
2386 931 2601 998 ‘credi'
2648 954 2777 998 rem
2836 936 2937 998 ali·

642 1053 817 1114 qnam
857 1053 989 1095 esse
1037 1036 1180 1095 satis
1226 1033 1432 1096 habuit
1479 1053 1977 1096 commemorasse
1996 1029 2047 1119 ¹)
2106 1043 2283 1115 atque
2342 1042 2543 1115 aperte
2600 1035 2935 1116 aequalium

643 1151 950 1194 sermones
1015 1133 1319 1213 famasque
1383 1135 1590 1195 citauit
1607 1127 1679 1218 ἵ),
1753 1133 1911 1195 idem
1978 1140 2201 1212 tamen,
2258 1136 2311 1196 si
2374 1142 2606 1214 posset,
2664 1144 2935 1196 auctores

639 1230 739 1292 uel
805 1233 1133 1312 scriptores
1199 1231 1507 1293 substituit
1563 1235 1660 1306 (u.
1686 1251 1755 1311 p.
1806 1235 2014 1311 am),
2088 1251 2223 1294 eum
2288 1232 2589 1294 Plutarchi
2655 1251 2725 1295 ea
2792 1235 2935 1294 ratio

640 1337 816 1409 atque
871 1329 933 1390 id
989 1329 1304 1392 consilium
1361 1338 1544 1410 esset,
1599 1339 1667 1392 ut
1722 1349 1820 1392 res
1878 1331 1950 1392 ad
1997 1338 2182 1393 testes
2228 1331 2493 1393 oculatos
2512 1326 2565 1416 ³)
2626 1341 2937 1394 reuocaret

641 1447 834 1508 neque
880 1447 1162 1509 umquam
1211 1428 1283 1490 ad
1323 1431 1647 1509 scriptores
1684 1439 1923 1509 praeter
1959 1429 2235 1491 Cluuium
2254 1424 2329 1515 ⁴¹),
2376 1433 2457 1492 ita
2504 1439 2571 1492 ut
2618 1430 2693 1492 de
2732 1430 2935 1493 eadem

641 1546 707 1589 re
771 1527 1075 1589 Plutarchi
1133 1530 1539 1590 testimonium
1597 1522 1841 1610 ἑτέρων
1885 1520 1971 1609 ἦν
2016 1523 2343 1592 ἀκούειν
2390 1529 2558 1604 (oth.
2608 1549 2659 1590 c.
2710 1531 2781 1604 9)
2846 1548 2935 1591 re·

640 1626 928 1706 spondeat
974 1626 1166 1688 Taciti
1210 1626 1262 1688 11
1301 1623 1383 1688 37
1436 1624 1719 1688 ‘Inuenio
1767 1630 1937 1706 apud
1980 1630 2271 1704 quosdam
2318 1626 2725 1708 auctores'3
2780 1627 2934 1708 quod

638 1726 756 1786 nisi
803 1725 961 1786 hunc
1008 1727 1387 1787 auctoritates
1434 1744 1573 1787 suas
1593 1725 1865 1809 ‚finxisse
1912 1743 2241 1806 sumamus,
2298 1724 2443 1787 alias
2498 1725 2573 1786 ad
2618 1726 2932 1788 emendan-

642 1823 780 1884 dum
827 1831 888 1884 et
932 1822 1328 1903 supplendum
1384 1842 1759 1885 communem
1814 1825 2037 1885 fontem
2094 1823 2364 1886 adhibuit
2417 1843 2642 1905 suoque
2698 1827 2933 1904 ingenio

641 1929 700 1983 et
747 1923 862 1982 arti
908 1921 1093 1983 multo
1142 1921 1390 1983 liberius
1435 1921 1685 1984 indulsit
1713 1941 1906 2002 ,quam
1948 1921 2227 2002 Graecus„
2274 1923 2336 1984 id
2372 1923 2531 2003 quod
2568 1925 2751 1985 etiam
2789 1926 2932 2003 ipsis

638 2019 816 2082 rebus
845 2022 1200 2100 comparatis
1230 2021 1614 2082 confirmatur
1636 2023 1721 2094 (u.
1744 2023 1959 2082 Nissen
1968 2023 2180 2100 p.514
2189 2041 2313 2098 sqq.
2336 2023 2604 2101 Fabiap.
2622 2023 2747 2083 161
2759 2026 2932 2100 sqq),

637 2126 812 2198 atque
859 2118 1104 2180 consilio
1154 2126 1334 2180 testes
1391 2119 1657 2181 oculatos
1711 2122 2017 2182 nominare
2074 2123 2328 2200 spreuit,
2394 2122 2508 2182 etsi
2564 2121 2761 2182 facere
2818 2139 2931 2182 non

637 2219 845 2296 potuit,
909 2220 1052 2296 quin
1117 2217 1438 2279 multorum
1503 2235 1810 2280 sermones
1876 2217 2125 2298 audiret,
2190 2221 2271 2280 ita
2326 2227 2526 2281 tamen
2595 2227 2663 2281 ut
2718 2221 2933 2281 acritas

634 2313 844 2376 iudicii
889 2333 1024 2376 eum
1081 2333 1201 2377 non
1251 2310 1614 2401 deficeret.⁵)
1710 2335 1845 2378 nam
1902 2334 2054 2397 quae
2102 2316 2454 2380 Plutarchus
2502 2311 2780 2404 (Iulium)
2830 2318 2930 2379 Se-

636 2412 896 2475 cundum
953 2413 1250 2475 rhetorem
1307 2413 1526 2476 Othoni
1581 2414 1655 2476 ab
1712 2415 1983 2496 epistulis
1991 2463 2007 2494 ‚
2063 2414 2256 2496 qualis
2313 2418 2497 2478 animi
2548 2419 2786 2497 patroni
2841 2417 2932 2478 sui

639 2511 886 2572 affectus
943 2519 1077 2573 ante
1132 2531 1389 2593 pugnam
1445 2512 1903 2576 Bedriacensem
1968 2515 2204 2593 fuisset,
2270 2532 2545 2576 narrasse
2602 2508 2685 2599 (c.
2725 2516 2768 2576 9
2824 2509 2931 2576 καὶ

637 2615 834 2671 τοῦτο
880 2602 1004 2690 μὲν
1041 2605 1364 2694 διηγεῖτο)
1405 2613 1643 2692 copiose
1683 2613 1995 2675 rettulerat
2012 2607 2086 2697 ⁸),
2133 2612 2373 2674 Tacitus
2421 2615 2500 2674 II
2530 2615 2621 2674 40
2663 2612 2931 2676 breuiter

637 2710 718 2768 ita
763 2717 1078 2770 memorat:
1136 2709 1287 2772 Otho
1317 2743 1400 2752 —
1432 2728 1560 2772 rem
1599 2715 1663 2772 in
1704 2713 2031 2774 discrimen
2061 2715 2219 2773 mitti
2247 2714 2510 2792 iubebat,
2540 2731 2733 2788 aeaer
2758 2729 2931 2774 mora

638 2815 698 2868 et
740 2811 870 2884 spei
916 2811 1236 2886 impatiens
1284 2799 1386 2890 (cf.
1427 2807 1586 2870 Suet.
1625 2807 1757 2869 Oth.
1797 2805 1837 2868 9
1883 2813 2017 2871 siue
2062 2814 2383 2887 impatiens
2427 2813 2726 2887 lonyioris
2772 2815 2929 2874 solli-

637 2899 979 2989 citudinis),
1045 2906 1115 2967 de
1181 2908 1378 2967 causis
1443 2913 1642 2968 autem
1708 2925 1940 2987 pugnae
2006 2909 2121 2969 iam
2187 2926 2563 2970 communem
2628 2917 2930 2970 auctorem

817 3167 868 3236 1)
903 3165 931 3220 Ῑ
969 3173 1026 3234 7;
1069 3172 1159 3236 14;
1209 3169 1303 3241 [34
1341 3168 1816 3242 arbibrabantur];
1855 3173 1939 3224 78.
1986 3167 2039 3224 ῙῙ
2076 3175 2135 3236 23
2174 3175 2269 3236 213
2308 3175 2403 3238 933
2442 3175 2537 3238 953
2576 3174 2663 3224 99.
2720 3169 2799 3226 III
2839 3175 2929 3236 113

635 3251 719 3300 65.
776 3245 854 3299 IV
891 3251 976 3302 86.
1033 3247 1086 3299 V
1123 3253 1207 3303 22.

813 3329 867 3396 2)
902 3327 929 3381 1
966 3333 1050 3382 41.
1107 3327 1159 3382 Π
1197 3333 1243 3383 3.
1301 3329 1381 3384 111
1419 3335 1512 3396 οῦς
1553 3335 1647 3400 ⁷13
1688 3335 1782 3398 ἰτς
1821 3335 1906 3386 ⁷8.
1960 3329 2040 3385 IV
2077 3335 2172 3398 523
2213 3335 2306 3400 so;
2346 3335 2439 3399 εις
2478 3335 2562 3385 81.

813 3410 868 3478 3)
905 3407 1107 3463 Othon.
1130 3423 1175 3464 c.
1197 3415 1230 3464 9
1258 3426 1312 3463 u.
1334 3426 1518 3482 supra.
1543 3417 1609 3465 14
1650 3409 1811 3467 Οὕτω
1839 3409 1942 3480 μὲν
1969 3411 2025 3466 οἱ
2049 3413 2295 3467 πλεῖστοι
2318 3419 2431 3466 τῶν
2458 3411 2933 3483 παραγενομένων

632 3485 1039 3561 ἀπαγγέλλωσι
1073 3487 1342 3558 γενέσθαι
1376 3490 1480 3562 τὴν
1517 3489 1722 3562 μάχην,
1750 3488 1883 3548 οὐδὲ
1922 3491 2085 3546 αὐτοὶ
2121 3501 2315 3563 σαφῶς
2350 3491 2752 3564 ὁμολογοῦντες
2792 3489 2932 3548 εἰδέ-

633 3588 731 3623 ναι
765 3567 836 3624 τὰ
873 3565 1014 3624 καθ’
1057 3567 1264 3626 ἕκαστα
1299 3569 1398 3625 διὰ
1435 3570 1536 3641 τὴν
1573 3569 1813 3638 ἀταξίαν
1850 3571 1947 3628 καὶ
1983 3571 2085 3642 τὴν
2123 3569 2465 3642 ἀνωμαλίαν.

705 3701 708 3704 ,
809 3651 865 3720 4)
904 3648 1032 3704 Oth.
1064 3655 1112 3705 8.
1144 3647 1306 3705 Galb.
1341 3655 1407 3705 14
1443 3649 1552 3708 εἴτε
1591 3649 1665 3714 ὥς
1700 3669 1877 3721 φασιν
1914 3651 2055 3708 ἔνιοι
2092 3685 2159 3695 -
2190 3651 2323 3721 εἴτες
2372 3655 2439 3708 19
2476 3651 2585 3709 εἴτε
2614 3673 2681 3698 -υ-
2712 3652 2823 3710 εἴτε
2860 3651 2933 3716 ὃς

633 3747 810 3806 φασιν
848 3729 1015 3796 ἔνιοις
1055 3736 1122 3784 27
1162 3731 1236 3794 ὡς
1263 3730 1319 3786 οἱ
1355 3734 1599 3787 πλεῖστοι
1635 3729 1891 3804 λέγουσιν
1922 3764 1989 3775 -
2018 3731 2160 3788 ἔνιοι
2197 3733 2259 3789 δὲ
2292 3765 2359 3776 -
2390 3733 2446 3790 οἱ
2482 3731 2545 3790 δὲ
2577 3761 2643 3776 ·-
2674 3733 2733 3788 οἱ
2770 3732 2850 3791 δέ.

811 3813 865 3882 6)
901 3811 1044 3865 Hist.
1073 3810 1152 3865 IV
1189 3817 1256 3867 81
1311 3819 1600 3882 utrumque
1638 3811 1991 3882 (miraculum
2018 3811 2376 3883 Vespasiani)
2416 3815 2515 3884 qui
2558 3814 2931 3882 interfuerunt

631 3907 782 3946 nunc
817 3909 1024 3961 quoque
1059 3899 1374 3959 memorant,
1404 3899 1761 3964 postquam
1795 3895 2012 3950 nullum
2048 3894 2329 3951 mendacio
2356 3896 2615 3964 pretium.

812 3973 864 4040 6)
903 3971 1086 4026 Aliter
1129 3989 1218 4027 res
1265 3990 1324 4027 se
1361 3973 1538 4027 habet
1573 3991 1619 4028 c.
1654 3978 1737 4042 14,
1792 3973 1891 4028 ubi
1946 3973 2241 4029 Mestrium
2296 3973 2521 4030 Florum
2578 3973 2929 4030 consularem

633 4049 744 4104 sibi
789 4052 1068 4120 quaedam
1113 4069 1216 4124 per
1259 4052 1558 4124 planitiem
1603 4053 2033 4110 Bedriacensem
2080 4053 2395 4110 ambulanti
2443 4055 2513 4109 de
2565 4056 2757 4126 strage
2814 4073 2929 4112 cor-

632 4147 832 4201 porum
885 4149 1142 4188 narrasse
1190 4135 1475 4205 (διηγεῖτο)
1529 4133 1715 4190 tenori
1764 4134 2106 4191 narrationis
2162 4151 2295 4190 suae
2350 4134 2614 4203 inseruit3
2668 4134 2785 4192 fuit
2836 4137 2929 4191 hic

631 4213 800 4266 notus
837 4209 935 4267 ille
973 4213 1184 4270 amicus
1221 4213 1525 4269 Plutarchi.
1585 4213 1835 4268 studium
1871 4219 2063 4270 tamen
2100 4213 2329 4270 testium
2366 4215 2717 4271 oculatorum
2755 4216 2928 4272 etiam

631 4290 725 4345 hic
761 4292 1140 4347 manufestum
1178 4297 1278 4349 est.
