3234 5034
601 329 886 378 cnxxxx
1097 329 1194 384 DE
1234 295 1700 386 somr'ronvn
1735 331 1925 386 vms
1961 331 2057 386 ΕΤ
2094 295 2410 387 sci'm‘TIs

600 517 675 558 an
720 516 877 559 unus
926 517 996 558 ex
1045 497 1276 559 libertis
1320 500 1703 578 imperatoris
1740 499 2018 578 Septimii
2056 499 2283 579 Seueri,
2331 517 2469 560 nam
2515 499 2675 579 quod
2712 501 2906 579 priore

598 596 728 657 loco
793 597 858 656 in
922 596 1127 657 codice
1182 595 1450 657 Palatino
1513 614 1735 658 nomen
1800 600 1865 658 in
1923 594 2168 658 ‘minus’
2228 596 2471 676 desinit,
2536 597 2651 658 hoc
2712 600 2907 659 minus

603 694 1031 756 dubitationem
1095 702 1298 755 mouet
1362 713 1540 773 quam
1605 694 1764 775 quod
1831 695 2024 757 fabula
2075 695 2146 757 de
2212 695 2561 775 Septimio
2617 695 2905 757 Arabiano

599 793 874 872 refertur,
923 801 1099 872 atque
1148 791 1516 872 Gargilius
1565 792 1948 874 Martialis,
2002 813 2179 874 quem
2226 793 2513 874 Vopiscus
2560 794 2743 855 Proh.
2781 794 2911 872 2,7

599 893 762 953 iuxta
809 890 1061 952 Marium
1108 891 1453 970 Maximum,
1502 891 1855 952 Suetonium
1902 891 2334 972 Tranquillum,
2382 891 2631 952 Fabium
2676 891 2908 952 Martia-

599 988 718 1050 lem
767 985 1141 1068 ‘ceterosque
1151 1035 1169 1068 ,
1226 991 1331 1068 qui
1386 989 1532 1051 haec
1589 998 1652 1051 et
1704 989 1845 1051 talia
1900 1009 2022 1052 non
2076 1000 2196 1051 tam
2255 990 2477 1051 diserte
2535 1008 2713 1069 quam
2769 1007 2910 1052 uere

597 1090 922 1148 memoriae
969 1084 1408 1168 prodiderunt’,
1453 1089 1518 1148 in
1566 1089 1855 1168 exemplis
1903 1091 2029 1150 suis
2075 1090 2259 1168 ponit,
2308 1097 2367 1148 et
2415 1086 2793 1168 Lampridius
2844 1107 2911 1149 eo

599 1185 746 1264 loco,
793 1185 897 1246 ubi
944 1185 1016 1246 de
1065 1184 1446 1265 simplicitate
1494 1187 1761 1247 conuiuii
1798 1186 2118 1248 Alexandri
2164 1186 2367 1248 diurni
2412 1185 2598 1247 uerba
2645 1187 2804 1266 facit,
2850 1205 2912 1247 se

600 1283 758 1345 nolle
807 1286 1004 1344 omnia
1050 1285 1322 1345 inserere
1371 1283 1551 1362 addit,
1598 1303 1752 1363 quae
1798 1284 1898 1346 ille
1948 1282 2102 1346 ‘eius
2149 1286 2437 1363 temporis
2484 1287 2749 1364 scriptor
2794 1287 2915 1346 sin-

601 1381 848 1461 gillatim
904 1389 1260 1462 persecutus
1307 1379 1407 1442 sit'
1449 1383 1583 1459 (37,
1623 1383 1712 1460 9),
1762 1383 2012 1444 fortasse
2065 1383 2246 1460 idem,
2301 1384 2407 1462 qui
2453 1381 2525 1442 de
2574 1400 2641 1443 re
2689 1385 2913 1444 rustica

602 1478 1028 1561 ‘pulcherrime
1077 1489 1136 1541 et
1174 1477 1511 1559 diligenter’
1546 1481 1854 1554 (Cassiod.
1884 1487 2021 1543 inst.
2053 1484 2178 1542 diu.
2208 1485 2321 1543 litt.
2350 1481 2467 1554 28)
2508 1483 2669 1542 inter
2707 1480 2917 1542 Galeni

600 1588 853 1641 mortem
895 1571 976 1662 (a.
1005 1573 1168 1663 201)
1209 1585 1270 1638 et
1312 1577 1660 1656 Palladium,
1706 1582 1813 1659 qui
1858 1599 1909 1641 a.
1950 1580 2074 1641 fere
2113 1574 2245 1640 355
2293 1597 2363 1640 eo
2408 1597 2558 1641 usus
2606 1588 2718 1658 est,
2764 1597 2915 1659 opus

602 1677 859 1756 doctum,
907 1679 1082 1738 cuius
1129 1684 1409 1756 excerpta
1455 1675 1528 1738 ad
1575 1695 1687 1738 nos
1732 1687 2157 1757 peruenerunt,
2206 1679 2468 1757 scripsit,
2506 1676 2808 1757 idemque,
2848 1685 2915 1739 ut

601 1775 914 1836 Cichorius
961 1777 1164 1849 (Stud.
1204 1775 1366 1852 [τρε.
1403 1777 1475 1836 Χ
1501 1794 1570 1853 p.
1607 1776 1743 1835 319
1768 1777 1926 1852 sqq.)
1974 1777 2312 1855 suspicatus
2361 1784 2478 1854 est,
2532 1795 2669 1836 cum
2716 1777 2919 1855 equite

599 1873 867 1934 Romano
922 1873 1227 1952 Auziensi,
1285 1875 1410 1952 cui,
1473 1880 1790 1953 postquam
1848 1873 2064 1935 multas
2120 1891 2219 1934 res
2274 1875 2339 1934 in
2402 1873 2612 1934 militia
2678 1876 2918 1953 egregie

601 1974 804 2051 gessit,
841 1970 1078 2033 insidiis
1119 1969 1413 2032 Bauarum
1451 1971 1795 2033 Maurorum
1836 1971 2083 2052 decepto
2122 1971 2385 2033 coloniae
2418 1972 2735 2032 Auziensis
2772 1970 2915 2032 ordo

602 2090 650 2132 a.
700 2067 833 2131 260
894 2078 1350 2131 monumentum
1414 2071 1615 2148 posuit
1673 2070 1769 2143 (C.
1801 2072 1851 2131 I.
1892 2071 1959 2131 L.
1995 2071 2158 2131 VIII
2185 2070 2380 2131 9047.
2440 2071 2595 2147 Eph.
2632 2075 2829 2147 θρέψ’.
2872 2070 2925 2128 V

603 2169 780 2230 1300
812 2188 880 2247 p.
911 2162 1155 2252 560).¹)
1229 2169 1406 2228 etiam
1463 2167 1741 2228 Lollius
1788 2167 2083 2230 Vrbicus
2128 2168 2439 2228 historiam
2488 2169 2581 2228 sui
2628 2169 2919 2247 temporis

603 2269 665 2327 in
701 2265 1020 2327 Alexandri
1069 2265 1332 2327 fauorem
1382 2284 1703 2327 exornasse
1750 2259 2077 2350 uidetur¹),
2125 2265 2305 2345 idque
2351 2268 2452 2345 ita,
2506 2273 2576 2327 ut
2630 2265 2918 2346 epistulas

602 2373 704 2426 aut
749 2367 878 2444 ipse
927 2365 1178 2443 fingeret
1225 2373 1328 2425 aut
1372 2365 1529 2425 fictis
1575 2372 1866 2442 uteretur,
1914 2382 2029 2443 qua
2081 2382 2147 2426 re
2194 2383 2331 2426 cum
2378 2365 2473 2426 his
2520 2363 2918 2444 scriptoribus

603 2481 741 2524 eum
789 2464 1086 2524 coniunxi.

781 2560 946 2621 Addo
986 2568 1108 2622 tres
1144 2563 1306 2622 uitae
1334 2561 1575 2621 Traiani
1615 2562 1959 2640 scriptores,
1997 2559 2290 2622 Fabium
2328 2553 2919 2644 Marcellinum⁸),

602 2659 972 2721 Aurelium
1009 2659 1291 2736 Verum,
1339 2659 1648 2720 Statium
1687 2658 2079 2737 Valentem,
2118 2655 2246 2738 ‘qui
2283 2677 2521 2719 omnem
2560 2660 2692 2720 eius
2730 2659 2919 2720 uitam

603 2760 666 2819 in
704 2757 935 2818 litteras
970 2758 1270 2817 miserunt
1283 2752 1317 2835 ’,
1353 2765 1422 2817 ut
1459 2757 1544 2817 ait
1578 2755 1957 2836 Lampridius
1986 2757 2162 2818 Alex.
2192 2756 2297 2832 48,
2327 2758 2387 2835 6,
2424 2759 2531 2837 qui
2564 2763 2634 2817 ut
2670 2755 2919 2818 Alexan·

606 2856 805 2933 drum,
853 2872 974 2915 non
1010 2854 1350 2934 Traianum,
1396 2857 1460 2915 in
1500 2853 1783 2915 Ouinium
1824 2853 2140 2916 Camillum
2178 2855 2507 2916 clementer
2544 2872 2610 2915 se
2658 2857 2918 2934 gessisse

605 2952 1000 3032 demonstret,
1057 2959 1118 3012 et
1172 2950 1306 3013 illos
1363 2961 1424 3013 et
1468 2951 1721 3013 Marium
1768 2952 2087 3014 Maximum
2142 2960 2213 3013 ut
2256 2961 2531 3014 auctores
2579 2954 2712 3014 eius
2761 2953 2921 3014 uitae

603 3053 957 3131 praecipuos
1015 3050 1204 3110 affert.
1280 3057 1456 3130 atque
1503 3049 1723 3111 Fabius
1780 3050 2023 3129 quidem
2069 3049 2451 3111 Marcellinus
2504 3052 2683 3110 etiam
2731 3069 2766 3111 a
2814 3050 2923 3110 Vo-

603 3150 770 3228 pisco
817 3150 999 3210 Proh.
1038 3148 1100 3223 2,
1131 3149 1172 3207 7
1218 3147 1348 3208 loco
1395 3147 1570 3208 modo
1619 3151 1800 3208 citato
1855 3151 2015 3209 inter
2068 3151 2231 3210 uitae
2277 3149 2601 3228 scriptores
2650 3150 2920 3209 nomina-

604 3256 720 3326 tur,
777 3249 966 3308 ceteri
1019 3248 1263 3316 omnino
1319 3248 1509 3324 ignoti
1565 3240 1790 3330 sunt.⁴)
1867 3246 1939 3308 ad
1993 3248 2181 3307 uitam
2233 3253 2436 3308 tamen
2481 3245 2726 3306 Traiani
2786 3245 2919 3306 illu-

606 3343 909 3406 strandam
968 3362 1035 3404 ea
1093 3361 1160 3404 re
1217 3342 1502 3405 uidentur
1555 3343 1801 3406 adducti
1856 3363 2015 3423 esse,
2070 3352 2139 3404 ut
2194 3342 2305 3404 sub
2362 3345 2493 3405 eius
2539 3345 2923 3423 imperatoris

786 3534 837 3603 1)
877 3532 1011 3588 Sine
1063 3550 1236 3588 causa
1280 3532 1578 3588 Reinesius
1625 3534 1871 3589 eundem
1918 3550 2045 3589 eum
2093 3549 2215 3588 esse
2260 3532 2447 3586 uoluit
2492 3549 2619 3587 cum
2660 3531 2924 3588 quentio

603 3613 870 3668 Martiale
908 3614 1064 3684 apud
1100 3613 1380 3668 Ammian.
1411 3613 1644 3667 XXVIII
1680 3619 1848 3681 4,14,
1884 3631 1988 3685 pro
2034 3615 2308 3670 quenale
2350 3612 2547 3684 legens
2593 3614 2924 3669 quentium

603 3711 920 3764 nomenque
959 3697 1213 3750 statuens
1253 3691 1570 3762 Gargilium
1605 3693 1931 3747 quentium
1968 3693 2308 3748 Martialem.

785 3777 840 3846 2)
877 3774 1150 3845 Borghesi
1195 3774 1387 3829 Oeuvr.
1417 3773 1495 3826 IX
1533 3779 1637 3827 302
1686 3789 1816 3828 eum
1854 3790 1889 3827 a.
1927 3773 1989 3841 Q.
2020 3773 2203 3828 Lollio
2240 3773 2450 3828 Vrbico
2498 3772 2780 3843 originem
2820 3773 2923 3828 ‹lu-

603 3855 752 3910 xisse
790 3854 1110 3924 suspicatus
1149 3857 1252 3921 est,
1300 3852 1665 3908 Kornemann
1692 3854 1971 3924 (Hadrian
2008 3872 2063 3909 u.
2094 3855 2148 3910 d.
2178 3854 2351 3909 letzte
2391 3853 2567 3924 groBe
2602 3853 2927 3908 Historiker

605 3953 714 3990 von
741 3935 905 4004 Rom)
939 3934 1060 3988 eius
1095 3934 1296 4001 filium,
1333 3933 1495 3988 cuius
1533 3935 1753 3989 somnia
1790 3935 1891 4004 qui
1928 3951 2269 4004 cognoscere
2305 3933 2466 4002 uelit,
2503 3933 2693 4004 ipsum
2732 3933 2923 3990 adeat.

783 4017 839 4084 3)
877 4015 968 4068 Ad
1006 4015 1247 4069 eundem
1283 4014 1357 4069 M.
1380 4014 1708 4070 Wellmann
1747 4033 1835 4086 ap.
1864 4015 2253 4085 Pauly-Wiss.
2273 4015 2325 4070 V
2355 4020 2564 4069 &1185
2603 4013 2925 4084 Gargilium

604 4095 930 4151 Martialem
971 4094 1252 4149 ‘libellum
1287 4095 1599 4149 botanicon
1638 4111 1706 4149 ex
1743 4095 2093 4150 Dioscoridis
2131 4095 2292 4151 libris
2330 4095 2391 4149 in
2426 4093 2673 4149 latinum
2716 4111 2923 4150 sermo·

603 4194 736 4232 nem
774 4176 1128 4231 conuersum’
1167 4175 1389 4229 misisse
1428 4178 1636 4230 censet.
1668 4207 1734 4216 —
1772 4175 1985 4230 Fabius
2023 4176 2327 4230 Marcellus
2374 4173 2567 4245 posuit
2602 4174 2925 4230 Tarracone

605 4257 1014 4312 monimentum
1053 4255 1109 4310 C.
1140 4256 1182 4311 Ι.
1211 4257 1272 4311 L.
1302 4256 1354 4308 II
1391 4261 1548 4310 4121.

783 4341 839 4399 4)
877 4338 946 4392 L.
977 4337 1190 4393 Statius
1228 4337 1296 4392 L.
1325 4339 1368 4404 f.
1403 4337 1557 4407 Quir.
1592 4339 1794 4392 Valens
1829 4336 1886 4391 C.
1917 4338 1957 4391 I.
1989 4338 2049 4391 L.
2087 4336 2132 4390 V
2170 4343 2199 4392 1
2239 4355 2295 4408 p.
2327 4341 2432 4391 524
2468 4355 2521 4390 n.
2555 4341 2714 4392 4974.
