3234 5034
644 339 904 387 chxw
1139 316 1236 373 DE
1275 315 1737 374 SORIPTORVM
1774 314 1962 373 VITIS
2002 315 2095 371 ΕΤ
2136 312 2451 373 SCRIPTIS

645 506 778 568 qua,
807 496 876 549 ut
903 483 1143 568 ‘quanta
1182 495 1460 567 potestas,
1489 495 1709 567 quanta
1750 485 2024 566 dignita,
2062 493 2279 567 quanta
2320 488 2615 566 maiestati,
2652 494 2949 567 quantum

644 576 902 666 denique
958 604 1180 651 numen
1237 594 1392 647 esset
1449 582 1777 665 historiae’‚
1834 585 2091 663 doceret,
2147 604 2177 645 a
2235 583 2489 665 quodam
2540 581 2953 646 ‘uerissimum

643 682 886 745 librum'
938 687 1252 746 recitatum
1299 702 1430 745 esse
1477 692 1698 763 narrat,
1746 691 1971 764 partem
2021 690 2218 744 autem
2265 685 2396 744 eius
2443 685 2503 743 in
2553 682 2735 745 alium
2788 682 2953 744 diem

643 790 1034 862 reseruatam,
1082 790 1208 845 tum
1254 801 1402 844 uero
1449 782 1520 844 ab
1570 785 1779 843 amieis
1826 778 2181 843 ‘cuiusdam’
2234 791 2528 861 rogatum,
2582 800 2659 843 ne
2718 780 2953 861 reliqua

645 884 944 961 recitaret,
991 882 1218 962 reliqua
1267 880 1589 961 distulisse,
1637 900 1772 942 eum
1820 882 2047 941 sineret
2082 879 2248 960 fideS,
2284 879 2505 941 librum
2544 886 2745 941 tamen
2780 898 2955 941 man-

647 982 801 1041 sisse
846 997 1312 1060 mansurumque
1360 998 1510 1042 esse.

977 1318 1539 1392 IMPERATOR
1593 1320 1689 1391 M.
1727 1317 2069 1391 VLPIVS
2126 1316 2617 1391 TRAIANVS

1256 1466 1444 1534 (natus
1482 1480 1532 1518 a..
1565 1470 1649 1519 53.
1706 1463 2015 1534 imperator
2052 1466 2337 1535 98—117.)

826 1615 1115 1677 Traianus
1181 1621 1240 1675 et
1303 1632 1440 1675 cum
1505 1613 1802 1675 Hadriano
1869 1623 2227 1693 conparatus
2290 1621 2349 1674 et
2413 1631 2548 1674 cum
2613 1613 2959 1674 litterarum

648 1714 862 1777 studiis
929 1714 1040 1774 sub
1107 1731 1171 1773 se
1235 1712 1589 1773 florentibus
1663 1721 1908 1792 propter
1983 1710 2309 1773 doctrinam
2376 1711 2530 1772 male
2594 1707 2959 1797 audiebat.¹)

646 1816 846 1893 itaque
912 1812 1173 1873 lulianus
1237 1814 1299 1872 in
1357 1810 1713 1871 Caesaribus
1760 1813 1833 1884 (l.
1870 1813 1948 1885 s.)
1997 1809 2335 1887 cauillatur,
2400 1808 2558 1889 quod
2623 1808 2684 1872 L.
2732 1808 2961 1871 Licinii

649 1912 834 1973 Surae
871 1918 998 1971 arte
1037 1907 1340 1970 scribendi
1377 1909 1465 1969 uti
1503 1908 1712 1969 solitus
1752 1912 1847 1987 sit,
1887 1906 2283 1987 defunctoque
2321 1926 2392 1968 eo
2432 1908 2779 1987 Spartianus
2809 1900 2961 1991 (uit.

649 2012 846 2071 Hadr.
878 2010 940 2084 3,
969 2002 1085 2092 11)
1133 2009 1432 2068 orationes
1477 2025 1586 2086 pro
1625 2026 1695 2067 eo
1735 2006 1807 2067 ab
1846 2005 2141 2068 Hadriano
2182 2005 2431 2067 dictatas
2467 2024 2600 2066 esse
2639 2016 2961 2067 memorat.

647 2127 844 2188 neque
881 2116 1078 2168 tamen
1118 2124 1260 2166 cura
1297 2123 1395 2167 res
1433 2124 1572 2181 suas
1607 2106 1941 2185 posteritati
1978 2103 2271 2186 prodendi
2300 2106 2509 2184 caruit,
2543 2123 2679 2165 nam
2707 2114 2965 2185 praeter

650 2206 982 2268 columnam
1041 2206 1100 2265 iu
1151 2204 1277 2265 foro
1325 2222 1433 2267 suo
1479 2205 1732 2283 positam
1788 2202 2062 2283 pluribus
2108 2202 2279 2263 libris
2326 2220 2424 2264 res
2471 2221 2505 2263 a
2550 2221 2617 2263 se
2664 2205 2725 2263 in
2772 2202 2962 2265 Dacia

650 2311 846 2385 gestas
901 2309 1253 2383 persecutus
1309 2308 1426 2381 est,
1481 2299 1796 2362 admodum
1855 2301 2211 2381 simpliciter
2256 2308 2317 2363 et
2360 2300 2727 2380 militariter,
2775 2304 2832 2362 si
2884 2321 2961 2363 ex

649 2421 770 2464 uno
809 2403 1136 2480 fragmento
1176 2402 1378 2465 nescio
1417 2418 1534 2479 quo
1573 2418 1715 2461 casu
1763 2399 1834 2460 ad
1882 2400 2255 2481 Priscianum
2304 2398 2495 2460 delato
2543 2400 2963 2461 coniecturam

651 2502 848 2562 facere
904 2499 1071 2577 lieet,
1127 2499 1375 2560 fortasse
1433 2500 1607 2559 etiam
1667 2500 1729 2558 in
1788 2516 1857 2559 eo
1913 2516 2162 2559 munere
2219 2516 2250 2557 a
2310 2496 2458 2558 Sura
2526 2497 2791 2577 adiutuS,
2852 2501 2965 2578 qui

650 2600 890 2679 utrique
953 2596 1110 2658 bello
1173 2596 1386 2674 Dacico
1450 2596 1681 2675 legatus
1747 2615 1853 2676 pro
1916 2604 2187 2676 praetore
2252 2596 2523 2657 interfuit
2580 2604 2757 2676 atque
2815 2615 2965 2657 cum

651 2696 942 2759 Decebalo
990 2695 1062 2757 de
1109 2714 1254 2775 paee
1302 2697 1423 2775 egit
1469 2696 1748 2773 (Prosop.
1777 2696 1857 2755 II
1882 2714 1950 2773 p.
1980 2694 2113 2755 285
2148 2712 2207 2754 n.
2241 2694 2419 2768 174).

901 2935 1463 3011 IMPERATOR
1527 2936 1604 3009 P.
1660 2935 2005 3009 AELIVS
2068 2930 2705 3019 HADRJANV82)

1239 3075 1424 3142 (natus
1462 3090 1514 3127 a.
1547 3078 1629 3128 το.
1696 3072 2005 3142 imperator
2043 3075 2362 3141 117—138.)

831 3222 1162 3285 Hadrianus
1209 3241 1345 3283 eum
1392 3224 1632 3283 omnino
1680 3222 1884 3284 sedula
1923 3225 2217 3283 anxietate
2254 3223 2591 3284 aeternitati
2626 3226 2965 3284 memoriae

653 3342 795 3385 suae
843 3321 1123 3403 prouidit,
1170 3329 1314 3400 tum,
1360 3328 1428 3381 ut
1474 3328 1600 3381 erat
1638 3317 1996 3401 ‘poematum
2044 3328 2104 3382 et
2148 3321 2483 3382 litterarum
2530 3322 2783 3381 nimium
2830 3330 2963 3383 stu-

654 3417 1052 3483 diosissimus'
1083 3423 1220 3495 (uit.
1261 3419 1363 3495 14,
1400 3420 1491 3498 8),
1531 3426 1589 3479 et
1628 3422 1941 3499 orationeS,
1984 3438 2131 3500 quas
2168 3418 2393 3499 habuit,
2431 3417 2601 3480 libris
2638 3421 2965 3480 minimum

652 3546 793 3553 ——-

834 3614 884 3681 1)
941 3610 1090 3664 Cass.
1131 3608 1238 3663 Dio
1275 3614 1362 3677 68,
1395 3614 1439 3663 7.
1505 3608 1704 3663 Iulian.
1744 3608 1899 3664 Caes.
1938 3628 1993 3680 p.
2026 3615 2127 3663 827
2142 3626 2191 3664 a.
2268 3609 2401 3664 Aur.
2432 3608 2578 3664 vict.
2617 3607 2750 3678 epit.
2788 3615 2877 3678 13,
2909 3616 2963 3665 8.

655 3690 780 3746 Vid.
811 3690 1008 3746 Gesch.
1039 3690 1234 3745 Litter.
1264 3689 1290 3743 1
1326 3708 1378 3760 p.
1410 3695 1478 3743 90
1499 3708 1580 3759 sq.

832 3774 886 3841 2)
933 3771 991 3825 L.
1033 3770 1340 3825 cuntai-elli
1392 3770 1488 3826 Gli
1531 3773 1711 3826 sor-itti
1764 3772 1931 3827 latim·
1980 3773 2041 3827 di
2086 3772 2345 3827 Adriano
2389 3773 2519 3841 imp.
2575 3770 2757 3825 Roma
2796 3777 2963 3827 1898.

650 3850 700 3907 J.
740 3851 893 3907 Plew
949 3850 1649 3923 Quellenuntersuchunqen
1703 3867 1822 3909 zur,
1862 3852 2169 3907 Geaehichte
2233 3853 2325 3907 des
2380 3852 2612 3907 Κηίων-3
2663 3852 2964 3908 Hadrian.

653 3932 985 4001 Strassburg
1025 3936 1178 3985 1890.
1237 3930 1318 3985 Of.
1349 3932 1459 3986 Die
1496 3931 1797 4000 Scriptores
1832 3932 1954 3987 hist.
1985 3934 2130 4003 Auy.
2161 3951 2215 4002 p.
2248 3938 2350 3986 122
2377 3949 2495 4001 sqq.
2540 3932 2723 3987 Geach.
2756 3932 2964 3989 Litter.

651 4012 676 4065 Ι
703 4030 758 4082 p.
780 4016 885 4066 374
905 4030 986 4080 sq.
1026 4010 1110 4066 De
1138 4010 1262 4065 uita,
1290 4010 1602 4080 Spartiani:
1643 4012 1711 4065 H.
1740 4010 2009 4066 Jaenioke
2038 4014 2126 4067 De
2154 4016 2307 4069 uitae
2333 4012 2700 4068 Hadrianeae
2724 4015 2963 4083 scripto-

651 4092 822 4148 ribus.
864 4091 1327 4146 Diss.Hal.1875.
1367 4092 1523 4147 Aem.
1543 4091 1745 4146 Perino
1775 4094 1863 4147 De
1888 4094 2135 4160 fontibus
2162 4096 2409 4148 vitarum
2428 4094 2609 4148 Hadr.
2632 4100 2683 4147 et
2700 4094 2967 4162 Septimii

651 4174 842 4228 Seueri
865 4175 994 4243 imp.
1011 4174 1080 4227 ab
1097 4172 1258 4229 Aelio
1273 4172 1576 4241 spartiano
1597 4175 1945 4243 scriptarum.
1984 4173 2127 4229 Dies.
2145 4172 2503 4245 Heidelberg.
2524 4178 2678 4228 1880.
2706 4173 2757 4229 J.
2774 4173 2967 4229 Duerr

653 4253 764 4308 Die
803 4254 1005 4309 Rei-sen
1041 4253 1135 4307 des
1173 4253 1404 4308 Kai-sers
1441 4254 1516 4308 H.
1559 4253 1742 4323 (Wien
1777 4257 1935 4323 1881)
1965 4272 2019 4323 p.
2052 4259 2156 4307 ''18-
2193 4259 2277 4309 88.
2319 4255 2380 4309 Ο.
2412 4253 2614 4307 Schulz
2644 4254 2829 4309 Leben
2865 4256 2967 4311 dest

655 4335 888 4389 Kaieers
903 4332 1086 4388 Hadr.
1118 4332 1349 4404 Leipzig
1366 4338 1519 4388 1904.
1551 4334 1612 4388 E.
1631 4334 1989 4389 Kornemann
2008 4334 2213 4390 Kaisar
2227 4334 2513 4390 Hadrian.
2542 4334 2779 4405 Leipzig
2796 4340 2963 4391 1905.
