3234 5034
683 324 771 392 84
822 409 835 417 ·
1575 324 2093 382 FENESTELLAE

679 492 810 575 ἤδη
855 492 972 568 τὰς
1015 491 1229 567 πύλας
1275 484 1428 574 εὗρε
1472 488 1917 578 κεκλειμένας·
1999 493 2333 557 καλωδίου
2380 492 2455 557 δὲ
2501 493 2771 559 ἄνωθεν
2816 486 2972 579 ἄφε-

681 588 924 667 θέντος
968 586 1252 669 ἐνζώσας
1299 585 1538 654 ἑαυτὸν
1593 589 1946 675 ἀνελήφθη
2002 589 2171 674 πρὸς
2224 591 2300 656 τὸ
2346 601 2573 676 τεῖχος.
2637 590 2855 658 Ἔνιοι
2900 592 2977 657 δέ

683 706 913 773 φασιν,
960 679 1058 751 ὧν
1083 687 1193 753 καὶ
1225 686 1713 764 Φαινεστέλλας
1756 688 1959 772 ἐστίν,
2005 688 2166 753 οὐδὲ
2210 687 2571 756 αἰσθέσθαι
2616 699 2731 774 τῆς
2768 689 2973 775 μάχης

681 787 802 852 τὸν
865 785 1138 871 Μάριον
1201 783 1336 851 ἀλλ’
1399 782 1466 863 ἐξ
1530 784 1923 872 ἀγρυπνιῶν
1978 786 2089 852 καὶ
2142 790 2366 853 κόπων
2427 788 2558 854 ὑπὸ
2624 796 2779 875 σκιᾷ
2842 812 2971 854 τινι

683 881 882 971 χαμαὶ
927 881 1401 949 κατακλινέντα
1445 893 1567 951 τοῦ
1607 887 2036 970 συνθήματος
2080 884 2404 964 δοθέντος
2448 884 2763 953 ἐνδοῦναι
2808 888 2969 968 πρὸς
2990 906 3013 947 s

559 1050 590 1097 8
595 1048 628 1096 0
685 984 924 1065 ὕπνον,
979 976 1119 1049 εἶτα
1164 985 1356 1067 μόλις
1403 982 1851 1067 ἐξεγείρεσθαι
1897 993 2011 1067 τῆς
2059 993 2275 1069 φυγῆς
2320 983 2694 1069 γενομένης.

539 1120 646 1186 iffi}
864 1079 954 1146 1¹7
969 1085 1032 1148 *.
1088 1087 1231 1148 Gen.
1269 1086 1338 1146 Χ
1347 1088 1404 1145 V
1431 1085 1536 1165 28,
1574 1086 1635 1145 4.
1700 1086 1768 1146 ln
1816 1104 1930 1165 qua
1977 1104 2043 1146 re
2088 1087 2267 1147 etiam
2304 1085 2692 1148 Fenestellam
2740 1106 2971 1149 errasse

684 1182 978 1245 Pedianus
1013 1183 1303 1245 Asconius
1351 1183 1789 1263 animaduertit,
1834 1182 1992 1263 quod
2039 1201 2174 1245 eum
2215 1183 2622 1263 [Ciceronem]
2664 1188 2973 1265 scripserit

684 1290 848 1343 sexto
887 1282 1216 1343 uicensimo
1255 1284 1463 1344 aetatis
1501 1300 1655 1343 anno
1692 1301 1801 1362 pro
1852 1281 1909 1342 S.
1952 1281 2165 1343 Roscio
2203 1283 2439 1345 dixisse.
2512 1283 2743 1363 longior
2780 1292 2971 1347 autem

505 1383 571 1437 fr.
607 1389 634 1437 1
688 1378 934 1460 Nepotis
979 1398 1159 1460 quam
1205 1379 1572 1441 Fenestellae
1622 1398 1793 1441 error
1836 1389 1929 1441 est
1973 1388 2035 1441 et
2078 1398 2133 1460 q.
2181 1398 2227 1441 S.
2996 1398 3038 1438 ιο

865 1471 1027 1541 18*.
1078 1480 1248 1540 Lace.
1289 1482 1414 1541 diu.
1454 1484 1588 1540 inst.
1622 1480 1665 1539 I
1685 1480 1743 1555 6,
1775 1480 1860 1539 14
1896 1478 2116 1539 Omnes
2152 1480 2336 1558 igitur
2370 1479 2479 1541 hae
2508 1479 2761 1560 Sibyllae
2790 1498 2970 1543 unum

686 1576 860 1638 deum
905 1576 1276 1657 praedicant,
1331 1578 1586 1639 maxime
1636 1584 1832 1637 tamen
1880 1576 2227 1659 Erythraea,
2284 1596 2431 1657 quae
2480 1578 2774 1640 celebrior
2817 1581 2971 1641 inter

684 1684 912 1737 ceteras
961 1694 1028 1737 ac
1075 1674 1331 1737 nobilior
1375 1675 1641 1737 habetur.
1718 1676 1769 1735 si
1816 1674 2055 1755 quidem
2093 1675 2435 1755 Fenestella,
2484 1675 2970 1757 diligentissimus

541 1782 648 1861 —72
693 1775 965 1853 scriptor,
1015 1772 1086 1835 de
1134 1773 1474 1853 quindecim
1511 1776 1662 1835 uiris
1703 1772 1909 1835 dicens
1946 1776 2027 1835 ait
2064 1776 2338 1835 restituto
2376 1774 2659 1854 Capitolio
2698 1774 2971 1837 retulisse

543 1872 646 1921 678
685 1871 759 1933 ad
805 1881 1078 1934 senatum
1125 1870 1186 1931 C.
1235 1870 1554 1933 Curionem
1601 1890 1740 1951 cos,
1786 1880 1853 1933 ut
1897 1872 2076 1951 legati
2111 1871 2393 1952 Erythras
2438 1875 2835 1953 mitterentur,
2872 1876 2967 1953 qui
2990 1896 3033 1937 ιι

683 1971 943 2031 carmina
975 1969 1228 2049 Sibyllae
1267 1971 1600 2050 conquisita
1638 1969 1881 2031 Romam
1922 1970 2325 2052 deportarent3
2354 1972 2550 2051 itaque
2586 1974 2805 2033 missos
2842 1990 2967 2033 esse

681 2068 743 2129 P.
791 2067 1108 2129 Gabinium
1155 2066 1227 2129 M.
1276 2066 1590 2129 Otacilium
1642 2068 1705 2129 L.
1746 2068 2059 2148 Valerium,
2115 2070 2215 2148 qui
2271 2067 2597 2148 descriptos
2644 2088 2677 2129 a
2722 2072 2967 2150 priuatis

682 2184 896 2228 uersus
946 2168 1104 2227 circa
1149 2166 1310 2227 mille
1357 2165 1603 2227 Romam
1654 2166 2055 2247 deportarunt.

863 2356 962 2412 16.
1003 2357 1086 2423 Cf.
1117 2358 1258 2412 Awr.
1300 2358 1434 2413 Vict.
1464 2358 1530 2412 de
1566 2358 1713 2413 uiris
1747 2358 1826 2413 ca.
1858 2362 1933 2412 68
1979 2358 2043 2411 ln
2080 2360 2355 2427 apparatu
2392 2356 2553 2427 belli,
2590 2358 2743 2427 quod
2780 2362 2960 2414 conta

685 2427 901 2482 Sullam
958 2429 1293 2499 parabatur,
1340 2429 1492 2499 apud
1540 2428 1924 2499 Sacriportum
1969 2428 2184 2498 uigiliis
2231 2432 2289 2483 et
2333 2430 2523 2483 labore
2570 2430 2819 2485 defessus
2863 2429 2958 2481 sub

685 2499 821 2553 diuo
859 2499 1142 2569 requieuit
1179 2503 1236 2554 et
1273 2500 1476 2555 absens
1513 2500 1701 2555 uictus
1738 2500 1925 2571 fugae,
1962 2517 2073 2554 non
2111 2517 2333 2571 pugnae
2368 2500 2639 2555 interfuit.

864 2571 961 2627 17.
1001 2571 1258 2627 Eandem
1299 2572 1515 2639 famam
1559 2575 1805 2641 sequitur
1854 2572 2084 2643 Quintil.
2116 2572 2253 2626 XII
2281 2577 2333 2640 6,
2360 2578 2409 2627 4.
2476 2573 2558 2640 Cf.
2589 2574 2881 2628 Drumama
2916 2572 2961 2624 V

678 2647 891 2769 gago·
956 2643 1056 2697 Ex
1109 2643 1369 2699 Suetonio
1423 2652 1592 2713 caput
1650 2644 1967 2699 Gellianum
2018 2645 2243 2712 fluxisse
2282 2647 2545 2713 opinatur
2590 2643 2954 2711 Reifferscheid

860 2732 963 2841 ²128.
1007 2787 1089 2853 Cf.
1121 2787 1306 2841 deira
1343 2786 1433 2841 dei
1465 2790 1542 2841 22
1589 2786 1835 2855 Sibyllae
1882 2785 2109 2857 plurimi
2148 2788 2205 2840 et
2241 2785 2469 2840 maximi
2505 2790 2759 2841 auctores
2792 2784 2949 2839 tradi-

686 2858 906 2926 derunt,
947 2856 1287 2912 Graecorum
1325 2858 1515 2912 Aristo
1553 2857 1725 2913 Chius
1762 2863 1821 2914 et
1856 2858 2231 2927 Apollodorus
2268 2857 2620 2927 Erythraeus,
2657 2861 2949 2913 nostrorum

689 2928 862 2983 Varro
900 2932 960 2983 et
997 2929 1410 2985 Fenestella.
1449 2929 1511 2983 hi
1545 2946 1738 2984 omnes
1766 2929 1955 3000 praeci
1995 2946 2126 2984 uam
2155 2932 2213 2983 et
2238 2929 2483 2983 nobilem
2508 2932 2731 2999 praeter
2756 2930 2947 2983 ceteras

687 2999 1054 3069 Erythraeam
1098 3000 1272 3055 fuisse
1318 3005 1773 3057 commemorant.
1838 3004 1960 3071 Apo
1986 3001 2209 3055 lodorus
2253 2998 2479 3069 quidem
2524 3004 2589 3055 ut
2632 3000 2702 3054 de
2746 3000 2848 3054 ciui
2888 3014 2946 3051 ae

684 3070 948 3141 populari
993 3088 1096 3126 sua
1141 3071 1443 3155 gloriatur,
1497 3072 1899 3128 Fenestella
1946 3088 2080 3127 uero
2135 3072 2307 3127 etiam
2359 3071 2575 3142 legatos
2620 3072 2875 3141 Erythras
2913 3085 2945 3121 a

687 3146 886 3197 senatu
925 3159 1046 3197 esse
1081 3161 1281 3199 missos
1319 3145 1508 3211 refert,
1547 3148 1612 3199 ut
1655 3142 1822 3199 huius
1861 3142 2109 3213 Sibyllae
2154 3143 2400 3198 carmina.
2434 3144 2667 3198 Romam
2712 3143 2943 3213 deporta-

686 3216 878 3269 rentur
933 3214 1320 3287 [deportarent
1372 3216 1594 3271 Jordan
1647 3216 1873 3287 Topoyr.
1914 3217 2070 3271 Rom.
2109 3216 2149 3269 Ι
2177 3218 2216 3270 2
2251 3234 2309 3285 p.
2339 3216 2452 3287 27]‚
2503 3218 2561 3269 et
2605 3230 2675 3269 ea
2716 3212 2941 3268 consules

689 3284 853 3341 Curio
904 3290 963 3341 et
1008 3286 1278 3341 Octauius
1326 3288 1385 3340 in
1433 3286 1729 3358 Capitolio,
1776 3286 1927 3355 quod
1964 3291 2099 3341 tunc
2136 3289 2257 3341 erat
2292 3288 2519 3340 curante
2558 3284 2619 3351 Q.
2650 3284 2837 3340 Catulo
2870 3298 2939 3336 re-

689 3356 976 3425 stitutum,
1023 3360 1286 3428 ponenda
1323 3362 1585 3413 curarent
1622 3360 1917 3429 [curarunt
1950 3360 2167 3413 Jordan
2204 3360 2235 3414 1.
2264 3359 2347 3429 s.].
2399 3358 2586 3413 Onmis
2618 3358 2745 3413 haec
2776 3356 2835 3411 dc
2864 3354 2939 3410 Si-

687 3429 850 3499 byllis
893 3430 1144 3485 doctrina
1184 3431 1451 3486 Varronis
1493 3438 1584 3487 est.
1643 3432 1714 3499 cf.
1750 3448 1924 3501 supra
1954 3450 2012 3499 p.
2041 3436 2117 3485 22
2133 3448 2207 3499 sq.
2262 3448 2391 3485 nam
2428 3432 2609 3501 pergit
2643 3428 2939 3485 Lactantem

687 3500 750 3553 in
795 3502 996 3555 instit:
1041 3501 1192 3555 Idem
1240 3519 1412 3572 supra.
1457 3502 1807 3556 ostendimus
1855 3502 2061 3556 dixisse
2091 3501 2389 3555 Varronem
2429 3504 2489 3569 (ι’.
2520 3519 2560 3555 e.
2592 3520 2629 3555 a
2662 3500 2703 3573 ,9²
2728 3506 2836 3565 11);
2874 3496 2933 3561 cs.

688 3573 851 3625 etiam
888 3572 1042 3641 Epit.
1082 3576 1209 3629 ins-t.
1242 3578 1293 3641 5,
1327 3580 1450 3643 leq.
1490 3575 1629 3629 Inst.
1662 3574 1757 3628 IV
1782 3580 1869 3639 15,
1896 3578 1988 3629 26.
2055 3574 2224 3627 Dion.
2263 3572 2394 3627 Hal.
2433 3573 2529 3626 IV
2553 3577 2640 3626 62.
2703 3570 2840 3625 Seru.
2874 3566 2937 3619 ad
2994 3620 3003 3627 ,

690 3645 826 3697 Aen.
862 3644 943 3697 VI
968 3648 1052 3699 36.
1092 3646 1181 3699 De
1345 3647 1533 3701 thraea
1567 3647 1701 3701 haec
1734 3647 2052 3701 addiderat:
2106 3645 2147 3698 I
2168 3648 2271 3709 ⁶39
2298 3642 2559 3709 Quintam
2588 3642 2931 3712 Erythraeam,

691 3730 858 3781 quam
887 3715 1258 3785 Apollodorus
1335 3716 1630 3787 rythraeus
1660 3717 1905 3772 affirmat
1942 3733 2099 3770 suam
2132 3715 2303 3769 fuisse
2331 3714 2507 3769 ciuem
2536 3730 2761 3783 eamque
2777 3709 2931 3767 Graiis

690 3784 855 3839 ilium
881 3787 1205 3855 petentibus
1235 3788 1606 3843 uaticinatam
1635 3793 1694 3844 et
1710 3788 2015 3859 perituram
2034 3804 2153 3841 esse
2172 3785 2392 3840 Troiam
2412 3791 2469 3840 et
2494 3785 2781 3840 Homerum
2804 3796 2928 3860 men·

693 3855 856 3911 dacia
900 3858 1253 3928 scripturum.
1293 3892 1361 3902 —
1400 3877 1637 3929 quorum
1704 3862 1983 3916 Gunmnae
2028 3858 2309 3930 librorum]
2354 3860 2549 3927 postea
2592 3870 2830 3911 numerus
2867 3853 2927 3903 sxt

693 3930 888 3981 auctus
936 3927 1215 3999 Capitolio
1261 3932 1496 3999 refect0‚
1543 3948 1656 4001 quo
1742 3948 1810 3986 ex
1854 3932 2113 3985 omnibus
2158 3928 2483 3984 ciuitatibus
2537 3932 2597 3984 et
2646 3925 2848 4005 Italicis·
2879 3924 2926 3975 et

693 3994 920 4053 Graecis
971 4003 1031 4055 et
1076 4003 1376 4073 praecipue
1430 4002 1759 4071 Erythraeis
1806 4003 1988 4059 eoacti
2034 4002 2301 4069 allatique
2338 4000 2453 4054 sint
2494 4000 2743 4063 Romam,
2776 4010 2921 4049 cuius-

695 4084 928 4139 cumque
965 4072 1216 4142 Sibyllae
1249 4074 1476 4130 nomine
1511 4074 1739 4130 fuerint.

877 4232 993 4318 17,
1033 4242 1088 4299 8.
1135 4242 1504 4321 inscripserit
1545 4246 1705 4305 Voss,

877 4320 992 4407 18,
1045 4333 1140 4391 15.
1192 4330 1254 4392 Ο.
1291 4351 1398 4393 om.
1427 4335 1568 4393 Par.
1597 4334 1686 4393 II
1714 4332 1782 4393 G.
1810 4334 1949 4393 Par.
1978 4334 2024 4391 I
2058 4334 2274 4393 Valent.
