3234 5034
506 2241 614 2322 Q

508 2332 613 2381 674

507 2439 615 2518 ἐξ

508 2529 611 2578 689

646 307 735 372 34
1450 307 1770 365 CORNELI
1806 306 2116 364 NEPOTIS

645 493 903 556 namque
959 475 1139 538 adicit
1191 475 1350 537 idem
1406 475 1605 557 Nepos
1660 477 1922 557 primum
1977 477 2117 538 totis
2171 475 2418 537 aedibus
2473 476 2698 538 nullam
2751 478 2865 536 nisi
2907 495 2936 536 e

647 593 945 637 marmore
1011 574 1345 636 columnam
1409 575 1690 637 habuisse
1753 583 1816 636 et
1875 577 2072 636 omnis
2137 574 2355 636 solidas
2419 593 2454 636 e
2517 573 2786 655 Carystio
2845 584 2938 636 aut

646 673 952 736 Luniensi.

828 767 918 833 25
932 772 995 833 *0
1046 773 1201 834 Plin.
1238 791 1298 834 n.
1335 775 1391 834 h.
1440 773 1740 834 XXXVI
1775 773 1864 833 59
1927 770 2231 851 onychem
2297 774 2360 832 in
2415 771 2669 834 Arabiae
2721 781 2942 834 tantum

645 870 949 932 montibus
1036 889 1149 932 nec
1218 889 1473 950 usquam
1547 869 1729 931 aliubi
1813 871 1978 932 nasci
2049 877 2340 950 putauere
2420 873 2612 932 nostri
2693 878 2944 950 uetereS,
2967 886 2991 928 ι

648 967 905 1030 Sudines
968 971 1029 1030 in
1088 967 1416 1030 Carmania.
1508 969 1759 1049 potoriis
1823 969 2084 1049 primum
2143 970 2309 1030 uasis
2363 968 2505 1029 inde
2561 969 2760 1049 factiS,
2815 968 2946 1029 dein

646 1065 901 1146 pedihus
956 1067 1248 1129 lectorum
1304 1066 1589 1147 sellisque
1646 1065 1845 1146 Nepos
1895 1065 2208 1128 Cornelius
2263 1065 2447 1128 tradit
2497 1085 2713 1146 magno
2769 1067 2948 1127 fnisse

646 1164 963 1244 miraculo,
1018 1184 1155 1226 cum
1214 1165 1278 1226 P.
1326 1165 1613 1226 Lentulus
1671 1164 1956 1245 Spinther
2019 1164 2334 1244 amphoras
2398 1184 2467 1225 ex
2535 1184 2606 1226 eo
2671 1164 2948 1226 Chiorum

646 1261 1055 1342 magnitudine
1094 1263 1379 1324 cadorum
1416 1262 1796 1342 ostendisset,
1833 1270 1968 1342 post
2003 1264 2481 1342 quinquennium
2511 1261 2728 1324 deinde
2756 1275 2948 1323 xxxn

644 1360 869 1441 pedum
914 1360 1303 1441 longitudinis
1348 1360 1656 1422 columnas
1701 1359 1930 1422 uidisse
1977 1379 2060 1422 se.
2975 1377 3022 1418 ιο

826 1454 994 1522 26*.
1044 1461 1240 1522 Ρήεσ.
1286 1459 1449 1520 VIII
1476 1460 1563 1520 17
1594 1479 1664 1537 p.
1702 1458 1836 1520 383
1873 1460 1948 1520 H.
2003 1457 2229 1539 Nepos:
2274 1459 2454 1520 Aedis
2501 1459 2707 1520 Martis
2755 1468 2848 1520 est
2889 1461 2950 1519 in

646 1560 809 1619 circo
854 1557 1145 1619 Flaminio
1192 1557 1577 1620 architectata
1625 1557 1699 1618 ab
1745 1557 2114 1619 Hermodoro
2162 1557 2498 1620 Salaminio.

1184 1739 1293 1797 DE
1340 1737 1538 1798 VITA
1584 1738 1665 1797 M.
1705 1737 1948 1798 TVLLI
1997 1735 2419 1798 CICERONIS

832 1874 899 1943 l.
954 1881 1100 1942 Gell.
1138 1881 1271 1941 XV
1300 1879 1403 1954 28,
1435 1881 1473 1940 1
1523 1879 1836 1941 Cornelius
1883 1878 2080 1959 Nepos
2128 1890 2188 1940 et
2225 1898 2428 1940 rerum
2465 1882 2792 1941 memoriae
2835 1899 2949 1940 non

648 1977 969 2058 indiligens
1026 1985 1087 2039 et
1132 1977 1205 2038 M.
1244 1975 1551 2038 Ciceronis
1603 1986 1675 2039 ut
1719 1979 1822 2056 qui
1877 1979 2134 2038 maxime
2189 1981 2416 2039 amicus
2471 1977 2782 2040 familiaris
2827 1979 2949 2039 fuit.

650 2083 827 2156 atque
872 2078 927 2136 is
974 2084 1171 2137 tamen
1218 2076 1283 2136 in
1328 2075 1618 2137 librorum
1664 2077 1876 2155 primo,
1923 2093 2072 2155 quos
2121 2074 2192 2136 de
2239 2076 2365 2137 uita
2405 2075 2568 2136 illius
2606 2078 2950 2156 composuit,
2975 2094 3023 2136 ιι

650 2193 885 2236 errasse
938 2173 1207 2254 uidetur,
1262 2192 1400 2234 cum
1456 2193 1593 2235 eum
1651 2175 1892 2252 scripsit
1947 2181 2070 2234 tres
2127 2181 2188 2234 et
2241 2175 2456 2252 uiginti
2513 2191 2700 2235 annos
2751 2183 2948 2236 natum

649 2274 911 2352 primum
967 2291 1206 2334 causam
1260 2271 1469 2332 iudicii
1514 2270 1738 2351 publici
1785 2272 1980 2351 egisse
2027 2271 2393 2350 Sextumque
2437 2270 2718 2333 Roscium
2765 2273 2948 2352 parri·

654 2369 795 2432 cidii
842 2388 1012 2431 reum
1061 2369 1416 2431 defendisse.

832 2463 951 2532 2²⁸.
1009 2470 1263 2530 Hieron.
1302 2477 1523 2530 contra
1570 2469 1787 2530 Ioann.
1826 2470 2125 2530 Hierosol.
2165 2487 2214 2530 c.
2257 2469 2359 2531 12.
2415 2470 2496 2532 II
2517 2489 2586 2547 p.
2624 2471 2758 2530 419
2810 2471 2948 2531 Vall.

650 2565 857 2628 Refert
912 2569 1072 2627 enim
1126 2565 1440 2628 Cornelius
1495 2565 1694 2647 Nepos
1751 2585 1815 2628 se
1873 2573 2185 2647 praesente
2240 2565 2455 2640 iisdem
2500 2586 2689 2647 paene
2734 2567 2949 2646 uerbis
2975 2585 3022 2626 ιο

650 2663 869 2745 quibus
904 2663 1064 2725 edita
1100 2673 1208 2745 est,
1253 2683 1385 2726 eam
1431 2683 1539 2744 pro
1578 2664 1872 2743 Cornelio,
1919 2663 2202 2728 seditioso
2239 2663 2500 2746 tribuno,
2548 2665 2950 2728 defensionem

650 2770 1003 2842 peroratam.

785 2943 893 3004 EX
940 2941 1353 3004 EPISTVLIS
1402 2940 1756 3003 CORNELI
1799 2939 2144 3002 NEPOTIS
2195 2943 2302 3003 AD
2353 2940 2818 3003 CICERONEM

837 3079 902 3148 l.
950 3085 1234 3146 Lac-tant.
1264 3088 1401 3145 inst.
1434 3083 1548 3144 III
1576 3085 1680 3160 15,
1712 3085 1800 3144 10
1853 3083 2050 3164 Nepos
2087 3083 2402 3146 Cornelius
2447 3084 2521 3145 ad
2565 3083 2821 3145 eundem
2859 3083 2949 3144 Ci-

654 3201 933 3244 ceronem
978 3185 1061 3244 ita
1104 3181 1349 3243 scribit:
1395 3181 1651 3244 Tantum
1699 3182 1883 3263 abest⁷
1929 3191 1997 3244 ut
2043 3202 2151 3262 ego
2197 3185 2541 3263 magistram
2580 3201 2714 3244 esse
2750 3191 2946 3262 putem

738 3353 932 3482 323⁰·
970 3355 1080 3409 Est
1102 3361 1295 3410 uotum
1320 3355 1578 3424 templum
1604 3371 1642 3409 a
1672 3356 1854 3411 Bruto
1883 3355 2127 3410 Callaico
2153 3355 2552 3428 eos.138l616;
2586 3353 2657 3422 cf.
2691 3355 2952 3410 Mac-mr

648 3445 707 3497 p.
853 3470 864 3481 .

838 3599 894 3654 1.
940 3599 1154 3672 nepost
1198 3595 1361 3654 codd.
1382 3599 1573 3668 praet.
1604 3595 1664 3653 Β
1843 3598 2072 3672 primus
2119 3596 2180 3654 Β
2317 3597 2374 3655 3.
2420 3595 2690 3654 luniense
2735 3595 2799 3654 Β

835 3677 953 3764 25,
1004 3687 1061 3744 6.
1107 3686 1336 3761 potoris
1375 3684 1434 3742 Β
1661 3686 1719 3743 8.
1765 3687 2000 3760 spinten
2049 3685 2209 3746 Βίου.
2274 3687 2502 3762 spisten
2543 3685 2704 3744 Voss.

660 3777 761 3836 10.
806 3773 1183 3852 longitudine
1226 3773 1386 3848 may.

837 3856 955 3943 26,
1008 3866 1107 3922 11.
1156 3862 1331 3923 aedes
1378 3862 1561 3922 Bern.
1792 3865 1891 3922 12.
1941 3863 2227 3922 arcitecta.
2271 3863 2485 3923 Bamb.
2523 3881 2579 3922 a.
2618 3879 2768 3923 corr.

657 3953 964 4014 ermodoro
1002 3953 1280 4028 Luydvm.
1329 3945 1603 4011 ermodro
1637 3951 1900 4026 Samyall.
2039 3973 2071 4006 *
2086 3971 2116 4007 ιιι
2137 3953 2385 4012 lomin10
2423 3953 2618 4012 Paria.
2649 3953 2697 4011 I
2725 3972 2782 4013 a.
2811 3969 2954 4012 corr.

656 4041 1038 4102 salamininio
1086 4042 1299 4101 Bamb.
1346 4040 1640 4100 solamino
1685 4040 1866 4115 Samq.

840 4124 907 4210 l,
960 4131 1058 4191 15.
1106 4149 1283 4206 quem
1329 4130 1401 4188 de
1448 4130 1587 4205 Rea.
1620 4131 1691 4187 11
1841 4129 2030 4207 ipsius
2089 4130 2249 4190 Voss,
2279 4129 2336 4189 Z
2551 4131 2650 4189 17.
2698 4131 2955 4207 primum

656 4221 799 4281 Par.
844 4222 1103 4297 primam
1146 4223 1267 4279 cett.
1305 4219 1468 4279 codd.

841 4303 908 4389 l,
958 4312 1059 4369 24.
1107 4328 1217 4387 ego
1264 4325 1372 4368 om.
1416 4308 1638 4369 Valent.
