3234 5034
655 319 794 368 CXX
1139 301 1236 355 DE
1277 301 1743 358 SCRIPTORVM
1782 303 1969 360 vrris
2008 303 2101 360 ET
2139 303 2455 359 SCRIPTIS

1191 611 1384 686 IMP.
1424 570 1868 689 Tlssnssnis
1925 614 2393 689 cLAvmvs

831 792 978 854 Cum
1038 795 1136 855 uir
1190 795 1733 873 quinquagenarius
1780 813 1983 856 rerum
2028 797 2350 875 potiretur,
2408 798 2591 857 otium
2650 815 2825 857 suum
2878 799 2938 858 in

651 891 1022 953 diuersarum
1061 892 1394 953 litterarum
1440 893 1638 954 studio
1677 901 2144 973 consumpserat.
2218 912 2355 956 nam
2394 913 2530 956 cum
2568 894 2640 956 ab
2679 895 2939 974 Augusto

647 989 1005 1070 Tiberioque
1051 990 1122 1050 ad
1172 1010 1268 1052 res
1314 989 1582 1069 publicas
1619 1010 1829 1072 parum
1866 990 2118 1054 idoneus
2156 991 2493 1072 haberetur,
2530 1001 2597 1054 ut
2634 1002 2763 1054 erat
2800 993 2939 1054 libe-

648 1087 854 1149 raliter
909 1089 1179 1150 eruditus
1232 1088 1643 1170 bonarumque
1698 1092 1915 1151 artium
1971 1092 2220 1170 cupiens
2275 1093 2451 1165 (Tac.
2492 1110 2634 1153 ann.
2688 1093 2780 1153 VI
2807 1093 2938 1170 46),

647 1194 806 1248 totus
853 1189 916 1248 in
963 1186 1082 1248 illis
1128 1189 1338 1249 uiuere
1385 1191 1581 1268 coepit
1627 1187 2176 1269 consuetudineque
2231 1191 2501 1251 uirorum
2548 1188 2937 1252 litteratorum

649 1283 804 1346 diem
843 1285 1098 1366 explere.
1164 1305 1195 1348 a
1235 1305 1348 1366 qua
1378 1286 1695 1367 AugustuS,
1741 1306 1818 1349 ne
1864 1290 2127 1349 animum
2167 1307 2367 1349 rerum
2405 1291 2691 1350 uarietate
2732 1289 2939 1350 distra-

649 1384 833 1464 heret,
873 1403 990 1445 non
1020 1386 1434 1464 conformaret,
1472 1385 1717 1448 absente
1759 1386 1924 1448 Liuia
1962 1386 2203 1448 cottidie
2242 1386 2316 1448 ad
2354 1406 2521 1448 suam
2559 1405 2767 1448 cenam
2805 1407 2937 1450 eum

645 1481 940 1544 inuitabat
996 1485 1190 1558 (Suet.
1229 1503 1280 1545 c.
1319 1485 1409 1561 4),
1467 1483 1674 1546 Liuius
1730 1492 1926 1546 autem
1982 1493 2050 1546 ut
2100 1485 2409 1547 historiam
2466 1485 2759 1548 scriberet
2806 1487 2938 1547 hor·

645 1588 805 1642 tatus
861 1589 954 1642 est
1019 1584 1210 1656 (Suet.
1251 1601 1302 1644 c.
1343 1584 1485 1658 41),
1562 1602 1595 1644 a
1652 1585 1825 1662 nugis
1880 1583 2049 1644 illum
2115 1577 2281 1667 (nam
2338 1587 2513 1646 etiam
2571 1593 2761 1646 artem
2817 1585 2939 1646 alea

646 1679 890 1741 ludendi
947 1681 1215 1761 scripsit,
1264 1683 1426 1742 Suet.
1475 1674 1591 1765 33)
1660 1683 1790 1742 eius
1856 1683 2175 1743 seueritate
2232 1691 2573 1744 reuocatum
2640 1685 2936 1765 animique

647 1781 775 1839 eius
820 1779 1144 1858 ingenitam
1192 1779 1558 1840 nobilitatem
1605 1782 1728 1854 (sic
1765 1782 2077 1856 Λυρκείας
2116 1782 2277 1843 Suet.
2317 1783 2389 1856 4)
2428 1783 2767 1864 restitutum
2807 1801 2937 1844 eru-

647 1875 953 1956 ditumque
997 1879 1075 1938 iri
1123 1876 1458 1939 arbitratus.
1532 1878 1642 1939 sed
1686 1878 1831 1939 baec
1878 1897 2015 1959 spes
2062 1898 2164 1940 eos
2212 1878 2435 1941 fefellit.
2491 1899 2628 1942 nam
2676 1879 2940 1942 doctrina

646 1977 776 2038 eius
821 1983 1086 2037 mentem
1132 1977 1301 2056 quasi
1347 1975 1546 2038 obruit
1591 1984 1769 2056 atque
1814 1978 2133 2058 imminuit,
2189 1987 2271 2058 ut,
2328 1997 2464 2040 cum
2510 1987 2673 2040 certo
2721 1979 2937 2041 iudicio

646 2081 905 2154 careret,
961 2082 1020 2135 et
1076 2093 1172 2135 res
1227 2093 1489 2136 summas
1547 2077 1823 2136 minimas
1877 2077 2007 2155 pari
2066 2075 2365 2155 diligentia
2422 2083 2705 2139 tractaret
2760 2086 2819 2139 et
2863 2097 2937 2139 ne

643 2174 968 2252 imperator
1031 2171 1272 2252 quidem
1335 2175 1551 2253 factus,
1611 2193 1726 2253 qua
1774 2182 1903 2236 erat
1946 2176 2273 2254 pertinacia
2328 2174 2670 2237 liberalibus
2726 2176 2938 2238 studiis

647 2271 880 2333 deditus
920 2274 1113 2346 (Suet.
1153 2291 1203 2334 c.
1244 2274 1378 2351 40),
1425 2292 1456 2332 a
1505 2272 1821 2333 scribendo
1868 2273 2201 2335 desisteret.
2281 2273 2423 2334 hinc
2468 2293 2602 2336 eum
2650 2283 2719 2336 ut
2755 2275 2937 2337 homi-

645 2389 780 2431 nem
827 2371 1096 2450 ineptum
1147 2370 1510 2451 stultumque
1559 2373 1737 2432 etiam
1784 2373 2103 2452 propinqui
2147 2373 2425 2434 insectati
2470 2379 2625 2434 sunt.

821 2477 1214 2539 Historiarum
1263 2485 1458 2539 autem
1507 2477 1795 2540 librorum
1840 2479 2001 2540 hunc
2048 2479 2305 2540 indicem
2353 2482 2684 2559 composuit
2732 2481 2937 2542 Sueto·

643 2577 780 2636 nius
846 2594 894 2636 c.
949 2572 1063 2655 41,
1127 2579 1189 2637 in
1255 2577 1343 2637 eis
1403 2576 1829 2656 componendis
1886 2577 2132 2658 Sulpicii
2188 2577 2354 2639 Flaui
2420 2577 2727 2640 cuiusdam
2804 2599 2937 2641 eum

643 2693 818 2735 usum
867 2694 997 2736 esse
1045 2672 1306 2735 adiciens
1354 2676 1460 2753 (cf.
1502 2694 1552 2736 c.
1592 2677 1694 2750 4);

826 2784 897 2842 In
934 2787 1301 2860 principatu
1349 2801 1588 2859 quoque
1635 2791 1694 2844 et
1737 2787 1987 2861 scripsit
2019 2787 2355 2862 plurimum
2403 2794 2462 2846 et
2498 2787 2747 2847 assidue
2786 2790 2940 2848 reci-

645 2885 803 2943 tauit
833 2901 957 2960 per
999 2885 1301 2943 lectorem.

823 2991 914 3064 (I)
963 2991 1215 3051 Initium
1263 2998 1464 3051 autem
1519 2993 1773 3068 sumpsit
1826 2992 2125 3052 historiae
2156 2997 2303 3068 post
2350 2993 2599 3053 caedem
2655 2993 2942 3055 Caesaris

645 3089 988 3165 dictatoris,

823 3195 950 3270 (II)
997 3197 1110 3256 sed
1151 3203 1208 3255 et
1247 3199 1496 3258 transiit
1541 3198 1629 3256 ad
1671 3196 1977 3273 inferiora
2025 3203 2298 3273 tempora
2346 3201 2663 3275 coepitque
2709 3217 2750 3259 a
2774 3218 2940 3276 pace

645 3297 835 3368 ciuili,
883 3311 1019 3354 cum
1063 3297 1318 3354 sentiret
1364 3313 1557 3369 neque
1603 3297 1796 3356 libere
1830 3313 2027 3370 neque
2066 3313 2213 3356 uere
2248 3297 2369 3356 sibi
2405 3298 2481 3357 de
2515 3297 2941 3374 superioribus

644 3393 936 3453 tradendi
981 3399 1346 3469 potestatem
1409 3395 1705 3469 relictam,
1772 3401 2093 3470 correptus
2154 3411 2337 3470 saepe
2402 3403 2461 3455 et
2484 3474 2491 3478 Ω
2516 3413 2554 3455 α
2616 3405 2820 3457 matre
2884 3403 2940 3456 et

644 3493 721 3552 ab
769 3494 936 3552 auia.

823 3599 1065 3659 Prioris
1099 3602 1398 3659 materiae
1437 3601 1555 3660 duo
1595 3602 1925 3675 uolumina,
1949 3603 2318 3677 posterioris
2354 3617 2541 3660 unum
2578 3609 2638 3662 et
2665 3605 2937 3686 quadra-

640 3699 820 3772 qinta
865 3699 1130 3772 reliquit.

823 3803 986 3877 (III)
1043 3805 1386 3881 Composuit
1430 3813 1488 3865 et
1525 3807 1601 3865 de
1639 3809 1773 3866 uita
1808 3823 1923 3866 sua
1960 3813 2096 3866 octo
2136 3808 2464 3881 uolumina,
2500 3811 2698 3882 mayis
2734 3811 2937 3885 inepte

643 3919 824 3978 quam
872 3905 1272 3977 ineleqanter.
1319 3936 1404 3945 —-
1453 3937 1534 3944 —

824 4009 1009 4082 (IIII.
1073 4011 1145 4084 V)
1203 4011 1284 4083 (c.
1333 4010 1446 4083 42)
1513 4010 1792 4086 Denique
1855 4017 1913 4071 et
1984 4013 2258 4072 Graecas
2316 4015 2567 4088 scripsit
2627 4013 2937 4088 historias,

651 4107 1069 4183 Tyrrhenicon
1109 4112 1349 4184 uiqinti,
1397 4109 1936 4170 Carchedoniacon
1986 4119 2137 4171 octo.
2212 4127 2471 4186 quarum
2510 4128 2703 4170 causa
2744 4115 2941 4172 ueteri

645 4208 1072 4266 Alexandriae
1129 4207 1329 4267 Musio
1383 4203 1730 4286 (alterum)
1785 4209 2061 4268 additum
2122 4227 2201 4269 ecc
2266 4212 2456 4284 ipsius
2511 4211 2780 4284 nomine,
2846 4213 2935 4272 in·

641 4309 1062 4382 stitutumque,
1111 4313 1176 4364 ut
1223 4310 1551 4380 quotannis
1597 4310 1661 4366 in
1709 4310 1904 4367 altero
1952 4307 2369 4382 Tyrrhenicon.
2410 4308 2582 4383 libri,
2628 4311 2693 4368 in
2742 4312 2936 4370 altero
