3234 5034
887 263 1317 319 IMPERATOR
1354 265 1637 320 CAESAR
1673 263 2052 320 AVGVSTVS
2443 284 2614 330 LXXI

308 430 448 492 illud
496 434 941 493 mercennariis
986 451 1094 512 per
1138 431 1543 494 Macedoniam
1590 441 1651 494 et
1685 433 1996 494 Thraciam
2045 432 2392 512 colligendis
2437 451 2613 493 occu·

308 539 479 608 patus
535 539 703 590 esset
758 538 936 610 atque
989 533 1168 593 etiam
1224 531 1470 592 ultionis
1525 531 1870 593 Artauardis
1925 550 1974 591 a.
2013 526 2272 612 34s720
2327 532 2614 610 repetitae

308 630 679 689 mentionem
729 629 1058 703 secissetat.
1095 648 1141 690 s,
1168 648 1237 706 p.
1276 634 1491 703 anu).
1553 647 1666 690 nec
1713 629 1869 708 talia,
1915 648 2066 709 quae
2113 630 2372 708 scripsit⁷
2420 629 2612 708 Augu-

308 733 463 787 stum
511 745 697 806 aegre
746 726 954 788 tulisse
1000 730 1353 806 putauerim.
1430 728 1547 789 fato
1604 729 1766 789 enim
1811 727 2129 788 Antonium
2177 726 2427 788 consilio
2473 746 2613 806 pru-

308 825 633 904 dentiaque
690 834 992 887 carentem
1048 827 1111 887 in
1166 827 1413 888 exitium
1467 825 1704 905 pulsum
1761 844 1894 886 esse
1951 824 2356 886 demonstrant
2421 843 2615 905 neque

308 922 638 1002 quidquam
674 925 905 984 iuuisse
942 925 1067 984 uim
1106 923 1341 984 consilii
1388 933 1710 1004 expertem.
1787 932 1949 984 certe
1995 941 2105 1002 per
2150 925 2344 1003 ipsum
2391 922 2615 984 bellum

306 1022 403 1082 ille
450 1040 555 1082 res
602 1039 753 1082 uere
800 1029 997 1101 gestas
1041 1020 1339 1084 Romanos
1385 1021 1684 1084 celauerat
1729 1029 1906 1102 atque
1954 1021 2152 1082 clades
2196 1015 2306 1100 pro
2345 1023 2616 1082 uictoriis

306 1118 669 1180 uendiderat
707 1121 857 1192 (Dio
892 1120 995 1198 49,
1034 1120 1139 1196 32,
1170 1121 1207 1180 1
1228 1124 1365 1198 sq),
1411 1140 1445 1180 a
1492 1120 1711 1200 quibus
1756 1120 2083 1181 mendaciis
2119 1118 2472 1180 Plutarchus
2515 1118 2615 1180 uel

307 1217 531 1280 Dellius
580 1217 763 1296 longe
810 1217 1110 1280 recedunt.
1128 1213 1179 1303 ¹)

1227 1431 1354 1438 ——-
1425 1431 1707 1439 ———-—

579 1566 589 1574 ’
648 1591 1297 1666 mPERAToRIS
1354 1592 1812 1666 CAESARIS
1869 1590 2288 1666 AvcvsTI

1154 1755 1261 1813 DE
1310 1755 1506 1814 vrrA
1555 1748 1780 1838 svm)

486 1915 797 1992 Augustus
850 1932 973 1975 non
1028 1913 1219 1975 solum
1274 1917 1465 1994 ipsam
1522 1934 1649 1976 rem
1700 1914 1998 1995 publicam
2048 1913 2242 1975 denuo
2289 1915 2617 1990 constituit,

310 2012 413 2073 sed
461 2015 652 2073 etiam
704 2022 775 2073 ut
818 2013 1099 2074 historiae
1148 2015 1335 2092 ipsius
1386 2015 1628 2075 omnino
1675 2011 1977 2074 studiosus
2025 2020 2152 2074 erat
2198 2013 2306 2089 (cf.
2347 2013 2480 2072 Lite.
2523 2012 2563 2072 I
2573 2011 2627 2070 1

309 2112 479 2186 20,‘·
441 2133 495 2170 ι.
540 2113 753 2172 Gesch.
774 2111 916 2172 Litt.
941 2112 981 2172 I
994 2130 1063 2189 p.
1084 2111 1169 2171 81
1191 2114 1365 2190 sqq),
1395 2114 1526 2172 eius
1554 2113 1754 2190 operis
1783 2113 2104 2172 memoriae
2133 2110 2451 2186 diligenter
2479 2129 2617 2170 con-

311 2209 515 2271 suluit.
594 2211 794 2289 itaque
850 2211 904 2269 si
958 2227 1106 2289 quas
1162 2227 1261 2270 res
1325 2213 1562 2288 egregie
1627 2217 1922 2288 gesserat,
1987 2228 2087 2270 eas
2151 2209 2357 2288 quales
2421 2207 2615 2268 uideri

310 2307 514 2387 uellet,
565 2307 735 2368 libris
780 2306 1115 2386 libellisque
1164 2310 1226 2367 in
1273 2306 1575 2388 publicum
1624 2307 1886 2368 edendas
1932 2325 2142 2368 curare
2189 2306 2443 2384 solebat,
2491 2315 2618 2367 tum

308 2423 457 2467 uero
506 2423 649 2466 cum
698 2405 877 2467 finem
921 2407 1081 2466 uitae
1128 2408 1602 2485 appropinquare
1651 2408 1927 2482 sentiret,
1976 2412 2038 2466 et
2089 2411 2510 2466 testamentum
2557 2413 2620 2464 et

310 2503 578 2566 indicem
628 2521 827 2564 rerum
876 2523 907 2564 a
956 2522 1021 2564 se
1068 2512 1389 2582 gestarum,
1436 2523 1615 2582 quem
1661 2502 1844 2564 uellet
1888 2503 2072 2563 incidi
2112 2505 2174 2563 in
2211 2505 2412 2563 aeneis
2451 2502 2618 2564 tabu·

313 2601 387 2662 lis
433 2609 577 2662 ante
616 2601 981 2662 Mausoleum
1028 2619 1219 2681 suum,
1266 2609 1329 2662 et
1372 2601 1739 2664 breuiarium
1787 2604 1969 2662 totius
2016 2603 2254 2681 imperii
2295 2620 2398 2661 sua
2439 2620 2619 2662 manu

312 2701 675 2778 perscripsit
721 2701 915 2772 (Suet.
955 2702 1111 2776 Any.
1154 2700 1298 2760 101.
1362 2701 1501 2761 Tac.
1540 2719 1684 2760 ann.
1720 2702 1762 2761 J
1792 2701 1926 2778 11),
1973 2718 2123 2778 quae
2178 2707 2313 2778 post
2365 2708 2618 2760 mortem

314 2797 785 2877 publicarentur.
860 2797 1041 2858 simili
1090 2806 1285 2859 tamen
1333 2793 1899 2860 sollicitudine'iam
1945 2816 2018 2858 ex
2065 2796 2414 2858 Cantabrico
2461 2796 2617 2858 bello

314 2894 567 2956 Romam
608 2913 887 2956 reuersus
934 2914 1069 2956 cum
1116 2903 1365 2956 uexatus
1412 2906 1588 2974 esset,
1637 2915 1686 2956 a.
1727 2892 1978 2977 23s731
2023 2903 2262 2976 praeter
2298 2903 2617 2956 testamen·

316 3002 443 3054 tum
482 2992 752 3055 libellum
788 2997 1137 3074 composuit,
1176 3013 1293 3074 quo
1329 2991 1402 3055 αἴ
1432 3014 1502 3056 τε
1548 2992 1866 3072 δυνάμεις
1909 2991 2018 3055 καὶ
2065 2992 2142 3057 αἱ.
2179 2991 2503 3072 πρόσοδοι
2549 2991 2618 3056 αἱ

316 3093 548 3154 κοιναί
567 3091 1025 3153 continebantur
1039 3094 1185 3165 (Dio
1206 3093 1309 3168 53,
1320 3094 1455 3171 30),
1475 3112 1653 3171 quem
1674 3092 1777 3153 Cn.
1791 3091 2108 3172 Calpurnio
2129 3092 2330 3153 Pisoni
2359 3091 2618 3170 collegae

317 3191 379 3250 in
418 3189 731 3251 consulatu
768 3189 1028 3270 tradidit,
1067 3189 1393 3269 eodemque
1438 3199 1703 3270 tempore
1749 3193 1928 3252 etiam
1973 3189 2158 3250 libros
2207 3190 2278 3251 de
2322 3192 2448 3251 uita
2493 3208 2618 3268 sua,

320 3291 422 3368 qui
478 3287 723 3366 quidem
778 3287 1030 3349 eundem
1086 3287 1283 3349 locum
1338 3297 1462 3349 tum
1519 3287 1892 3366 obtinebant,
1948 3306 2124 3367 quem
2185 3291 2428 3366 triginta
2492 3289 2618 3349 fere

320 3405 425 3447 sex
454 3389 631 3446 annis
658 3395 793 3465 post
829 3386 1005 3447 index
1046 3405 1246 3448 rerum
1285 3389 1347 3447 in
1386 3404 1523 3447 aere
1561 3389 1804 3448 incisuS.
1861 3405 2056 3466 neque
2094 3389 2254 3447 enim
2293 3386 2402 3447 alia
2441 3405 2618 3448 causa

322 3503 455 3544 esse
502 3483 761 3563 uidetur,
800 3503 910 3544 cur
945 3492 1071 3545 tum
1110 3487 1171 3544 in
1210 3484 1525 3546 scribendo
1564 3484 1916 3564 substiterit,
1963 3485 2084 3545 nisi
2119 3503 2252 3545 cum
2295 3484 2620 3544 delicerent

321 3583 487 3662 ipsae
536 3600 650 3660 reS,
698 3585 877 3642 etiam
924 3591 1051 3643 tum
1097 3585 1158 3642 in
1206 3582 1487 3662 Hispania
1534 3583 1689 3644 haud
1745 3586 1826 3644 ita
1881 3582 2189 3662 gloriosae.
2263 3583 2376 3642 hoc
2423 3589 2618 3643 autem

324 3679 593 3742 Suetonii
640 3682 979 3741 testimonio
1017 3682 1097 3755 (c.
1138 3680 1253 3754 85)
1302 3688 1531 3742 constat
1578 3701 1713 3743 eum
1762 3679 1980 3760 ‘aliqua
2028 3680 2099 3741 de
2145 3681 2267 3742 uita
2317 3699 2425 3741 sua
2471 3679 2620 3740 Can-

504 3871 556 3938 1)
593 3868 785 3938 Vsque
830 3869 904 3924 ad
949 3886 1201 3940 pugnam
1238 3870 1530 3926 Actiacam
1566 3870 1814 3925 Dellium
1860 3871 1919 3924 in
1961 3869 2258 3925 scribendo
2295 3868 2620 3940 peruenisse

324 3948 658 4004 Buercklein
694 3949 731 4005 l.
762 3967 805 4007 s.
835 3951 1153 4020 suspicatus
1200 3954 1310 4017 est,
1352 3950 1473 4004 sine
1518 3951 1638 4005 ulla
1685 3968 1872 4018 causa,
1911 3950 2019 4005 etsi
2059 3949 2350 4004 Fabricius
2386 3969 2441 4021 p.
2474 3956 2505 4004 9
2535 3968 2616 4019 sq.

326 4029 735 4182 adflenxssviiff.
760 4113 825 4165 A.
866 4110 1156 4166 Weichert
1199 4113 1342 4182 Imp.
1384 4112 1533 4168 Gaea.
1572 4115 1716 4183 Any.
1755 4115 2082 4183 scriptorum
2126 4113 2392 4181 reliquiae
2442 4109 2563 4165 Vol.
2594 4110 2622 4164 1

326 4207 383 4259 p.
414 4196 708 4245 194—232.
764 4191 811 4246 J.
844 4192 1011 4261 Plew,
1062 4193 1593 4262 Qnoellenunterauch.
1631 4211 1734 4248 zur
1773 4193 1958 4248 Gesch.
1996 4193 2050 4247 d.
2081 4193 2314 4248 Kaiaers
2349 4191 2622 4248 Hadrian

326 4289 382 4341 p.
415 4277 513 4326 100
532 4290 653 4340 sqq.
702 4271 1016 4328 Geachichtl.
1044 4273 1183 4328 Litt.
1214 4273 1267 4327 d.
1300 4273 1551 4328 Kaiaerz.
1580 4273 1607 4325 Ι
1642 4292 1696 4344 p.
1727 4279 1834 4328 455
1853 4291 1974 4343 sqq.
