3234 5034
635 291 760 356 122
1509 291 1724 348 MARII
1762 291 2035 348 ΜΑΧΙΜΙ

630 477 826 520 rorem
874 458 1111 521 Traiani
1158 479 1344 522 uxore
1391 468 1651 541 accepta,
1700 461 1936 522 fauente
1984 459 2241 540 Plotina,
2288 458 2540 522 Traiano
2588 458 2821 538 leuiter,
2868 469 2933 520 ut

630 556 850 618 Marius
898 556 1186 620 Maximus
1234 557 1394 638 dicit,
1440 557 1697 621 uolente.

490 653 591 702 122
808 650 927 719 4⁸¹².
977 657 1179 734 Spart.
1228 659 1425 719 Hadr.
1475 657 1577 737 12,
1614 658 1660 719 3
1720 657 1863 720 Post
1924 657 2071 718 haec
2138 655 2551 736 [Hadrianus]
2618 656 2937 736 Hispanias

487 741 595 864 8117Θῖ
633 756 782 835 petit
827 761 889 815 et
924 753 1259 817 Tarracone
1306 757 1608 836 hiemauit,
1655 754 1758 817 ubi
1798 762 2037 836 sumptu
2074 773 2184 816 suo
2224 754 2431 818 aedem
2470 757 2720 836 Augusti
2762 757 2935 816 resti·

488 885 591 935 123
630 855 760 915 tuit.
835 853 1111 915 omnibus
1157 853 1436 935 Hispanis
1483 853 1880 916 Tarraconem
1936 857 1999 916 in
2054 862 2417 917 conuentum
2472 855 2702 915 uocatis
2752 853 2933 916 dilec-
2994 874 3019 912 s
3064 845 3075 854 ”

486 957 594 1025 ενι-ἆ
631 959 875 1032 tumque
940 951 1282 1014 ioculariter
1337 946 1486 1036 ([ut]
1526 952 1713 1015 uerba
1777 955 1905 1034 ipsa
1958 955 2129 1033 ponit
2182 952 2405 1015 Marius
2460 945 2905 1035 Maximus)re

631 1049 1019 1113 tractantibus
1075 1050 1312 1132 italiciS,
1376 1051 1905 1114 uehementissime
1971 1051 2188 1114 ceteris
2253 1050 2581 1130 prudenter
2639 1059 2699 1112 et
2760 1058 2935 1112 caute

630 1149 941 1211 consuluit.

492 1243 592 1294 138
809 1243 928 1310 5³¹³.
976 1249 1179 1325 Spart.
1218 1250 1412 1310 Hadr.
1451 1249 1556 1325 25,
1593 1250 1638 1310 3
1684 1248 1857 1312 Venit
1902 1256 1965 1310 et
2010 1248 2083 1311 de
2118 1249 2421 1310 Pannonia
2467 1247 2706 1329 quidam
2754 1255 2935 1310 uetus

487 1333 588 1384 ⁸⁹¹
631 1364 842 1408 caecus
889 1345 962 1406 ad
1009 1345 1362 1408 febrientem
1409 1346 1774 1409 Hadrianum
1820 1366 2074 1428 eumque
2122 1349 2428 1426 contingit.
2502 1365 2619 1426 quo
2666 1346 2822 1407 sacto
2873 1354 2937 1408 et
2968 1365 3023 1404 ιο

627 1446 756 1524 ipse
803 1444 1006 1506 oculos
1054 1448 1296 1524 recepit,
1336 1453 1395 1507 et
1431 1443 1796 1507 Hadrianum
1834 1445 2018 1508 febris
2056 1445 2317 1526 reliquit.
2395 1446 2668 1524 quamuis
2705 1443 2935 1505 Marius

627 1542 915 1628 Maximus
960 1543 1108 1605 haec
1153 1563 1262 1623 per
1307 1544 1746 1606 simulationem
1792 1545 1945 1606 facta
1990 1551 2408 1606 conmemoret.

807 1637 927 1704 6⁸¹³.
977 1643 1182 1720 Spart.
1212 1643 1408 1704 Hadr.
1438 1643 1542 1721 20,
1572 1643 1616 1702 3
1662 1641 1883 1704 Marius
1920 1642 2211 1704 Maximus
2259 1640 2405 1703 dicit
2449 1659 2587 1702 eum
2626 1639 2937 1719 [Hadria-

627 1739 796 1818 num]
844 1749 1054 1802 natura
1112 1739 1412 1802 crudelem
1471 1741 1657 1802 fuisse
1714 1749 1775 1802 et
1824 1740 2051 1803 idcirco
2096 1739 2281 1802 multa
2335 1741 2433 1819 pie
2481 1739 2721 1816 fecisse,
2768 1737 2937 1818 quod

628 1840 884 1918 timeret,
930 1856 1004 1900 ne
1051 1837 1167 1900 sibi
1215 1838 1392 1920 idem,
1438 1838 1596 1920 quod
1642 1838 1973 1901 Domitiano
2021 1837 2255 1918 accidit,
2302 1839 2589 1900 eueniret.
2972 1857 3025 1897 ιε»

809 1931 847 1997 7
862 1936 925 2000 *.
973 1937 1176 2015 Spart.
1215 1937 1344 1999 Hel.
1386 1938 1446 2014 3,
1477 1938 1519 1997 9
1583 1937 1792 1999 Fuisse
1851 1939 2012 1998 enim
2068 1937 2431 1998 Hadrianum
2486 1938 2747 2016 peritum
2802 1954 2937 1997 ma-

629 2035 864 2098 theseos
927 2034 1148 2096 Marius
1203 2035 1492 2098 Maximus
1547 2053 1740 2116 usque
1795 2034 1941 2097 adeo
1997 2035 2391 2114 demonstrat,
2449 2041 2517 2096 ut
2578 2053 2713 2095 eum
2770 2033 2942 2095 dicat

627 2140 839 2195 cuncta
896 2132 969 2194 de
1023 2151 1090 2194 se
1149 2135 1362 2212 scisse,
1428 2135 1516 2196 sic
1579 2141 1647 2194 ut
1710 2135 1975 2195 omnium
2041 2133 2273 2195 dierum
2336 2149 2528 2212 usque
2590 2130 2664 2192 ad
2716 2131 2939 2193 horam

625 2231 838 2292 mortis
883 2231 1114 2293 futuros
1161 2239 1330 2294 actus
1377 2238 1512 2292 ante
1560 2233 1999 2312 perscripserit.

627 2456 805 2512 sulem
857 2456 1072 2512 factum
1124 2459 1306 2512 totam
1361 2456 1874 2543 praesumptionem
1932 2455 2255 2529 adoptionis
2316 2455 2618 2512 emeruisse
2665 2461 2739 2524 (a.
2788 2461 2935 2524 118)

626 2533 679 2598 4,
706 2533 742 2583 4
777 2528 1030 2597 tradidct,
1067 2546 1188 2585 eum
1224 2530 1448 2586 omnino
1482 2529 1807 2611 adoptatum
1843 2545 1951 2585 csse
1987 2530 2103 2585 Dio
2140 2533 2311 2597 69,1‚
2340 2533 2371 2583 1
2408 2527 2489 2596 (ἐξ
2528 2527 2791 2597 ἐρωτικῆς
2824 2547 2937 2597 φι-

625 2569 786 2670 uae),
815 2601 1127 2671 Eutropius
1163 2605 1221 2667 8,
1249 2606 1286 2657 6
1322 2601 1464 2670 (sine
1501 2599 1699 2683 aliqua
1735 2600 2033 2656 uoluntate
2068 2599 2299 2655 Traiani
2336 2600 2435 2655 sed
2474 2616 2702 2671 operam
2750 2599 2937 2654 dante

628 2671 856 2726 Plotina
887 2703 954 2714 —
1027 2688 1161 2726 nam
1215 2687 1342 2727 eum
1396 2667 1673 2726 Traianus
1728 2688 2071 2741 quamquam
2126 2671 2497 2727 consobrinae
2554 2687 2688 2726 suae
2742 2669 2937 2725 filium

628 2743 888 2798 noluerat
913 2715 1224 2828 adoptare),
1261 2745 1402 2799 Aur.
1443 2743 1580 2800 Viet.
1619 2744 1769 2800 Caes.
1800 2747 1990 2811 13,12
2026 2745 2193 2813 (quae
2229 2741 2339 2797 uiri
2375 2744 2717 2797 testamento
2760 2741 2935 2797 here-

627 2815 756 2872 dem
790 2814 953 2886 regni
985 2814 1310 2870 institutum
1345 2815 1678 2886 simularat).

805 2896 867 2952 5.
942 2895 1026 2963 Of.
1055 2896 1174 2952 Dto
1210 2901 1301 2963 69,
1325 2899 1421 2964 22,
1457 2901 1489 2950 1
1539 2893 1825 2964 Ἀδριανὸς
1872 2894 1936 2950 δὲ
1983 2915 2060 2964 μα
2097 2891 2350 2985 γανείαις
2384 2891 2487 2963 μέν
2522 2911 2631 2948 τισι
2666 2894 2765 2949 καὶ
2790 2913 2935 2964 γοη-

627 2963 802 3030 τείαις
837 2965 1095 3023 ἐκενοῦτό
1133 2985 1268 3022 ποτε
1303 2974 1404 3022 τοῦ
1451 2967 1643 3037 ὑγροῦ,
1689 2967 1861 3022 πάλιν
1907 2963 1964 3020 δ’
2008 2915 2183 3021 agro&
2220 2964 2318 3020 διὰ
2352 2961 2550 3036 παχέος
2595 2963 2933 3034 ἐπίμπλατο.

806 3046 859 3102 6.
901 3048 986 3116 Of.
1015 3065 1057 3104 c.
1086 3052 1179 3115 23,
1209 3052 1244 3102 7
1279 3047 1354 3102 Ει
1381 3063 1602 3102 omnem
1631 3047 1860 3116 quidem
1889 3045 2007 3102 uim
2036 3045 2388 3102 crudelitatis
2424 3045 2715 3116 ingenitae
2744 3062 2935 3115 usque

628 3135 694 3174 eo
740 3119 1031 3202 repressit,
1080 3119 1256 3173 donec
1302 3117 1362 3172 in
1409 3118 1552 3174 uilla
1596 3117 1895 3172 Tiburtina
1939 3117 2216 3188 profluuio
2272 3117 2563 3200 sanguinis
2617 3133 2799 3187 paene
2844 3120 2937 3172 ad

627 3190 838 3245 exitum
875 3189 1048 3245 uenit.
1114 3194 1248 3244 tunc
1285 3189 1462 3244 libere
1501 3189 1835 3272 Seruianum
1870 3189 2034 3258 quasi
2070 3189 2456 3244 affectatorem
2491 3188 2729 3259 imperii,
2768 3191 2935 3258 quod

629 3261 805 3316 seruis
843 3261 1013 3332 regiis
1051 3279 1245 3316 cenam
1293 3260 1564 3328 misisset
1609 3261 1762 3331 quod
1799 3261 1859 3315 in
1898 3260 2064 3317 sedili
2100 3258 2257 3332 regio
2295 3259 2453 3314 iuxta
2490 3259 2697 3314 lectum
2732 3260 2933 3330 posito

629 3333 882 3404 sedisset,
923 3333 1073 3402 quod
1102 3335 1318 3388 erectus
1349 3334 1420 3387 ad
1451 3333 1724 3388 stationes
1762 3332 2005 3388 militum
2044 3349 2212 3388 senex
2251 3330 2671 3414 nonagenarius
2702 3347 2935 3414 proces-

629 3405 814 3474 sisset,
849 3404 990 3460 mori
1027 3403 1230 3488 coegit,
1267 3404 1460 3460 multis
1498 3404 1628 3460 aliis
1664 3404 1977 3462 interfectis
2025 3403 2117 3458 uel
2156 3422 2191 3459 a
2263 3407 2350 3458 rte
2385 3401 2479 3458 uel
2516 3420 2618 3474 per
2654 3401 2933 3473 insidias,

628 3477 1086 3559 quandoquidem
1122 3475 1295 3532 etiam
1333 3476 1548 3532 Sabina
1581 3493 1723 3532 uxor
1758 3493 1871 3532 non
1906 3476 2027 3531 sine
2062 3475 2261 3531 fabua
2226 3474 2501 3530 aueneni
2516 3421 2659 3529 dati
2697 3475 2770 3528 ab
2807 3447 2935 3530 Ha.-

629 3547 830 3674 driafiiio
879 3548 1146 3604 defuncta
1195 3549 1296 3603 est.
1363 3549 1504 3604 Aur.
1547 3548 1683 3604 Vict.
1720 3550 1846 3620 epit.
1889 3546 1975 3614 14,
2004 3553 2040 3602 6
2084 3547 2359 3618 impetum
2412 3545 2620 3602 mentis
2674 3546 2935 3614 quodam

631 3620 742 3676 arti
782 3636 869 3675 cio
905 3637 1124 3691 regens.

809 3701 866 3755 7.
907 3699 990 3768 Of.
1022 3701 1204 3756 Hadr.
1237 3704 1327 3767 16,
1354 3705 1388 3754 7
1433 3699 1715 3754 Mathesin
1764 3698 1845 3754 sic
1891 3673 2033 3754 scire
2078 3697 2186 3752 sibi
2224 3698 2379 3753 uisus
2418 3700 2521 3764 est,
2560 3700 2625 3752 ut
2659 3713 2783 3752 sero
2822 3696 2931 3753 ka·

628 3770 810 3826 lendis
847 3771 1124 3826 Ianuariis
1161 3771 1462 3842 scripserit,
1501 3770 1640 3840 quid
1678 3770 1729 3826 ei
1768 3773 1891 3826 toto
1930 3787 2077 3824 anno
2114 3773 2308 3840 posset
2344 3770 2593 3838 euenire,
2631 3769 2718 3824 ita
2754 3771 2821 3824 ut
2855 3786 2932 3826 eo

631 3858 796 3909 anno,
841 3860 953 3914 quo
997 3841 1163 3914 perit,
1209 3859 1384 3910 usque
1433 3843 1504 3896 ad
1550 3842 1711 3897 illam
1756 3842 1979 3910 horam,
2028 3857 2141 3911 qua
2178 3845 2267 3898 est
2300 3844 2579 3910 mortuus,
2616 3839 2931 3911 scripserit,

629 3913 766 3983 quid
805 3917 1030 3969 acturus
1067 3916 1230 3970 esset.

644 4037 835 4044 *-.-
890 4037 1108 4043 ——-..-.-.

807 4111 878 4199 4,
929 4120 986 4180 5.
1033 4112 1456 4199 Tarraconem]
1489 4139 1584 4179 em
1628 4120 1695 4177 in
1729 4136 1849 4178 ras.
1887 4118 1947 4178 P
2120 4119 2177 4178 6.
2222 4121 2294 4178 ut
2326 4120 2497 4178 uncis
2528 4118 2745 4178 inolesti

634 4210 688 4266 7.
737 4210 798 4267 et
809 4209 986 4376 διξάς..
1017 4227 1236 4377 ςιιιιιιιε]
1273 4301 1450 4357 natus
1498 4298 1582 4358 ed.
1610 4315 1709 4372 pr.
1896 4299 1995 4358 10.
2042 4299 2298 4375 contigit
2332 4296 2419 4357 ed.
2446 4309 2565 4371 pn
