3234 5034
1273 316 1367 371 DE
1405 317 1580 373 VITA
1617 317 1757 373 SVA
2568 320 2653 385 61
2712 396 2739 411 e

357 479 462 547 σοὶ
521 482 680 546 τάδε
735 481 950 565 λέγων
1005 480 1280 549 ἐκείνων
1335 482 1720 549 ἀκουόντων
1774 478 1945 566 ὑπὲρ
1992 479 2283 566 ἐμαυτοῦ
2329 485 2657 569 τεχνάζων

353 584 571 644 εἰπεῖν
587 578 618 645 ’.

531 684 696 757 (45.)
773 683 1058 744 Τοιαῦτα
1116 676 1188 744 δὲ
1245 680 1548 757 εἰπόντος
1600 688 1723 744 τοῦ
1772 682 2066 745 Λευκίου
2122 677 2234 745 καὶ
2281 682 2655 764 σιωπήσαν-

351 800 465 853 τος
513 774 549 841 ὁ
603 779 865 862 Καῖσαρ
912 775 1156 855 ἔλεξεν·
1216 775 1624 843 μἈσπονδον
1667 776 1793 861 μέν
1842 795 1915 844 σε
1960 780 2272 843 κατιόντα
2322 779 2490 862 πρὸς
2544 774 2655 863 ἐμὲ

296 894 324 935 ι
352 872 550 958 ὁρῶν,
601 871 652 941 ὦ
692 876 951 954 Λεύκιε,
999 876 1348 960 ὑπήντησα
1381 884 1518 940 τῶν
1555 874 1735 959 ἐμῶν
1772 874 2119 961 ἐρυμάτων
2154 873 2254 941 ἔτι
2292 874 2475 953 ἐκτὸς
2512 878 2657 941 ὄντι

345 973 514 1037 κατὰ
591 974 914 1059 σπουδήν,
988 974 1102 1040 ἵνα
1163 971 1260 1039 ἔτι
1321 974 1556 1058 κύριος
1619 974 1718 1039 ὢν
1780 982 2066 1039 σεαυτοῦ
2130 976 2481 1057 βουλεύοιο
2544 972 2655 1041 καὶ

348 1070 570 1154 λέγοις
616 1070 726 1136 καὶ
771 1074 1088 1157 πράττοις
1133 1072 1174 1138 ἃ
1219 1075 1505 1155 νομίζεις
1561 1090 1667 1137 σοι
1724 1074 2083 1138 συνοίσειν.
2160 1071 2300 1138 ἐπεὶ
2358 1072 2447 1155 δ’,
2495 1068 2689 1156 ὅπερ

350 1168 490 1235 ἐστὶ
536 1182 673 1235 τῶν
719 1170 978 1237 ἀδικεῖν
1023 1170 1556 1255 ὁμολογούντων,
1604 1172 1856 1236 σαυτὸν
1900 1170 2062 1255 ἡμῖν
2109 1170 2497 1257 ἐπιτρέπεις,
2544 1172 2655 1237 οὐ-

289 1274 298 1283 ’
351 1264 470 1333 δὲν
513 1266 614 1333 ἔτι
670 1268 902 1354 δέομαι
950 1268 1332 1354 διελέγχειν,
1379 1268 1502 1334 ὅσα
1559 1272 1688 1335 σὺν
1731 1268 1926 1355 τέχνῃ
1981 1294 2114 1354 μου
2166 1270 2514 1345 διεψεύσω.
2589 1270 2655 1349 ἐξ

267 1385 324 1428 1⁰
350 1367 553 1451 ἀρχῆς
600 1366 680 1431 δέ
719 1391 798 1451 με
845 1368 1093 1451 βλάψαι
1143 1366 1455 1452 ἑλόμενος
1499 1364 1609 1432 καὶ
1648 1376 1779 1432 νῦν
1814 1364 2122 1449 ἔβλαψας.
2198 1370 2491 1446 σπονδὰς
2526 1371 2655 1455 γάρ

349 1489 463 1550 μοι
508 1464 858 1549 τιθέμενος
904 1469 1126 1551 ἔτυχες
1173 1464 1260 1531 ἂν
1303 1465 1709 1550 ἠδικημένου
1753 1463 1864 1531 καὶ
1911 1469 2357 1551 νενικηκότος·
2407 1468 2653 1532 ἄσπον-

351 1565 478 1628 δον
524 1560 598 1628 δὲ
655 1565 906 1629 σαυτόν
960 1588 1030 1629 τε
1084 1563 1194 1629 καὶ
1249 1566 1408 1641 τοὺς
1454 1566 1699 1647 φίλους
1752 1562 2123 1647 ἐπιτρέπων
2174 1564 2335 1648 ἡμῖν
2379 1563 2487 1631 καὶ
2532 1566 2656 1631 τὸν

349 1662 639 1747 στρατὸν
675 1662 926 1749 ἀφαιρῇ
964 1660 1088 1743 μὲν
1123 1674 1346 1727 πᾶσαν
1381 1662 1612 1746 ὀργήν,
1651 1660 1903 1749 ἀφαιρῇ
1926 1658 2008 1727 δὲ
2035 1662 2146 1728 καὶ
2174 1664 2299 1747 τὴν
2328 1662 2655 1747 ἐξουσίαν,

347 1760 436 1843 ἣν
491 1761 938 1845 σπενδόμενος
993 1760 1079 1828 ἂν
1131 1758 1380 1838 ἔδωκας
1433 1758 1546 1825 ὑπ’
1601 1759 1909 1844 ἀνάγκης.
1984 1760 2472 1845 συμπέπλεκται
2525 1764 2653 1846 γὰρ

265 1876 320 1917 ιι
349 1850 452 1934 οἷς
518 1856 710 1935 ἄξιον
771 1859 941 1943 ὑμᾶς
995 1864 1248 1924 παθεῖν
1308 1859 1384 1924 τὸ
1449 1868 1790 1943 προσῆκον
1854 1851 1953 1925 ὧν
2016 1856 2127 1944 ἐμὲ
2194 1860 2460 1925 δίκαιόν
2515 1856 2652 1925 ἐστι

345 1966 586 2021 ποιεῖν.
659 1955 697 2021 δ
745 1956 828 2040 δὴ
883 1958 1268 2041 προτιμήσω
1316 1958 1428 2021 διά
1471 1978 1542 2020 τε
1587 1959 1748 2033 τοὺς
1792 1960 1999 2034 θεοὺς
2050 1955 2162 2023 καὶ
2220 1956 2309 2023 δι’
2366 1957 2654 2043 ἐμαυτὸν

346 2052 460 2119 καὶ
518 2056 630 2120 διὰ
686 2054 780 2137 σε’,
829 2051 882 2121 ὦ
933 2057 1200 2139 Λεύκιε,
1257 2053 1366 2120 καὶ
1414 2054 1496 2120 οὐ
1541 2055 1769 2132 ψεύσω
1816 2074 1889 2121 σε
1934 2065 2049 2139 τῆς
2094 2057 2519 2140 προσδοκίας,
2566 2056 2653 2139 ἣν

349 2157 522 2238 ἔχων
566 2149 719 2236 περὶ
765 2152 928 2237 ἐμοῦ
975 2152 1478 2237 κατελήλυθαςῖ

537 2254 758 2315 Ταῦτα
821 2248 944 2337 μὲν
1007 2248 1235 2330 ἔλεξαν
1299 2250 1636 2336 ἀλλήλοις,
1700 2251 1791 2328 ὡς
1846 2251 1918 2317 ἐκ
1972 2260 2107 2317 τῶν
2160 2252 2651 2337 ὑπομνημάτων

261 2366 322 2407 2⁰
347 2345 436 2431 ἧν
482 2347 548 2425 ἐς
594 2350 669 2414 τὸ
717 2350 1012 2415 δυνατὸν
1056 2352 1256 2433 τῆσδε
1301 2360 1416 2435 τῆς
1463 2360 1694 2435 φωνῆς
1729 2352 2125 2433 μεταβαλεῖν
2160 2350 2649 2439 τεκμαιρομένῳ

347 2458 465 2531 τῆς
511 2448 776 2533 γνώμης
821 2458 956 2513 τῶν
1003 2448 1429 2533 λελεγμένων.
1485 2447 1595 2514 καὶ
1645 2449 2103 2533 διεκρίθησαν,
2152 2448 2188 2514 ὁ
2226 2445 2349 2533 μὲν
2389 2452 2649 2534 Καῖσαρ

347 2546 424 2611 ἐν
488 2545 738 2633 ἐπαίνῳ
801 2545 910 2611 καὶ
985 2548 1280 2631 θαύματι
1344 2548 1466 2611 τὸν
1531 2547 1823 2611 Λεύκιον
1885 2549 2084 2632 ἔχων,
2151 2544 2353 2613 οὐδὲν
2426 2547 2513 2625 ὡς
2576 2546 2651 2613 ἐν

347 2656 730 2729 συμφοραῖς
776 2641 1048 2728 ἀγεννὲς
1093 2644 1239 2711 οὐδ’
1294 2644 1623 2710 ἀσύνετον
1668 2645 1966 2728 εἰπόντα,
2013 2646 2049 2711 ὁ
2089 2642 2163 2711 δὲ
2204 2646 2487 2723 Λεύκιος
2528 2647 2649 2711 τὸν

347 2745 662 2826 Καίσαρα
706 2751 826 2808 τοῦ
873 2766 942 2807 τε
989 2743 1203 2823 ἤθους
1249 2741 1359 2808 καὶ
1404 2744 1868 2828 βραχυλογίας.

261 2858 320 2898 ²⁵
529 2838 689 2907 12²⁸.
739 2846 901 2907 Suet.
934 2848 1090 2921 Auo.
1121 2846 1206 2907 62
1254 2844 1402 2906 Cum
1450 2844 1560 2905 hac
1609 2843 1993 2923 [Scribonia]
2042 2863 2277 2925 quoque
2324 2844 2647 2907 diuortium
2684 2839 2791 2918 ,37-

346 2942 514 3017 fecit,
561 2950 895 3022 pertaesuS,
941 2952 1010 3004 ut
1053 2942 1288 3021 scribit,
1335 2962 1570 3005 morum
1617 2944 2073 3022 peruersitatem
2122 2945 2279 3023 ciue,
2334 2962 2401 3003 ac
2448 2947 2647 3005 statim
2689 2929 2788 2978 ⁷¹⁷

346 3040 580 3102 Liuiam
617 3040 936 3102 Drusillam
973 3043 1348 3103 matrimonio
1385 3041 1586 3103 Tiberi
1625 3040 1879 3102 Neronis
1926 3049 1987 3101 et
2032 3040 2272 3120 quidem
2317 3060 2646 3121 praegnan-

345 3147 466 3199 tem
514 3138 775 3201 abduxit.
2463 3128 2475 3134 ’
2702 3198 2733 3246 8
2738 3198 2769 3247 5

525 3232 641 3300 13.
689 3240 844 3315 App.
864 3240 1042 3316 Illyr.
1064 3239 1232 3315 1411.
1253 3238 1385 3299 358
1415 3239 1620 3299 Mend.
1660 3232 1774 3298 Ἐν
1802 3231 1875 3298 δὲ
1902 3244 2043 3311 τοῖς
2068 3234 2496 3319 ὑπομνήμασι
2523 3244 2645 3299 τοῦ
2680 3268 2789 3336 ‘'l—{5

259 3348 322 3388 ³⁰
351 3330 672 3414 δευτέρου
709 3335 1048 3416 Καίσαρος
1092 3342 1214 3417 τοῦ
1257 3332 1627 3416 κληθέντος
1662 3330 1772 3398 καὶ
1811 3334 2161 3415 Σεβαστοῦ
2206 3335 2645 3416 παλαιότερον

344 3425 468 3511 μὲν
516 3427 721 3495 οὐδὲν
766 3429 913 3497 οὐδ’
967 3430 1041 3496 έν
1096 3432 1319 3497 τοῖσδε
1365 3428 1514 3518 περὶ
1572 3432 1883 3495 Παιόνων
1918 3426 2152 3516 ηὗρον,
2184 3428 2533 3514 Ἰλλυριῶν
2570 3430 2650 3496 δέ

344 3552 460 3612 μοι
502 3531 808 3612 φαίνεται
844 3528 1046 3614 χωρὶς
1081 3540 1216 3595 τῶν
1252 3527 1620 3614 εἰρημένων
1659 3528 1882 3593 ἐθνῶν
1926 3527 2035 3593 καὶ
2083 3528 2273 3613 ἕτερα
2312 3526 2644 3611 Ῥωμαίων

343 3632 872 3712 προϋπακοῦσαι.
946 3626 1056 3693 καὶ
1114 3628 1289 3704 ὅπως
1343 3624 1466 3711 μὲν
1519 3626 1645 3691 οὐκ
1698 3622 1915 3708 ἔγνων
1961 3623 2073 3713 (οὐ
2119 3629 2246 3712 γὰρ
2294 3626 2644 3708 ἀλλοτρίας

345 3722 618 3808 πράξεις
672 3722 708 3789 ὁ
767 3727 1136 3808 Σεβαστός,
1199 3725 1366 3791 ἀλλὰ
1422 3727 1536 3801 τὰς
1593 3723 1835 3789 ἑαυτοῦ
1895 3722 2366 3813 συνέγραψεν),
2430 3726 2517 3803 ὡς
2572 3724 2634 3792 δ’

525 3894 582 3949 5.
638 3886 782 3949 ὄντα
836 3891 974 3950 libr-i
1025 3909 1128 3950 em.
1165 3890 1667 3967 Schweiqbaeuser
1893 3893 1995 3951 10.
2050 3889 2279 3969 βλάψαι
2322 3892 2639 3951 Mendelss.

341 3978 598 4057 βλάψειν
644 3980 786 4038 libri
985 3983 1084 4039 11.
1131 4000 1232 4057 μοι
1277 3998 1387 4039 om.
1425 3982 1595 4039 Mon.
1637 3981 1763 4041 Vat.
1968 3982 2065 4038 14.
2113 3978 2304 4040 ἔδωκα
2350 3981 2491 4041 libri
2535 3999 2638 4041 em.

337 4067 652 4142 Schwoiyh.
839 4072 938 4128 15.
993 4076 1298 4150 προσῆκον
1341 4071 1452 4130 del.
1498 4071 1733 4145 Musyr.
1891 4070 1991 4129 18.
2044 4066 2303 4147 ἐμαυτοῦ
2349 4070 2489 4130 libri
2534 4088 2638 4130 em.

343 4157 560 4217 Nauck
743 4160 842 4219 19.
888 4164 1007 4217 τῶν
1051 4156 1496 4239 ὑπομνημάτων
1545 4158 1706 4218 (τῶν
1752 4155 2093 4238 Καίσαρος)
2138 4160 2455 4219 Μοηάείεε.

523 4238 640 4325 13,
679 4248 782 4306 34.
830 4244 1235 4327 συγγέγραφεν
1273 4252 1418 4309 oom'.
1447 4248 1764 4309 Mendelss.
1928 4243 2009 4319 ὥς
2047 4245 2123 4326 δὴ
2160 4250 2257 4309 uel
2292 4244 2370 4320 ὣς
2407 4247 2507 4309 καὶ
2542 4250 2639 4310 ‘uel

336 4330 408 4407 ὃς
452 4332 554 4395 καὶ
597 4336 908 4412 Schweiqb.
