3234 5034
564 320 806 366 Lxxxx
1068 299 1165 352 DE
1203 298 1666 354 SCRIPTORVM
1703 298 1891 353 VITIS
1931 299 2022 352 ET
2061 297 2378 354 SCRIPTIS

562 485 653 546 ap.
691 466 833 546 App.
874 467 987 526 III
1019 467 1131 547 743
1176 467 1337 526 inter
1372 466 1691 527 Antonium
1741 473 1800 527 ct
1844 465 2128 528 Plancum
2175 483 2384 546 pacem
2431 468 2734 545 componit
2779 485 2873 546 ap.

560 565 705 644 App.
737 564 851 624 III
879 565 992 644 973
1038 562 1103 624 L.
1133 562 1413 634 Quintius
1460 565 1591 624 eius
1639 582 1812 624 socer
1847 563 2246 644 proscribitur
2283 571 2344 624 et
2379 563 2743 625 interficitur
2779 583 2872 643 ap.

558 662 704 742 App.
746 663 849 721 IV
875 662 961 722 12
971 683 997 734 ;
1033 662 1147 742 273
1204 661 1277 721 ab
1314 659 1640 722 Octauiano
1685 661 1760 722 ad
1799 661 2214 723 debellandum
2253 661 2310 722 S.
2344 660 2694 741 Pompeium
2731 663 2872 723 mit-

559 763 705 822 titur
769 759 925 839 apud
979 760 1125 839 App.
1163 761 1269 820 IV
1304 759 1419 842 843
1484 759 1640 821 bello
1693 758 1984 821 Perusino
2042 759 2272 821 dubitat
2325 778 2418 839 ap.
2455 760 2600 839 App.
2653 761 2710 818 V
2745 761 2838 820 20
2847 783 2874 833 ;

557 859 601 918 3
626 877 788 934 sqq.;
824 859 912 918 50
921 879 947 931 ;
991 875 1100 937 pro
1139 857 1393 918 Antonio
1434 856 1642 919 foedus
1677 857 2106 919 Brundisinum
2145 859 2338 936 iungit
2375 875 2466 937 ap.
2495 858 2640 936 App.
2687 858 2868 918 1³64.

556 955 894 1036 Earumque
950 973 1155 1016 rerum
1210 963 1443 1034 partem
1496 974 1531 1016 a
1576 957 1832 1017 ueritate
1887 974 2008 1017 non
2064 955 2388 1016 abhorrere
2435 974 2506 1016 ex
2557 955 2870 1018 Ciceronis

556 1053 945 1134 epistularum
993 1053 1273 1115 thesauro
1330 1055 1650 1132 sumimuS,
1694 1053 1854 1115 unde
1911 1055 2090 1115 etiam
2141 1062 2480 1115 ceterarum
2527 1053 2678 1114 tides
2725 1072 2869 1115 con-

555 1153 842 1215 firmatur.
907 1160 1111 1212 contra
1151 1151 1311 1231 quod
1350 1151 1423 1213 de
1462 1151 1694 1212 damnis
1731 1152 1920 1213 Asinii
1957 1151 2144 1214 uerba
2181 1170 2302 1213 non
2339 1152 2628 1232 fecerunt,
2666 1151 2868 1213 eidem

553 1250 756 1310 Asinio
804 1251 1041 1311 crimini
1091 1249 1381 1328 dabimuS,
1440 1257 1509 1310 ut
1554 1251 1614 1309 in
1663 1249 1818 1310 bello
1865 1249 2244 1329 Hispaniensi
2299 1267 2438 1310 cum
2485 1249 2542 1310 S.
2580 1249 2866 1329 Pompeio

552 1355 747 1427 gesto,
806 1347 877 1409 de
934 1367 1051 1428 quo
1109 1354 1265 1408 tacet
1318 1348 1619 1427 Appianus
1668 1348 1711 1407 I
1717 1349 1772 1406 V
1799 1348 1904 1424 84,
1950 1347 2270 1409 infeliciter
2315 1366 2444 1408 rem
2501 1349 2558 1408 ei
2605 1349 2864 1408 cessisse

551 1448 791 1525 copiose
838 1445 945 1506 Dio
992 1447 1097 1521 45,
1130 1447 1215 1505 10
1262 1447 1544 1506 narrauit.
1560 1439 1610 1530 ¹)

729 1543 953 1605 Deinde
1010 1545 1112 1623 qui
1160 1561 1193 1604 a
1238 1561 1304 1604 se
1351 1542 1694 1622 Caesarem,
1749 1543 1906 1622 quod
1955 1546 2016 1603 in
2064 1551 2226 1604 tanta
2283 1545 2520 1604 fortuna
2565 1561 2630 1604 se
2683 1543 2861 1604 modo

550 1644 853 1721 cognitum
917 1643 1463 1703 uetustissimorum
1529 1641 1910 1702 familiarium
1975 1641 2106 1702 loco
2171 1640 2503 1719 habuisset,
2576 1641 2862 1703 dilectum

550 1759 683 1801 esse
730 1759 961 1801 summa
1007 1758 1143 1800 cum
1182 1741 1401 1818 pietate
1448 1747 1509 1800 et
1554 1738 1690 1817 fide,
1727 1747 1864 1818 post
1899 1738 2171 1800 Caesaris
2209 1747 2460 1800 mortem
2509 1759 2560 1800 a.
2598 1735 2856 1820 43s711

548 1839 675 1917 ipsc
713 1838 786 1899 ad
826 1837 1173 1899 Ciceronem
1214 1839 1457 1916 scripsit
1486 1839 1607 1915 (ep.
1638 1839 1707 1897 Χ
1737 1838 1842 1912 31,
1870 1838 1914 1897 3
1939 1838 2076 1915 sq.),
2113 1845 2182 1898 ut
2216 1855 2250 1896 a
2281 1836 2500 1898 Velleio
2530 1839 2638 1911 (II
2659 1840 2762 1914 63,
2783 1839 2858 1912 3)

549 1932 781 1998 ‘firmus
827 1937 1133 2016 proposito
1179 1942 1241 1996 et
1284 1935 1528 1995 Iulianis
1574 1934 1846 2014 partibus
1893 1933 2066 2014 fidus,
2116 1934 2495 2015 Pompeianis
2541 1933 2858 1996 aduersus'

548 2032 875 2112 diceretur,
934 2035 1036 2114 qui
1092 2033 1253 2094 idem
1310 2041 1519 2093 natura
1574 2051 1640 2094 se
1698 2052 1803 2094 sua
1861 2042 1922 2094 et
1977 2031 2192 2094 studiis
2247 2033 2404 2094 trahi
2459 2032 2534 2094 ad
2585 2037 2748 2114 pacis
2795 2044 2860 2095 et

546 2131 837 2192 libertatis
877 2131 1281 2211 cupiditatem,
1320 2138 1387 2191 ut
1424 2140 1484 2191 et
1520 2133 1760 2192 initium
1799 2131 1944 2192 illud
1984 2131 2182 2192 ciuilis
2219 2129 2360 2191 belli
2399 2149 2574 2210 saepe
2607 2131 2860 2192 defleret

546 2237 721 2309 atque
760 2248 825 2290 se
864 2239 924 2290 et
961 2247 1087 2290 rem
1125 2248 1181 2308 p.
1212 2227 1522 2290 uindicare
1562 2231 1624 2289 in
1661 2228 1998 2290 libertatem
2035 2238 2278 2309 paratus
2307 2237 2468 2291 esset
2496 2230 2733 2303 (l..s·.2;
2761 2231 2857 2306 5),

546 2346 743 2389 nonne
800 2327 959 2388 hunc
1015 2329 1213 2406 ipsum
1258 2329 1531 2388 Asinium
1582 2327 1739 2406 apud
1784 2328 2118 2407 Appianum
2164 2326 2388 2388 bellum
2435 2327 2615 2388 ciuile
2661 2346 2854 2408 usque

545 2424 617 2487 ad
663 2425 885 2486 bellum
932 2424 1314 2504 Philippense
1360 2433 1740 2487 enarrantem
1787 2425 1992 2486 audire
2039 2425 2214 2486 nobis
2257 2423 2579 2487 uidemur?
2593 2419 2645 2509 8)
2710 2426 2852 2488 uide

542 2525 817 2602 maxime,
836 2523 943 2584 ubi
970 2525 1167 2585 omnia
1196 2522 1630 2602 complectitur,
1659 2523 1738 2584 111
1771 2519 1836 2583 1:
1867 2519 2062 2585 Οὕτω
2090 2516 2214 2604 μὲν
2241 2521 2324 2604 δὴ
2359 2520 2559 2596 Γάϊος
2587 2523 2853 2606 Καῖσαρ

544 2619 859 2683 πλείστου
912 2615 1254 2702 Ῥωμαίοις
1316 2617 1497 2695 ἄξιος
1560 2617 1629 2694 ἐς
1691 2618 1815 2700 τὴν
1878 2617 2241 2702 ἡγεμονίαν
2285 2620 2670 2702 γενόμενος,
2713 2617 2850 2683 ὑπὸ

540 2727 677 2781 τῶν
712 2713 980 2801 ἐχθρῶν
1016 2713 1327 2801 ἀνῄρητο.
1397 2719 1472 2779 lv
1512 2716 1668 2780 134:
1715 2717 2056 2799 δυνάστην
2091 2716 2216 2799 μὲν
2253 2707 2403 2781 οἷον
2440 2713 2563 2800 οὐχ
2599 2714 2850 2799 ἕτερον,

540 2815 1044 2899 χρησιμώτατον
1083 2810 1155 2878 δὲ
1192 2813 1361 2896 ὑπὲρ
1405 2814 1702 2891 ἅπαντας
1737 2823 1816 2899 τῇ
1852 2837 1921 2878 τε
1957 2813 2227 2898 πατρίδι
2264 2814 2376 2878 καὶ
2412 2821 2492 2898 τῇ
2529 2813 2852 2900 ἡγεμονίᾳ

540 2914 921 2996 γενόμενον.
935 2909 989 2999 ³)
1064 2914 1420 2976 Plutarchus
1476 2922 1674 2976 autem
1731 2913 1890 2994 quod
1955 2914 2226 2975 Caesaris
2290 2917 2475 2975 uitam
2543 2914 2850 2994 explicans

537 3031 833 3093 propenso
890 3032 1027 3074 eum
1084 3012 1280 3074 studio
1336 3012 1645 3092 amplexus
1692 3020 1800 3091 est,
1846 3012 1960 3073 hoc
2007 3015 2206 3074 minus
2252 3011 2622 3092 mirabimur,
2669 3031 2848 3092 quam

538 3110 696 3191 quod
752 3129 821 3172 eo
878 3130 997 3172 non
1054 3129 1227 3172 omne
1283 3111 1573 3172 iudicium
1631 3129 1806 3172 suum
1861 3112 2170 3171 occaecari
2225 3128 2438 3190 passus
2492 3118 2610 3189 est,
2657 3119 2724 3172 ut
2770 3129 2848 3171 ne

534 3208 777 3270 Asinius
832 3208 1074 3288 quidem
1123 3209 1232 3286 (fr.
1268 3211 1366 3290 4);
1431 3211 1720 3272 nimirum
1776 3211 1956 3269 etiam
2011 3211 2075 3269 in
2130 3208 2374 3288 Pompei
2426 3211 2552 3269 uita
2607 3216 2848 3287 praeter

718 3359 769 3422 1)
808 3352 1061 3408 Velleius
1097 3353 1150 3407 11
1188 3359 1274 3422 73,
1294 3360 1326 3406 2
1368 3352 1788 3408 ‘clarissimum’
1829 3353 1889 3407 id
1926 3352 2141 3408 bellum
2171 3352 2368 3407 Asinio
2396 3351 2640 3406 Pollioni
2669 3351 2846 3408 fuisse

534 3433 737 3501 tradit,
776 3432 983 3487 nimius
1032 3434 1153 3488 eius
1199 3432 1465 3488 laudator
1508 3432 1561 3486 11
1599 3438 1686 3500 63,
1719 3439 1778 3500 33
1817 3439 1902 3500 76,
1933 3439 1992 3500 23
2031 3438 2118 3499 86,
2149 3438 2206 3500 33
2249 3438 2371 3500 128,
2401 3439 2448 3486 3.
2515 3433 2638 3501 ipse
2683 3433 2845 3487 laudi

534 3529 671 3568 suae
708 3514 899 3568 sanius
936 3512 1257 3583 pepercisse
1296 3513 1535 3568 uidetur.

712 3596 772 3663 2)
811 3593 875 3647 In
920 3593 1073 3648 bello
1122 3593 1383 3662 Sertorii,
1431 3593 1601 3648 cuius·
1639 3592 1846 3648 Caesar
1890 3593 2176 3663 particeps
2223 3610 2337 3648 non
2381 3591 2519 3662 fuit,
2579 3594 2844 3663 Pompeio

534 3674 780 3740 fanerat3
818 3674 935 3728 uid.
967 3674 1020 3728 b.
1051 3691 1097 3728 c.
1127 3673 1154 3727 1
1193 3679 1296 3728 108
1318 3691 1438 3742 sqq.

712 3758 767 3824 3)
806 3753 1005 3808 Studio
1052 3771 1153 3808 suo
1201 3753 1371 3810 etiam
1420 3753 1571 3808 ultra.
1618 3753 1914 3808 Caesarem
1962 3771 2090 3808 eum
2135 3752 2196 3806 in
2249 3752 2490 3808 historia.
2543 3753 2844 3808 formanda

532 3837 778 3890 tractum
816 3851 939 3888 esse
975 3833 1127 3888 uidit
1163 3833 1448 3888 Schwartz
1487 3850 1575 3903 ap.
1608 3833 1974 3888 Paul.-Wiss.
2005 3834 2058 3887 Π
2095 3852 2141 3888 c.
2171 3839 2294 3888 22⁷.
2325 3865 2396 3875 —-
2423 3833 2672 3889 Antonio
2710 3839 2845 3904 post

530 3915 743 3970 bellum
780 3913 1101 3968 Mutinense
1148 3931 1209 3969 se
1256 3913 1505 3968 diffisum
1550 3931 1672 3969 esse
1711 3915 1833 3984 ipse
1870 3914 2103 3969 Asinius
2141 3914 2216 3968 acl
2253 3913 2576 3970 Ciceronem
2614 3915 2846 3985 scripsit

530 3999 639 4064 (ep.
670 3995 721 4047 X
758 4000 845 4061 34,
875 4001 908 4049 4
950 3995 1257 4050 Anto-nium
1286 3997 1521 4064 turpiter
1550 3997 1813 4050 Muta‘nae
1841 3996 2194 4050 obsessionem
2219 3996 2501 4064 reliquam
2525 3997 2620 4050 sed
2645 3996 2846 4050 habere

530 4076 773 4145 equitum
800 4077 1042 4144 quinque
1071 4075 1232 4130 milia
1268 4083 1317 4130 et
1352 4093 1401 4144 q.
1430 4078 1515 4145 s.),
1542 4092 1648 4130 nec
1677 4075 1943 4130 dissentit
1970 4075 2284 4146 Appianum
2313 4091 2440 4129 eum
2477 4075 2594 4129 iam
2631 4075 2844 4130 diuini-

529 4159 624 4210 tus
660 4171 789 4210 eum
828 4157 1015 4209 mente
1052 4158 1279 4224 captum
1325 4171 1446 4210 esse
1485 4154 1613 4224 (ἤδη
1653 4159 1798 4210 θεοῦ
1837 4156 2200 4226 βλάπτοντος)
2239 4158 2435 4209 narrat
2472 4159 2644 4223 atque
2683 4156 2843 4226 equi-

530 4238 685 4290 tatus
724 4234 845 4290 eius
882 4234 1140 4291 meminit
1168 4237 1300 4303 (111
1328 4239 1417 4302 72,
1456 4237 1822 4290 Kornemavm
1855 4253 1908 4305 p.
1933 4239 2044 4290 655
2065 4241 2222 4304 sqq),
2252 4238 2318 4289 ut
2353 4235 2523 4290 facile
2559 4235 2840 4290 transitus

530 4316 604 4370 ad
642 4314 944 4370 Octauiani
983 4331 1211 4370 causam
1254 4319 1499 4386 paretur.
