3234 5034
1155 327 1211 381 C.
1242 325 1529 382 ASINIVS
1568 326 1828 381 POLLIO
2305 347 2653 395 LXXXVIIH

327 492 637 554 rhetorum
686 493 755 554 in
803 511 1037 554 morem
1084 493 1517 573 digrediuntur,
1566 495 1647 554 ita
1697 501 1892 554 tamen
1940 501 2008 554 ut
2050 513 2156 555 suo
2197 496 2450 575 quisque
2487 497 2652 574 inge·

328 593 425 650 nio
478 589 676 653 libere
732 591 1067 671 indulgeat,
1122 592 1291 653 uelut
1346 593 1516 672 signo
1574 598 1712 653 ante
1765 609 2026 671 pugnam
2071 592 2436 654 Pharsaliam
2493 593 2652 654 edito

335 686 403 749 de
460 691 781 751 atrocitate
838 689 1141 770 pugnandi
1198 689 1547 770 declamant,
1593 689 1948 751 Plutarchus
1997 691 2232 767 (Pomp.
2275 692 2387 766 70)
2436 710 2651 770 pauco-

334 805 465 848 rum
514 787 813 849 nobilium
859 788 1260 850 Romanorum
1309 786 1791 868 Graecorumque
1835 790 2109 868 personis
2147 807 2311 868 usuS‚
2349 789 2653 869 Appianus

336 886 443 956 (II
474 887 589 960 77)
638 885 887 966 Pompei
934 886 1348 966 Caesarisque,
1406 893 1505 948 aut
1562 885 1790 947 eisdem
1849 887 1997 947 locis
2046 885 2268 948 iudicia
2317 905 2424 948 sua
2468 889 2653 948 inter-

334 993 583 1063 ponunt,
631 992 701 1044 ut
746 983 1059 1045 Caesarem
1098 983 1170 1045 ab
1210 983 1417 1046 audaci
1459 982 1702 1044 Adriam
1740 983 2054 1046 traiciendi
2092 993 2306 1046 conatu
2345 984 2654 1064 repulsum

336 1082 644 1161 Appianus
698 1083 777 1142 II
815 1081 902 1143 58
966 1083 1113 1143 alios
1179 1081 1569 1162 admiranteS,
1632 1082 1778 1142 alios
1835 1081 2342 1162 reprehendentes
2407 1081 2654 1162 inducit,

336 1170 693 1232 Plutarchus
757 1173 960 1245 (CaeS.
1010 1171 1125 1244 38)
1192 1173 1630 1252 uituperantes3
1697 1180 1834 1232 ante
1901 1171 2141 1232 caedem
2209 1171 2392 1232 multa
2459 1171 2654 1232 deter-

338 1277 593 1330 ruerunt
641 1277 702 1330 et
748 1268 1063 1330 Caesarem
1109 1277 1170 1331 et.
1216 1270 1584 1348 coniuratoS‚
1633 1268 1766 1349 sed,
1813 1278 1880 1330 ut
1925 1271 2008 1329 ait
2055 1269 2355 1349 Appianus
2404 1271 2483 1330 II
2523 1271 2655 1331 116

336 1373 507 1449 χρῆν
554 1363 597 1428 ἃ
646 1361 849 1448 ἐχρῆν
886 1366 1176 1447 Καίσαρι
1216 1362 1535 1446 γενέσθαι
1579 1369 1734 1446 aaz„
1795 1374 1863 1429 ut
1907 1366 2262 1428 Plutarchus
2300 1370 2506 1440 (Caes.
2538 1370 2654 1442 66)

338 1462 762 1527 παντάπασιν
819 1460 1143 1546 ἀπέφαινε
1198 1463 1517 1546 δαίμονός
1576 1485 1762 1538 τινος
1821 1461 2302 1547 ὑφηγουμένου
2367 1463 2479 1527 καὶ
2543 1486 2654 1527 κα-

340 1565 627 1636 λοῦντος
681 1557 817 1624 ἐκεῖ
860 1561 983 1643 τὴν
1027 1556 1271 1642 πρᾶξιν
1318 1556 1521 1645 ἔργον
1564 1557 1941 1644 γεγονέναις
2000 1562 2194 1624 eidem
2251 1581 2350 1623 res
2399 1563 2655 1624 diuersis

341 1660 714 1740 temporibus
762 1669 959 1741 gestas
1007 1661 1301 1741 copulant,
1349 1670 1417 1722 ut
1451 1670 1587 1740 post
1625 1669 1878 1722 mortem
1917 1661 2186 1722 Caesaris
2229 1660 2465 1741 multoS‚
2520 1681 2654 1722 cum

340 1762 403 1820 in
461 1761 910 1821 coniuratorum
966 1777 1217 1822 numero
1272 1778 1391 1820 non
1448 1759 1721 1838 fuissent,
1777 1759 1886 1820 hos
1933 1767 2188 1840 secutos,
2237 1758 2342 1820 sed
2389 1758 2656 1838 gloriam,

340 1875 519 1936 quam
578 1859 1041 1937 appetiuissent‚
1096 1875 1217 1918 non
1274 1857 1517 1937 adeptos
1575 1857 1943 1937 eandemque
1990 1876 2166 1937 quam
2223 1856 2356 1918 illos
2403 1876 2655 1937 poenam

340 1973 551 2035 passos
618 1973 753 2016 esse
812 1957 999 2028 (Plut.
1056 1957 1225 2017 Caes,
1266 1957 1353 2016 67
1391 1983 1459 2004 ===
1498 1957 1654 2033 App.
1693 1956 1771 2015 II
1810 1955 1986 2030 119).
2083 1954 2338 2035 denique
2399 1963 2655 2034 uterque

340 2061 659 2132 postquam
716 2071 919 2134 regem
966 2053 1171 2116 Iubam
1226 2072 1337 2134 per
1394 2053 1762 2132 triumphum
1819 2072 1852 2114 a
1910 2053 2160 2114 Caesare
2221 2053 2462 2114 ductum
2522 2072 2655 2114 esse

342 2154 853 2230 commemorauit,
882 2170 1019 2212 eum
1046 2159 1251 2231 postea
1282 2151 1530 2212 historia
1563 2152 1919 2213 inclaruisse
1947 2150 2111 2212 addit
2141 2153 2328 2224 (Plut.
2362 2153 2528 2214 Caes.
2552 2153 2654 2212 55.

341 2253 499 2327 App.
531 2251 609 2310 II
642 2251 819 2323 101).

522 2347 715 2418 Quem
772 2355 971 2408 autem
1028 2365 1459 2408 consensum
1515 2349 1712 2408 inter
1766 2347 2226 2408 Plutarchum
2285 2355 2356 2407 et
2399 2348 2654 2426 Appia-

342 2464 506 2506 num
563 2445 639 2506 ab
696 2463 849 2506 anno
906 2441 1163 2526 60s694
1220 2463 1408 2525 usque
1467 2445 1540 2506 ad
1596 2445 1870 2506 Caesaris
1925 2444 2166 2506 caedem
2233 2444 2407 2506 modo
2471 2447 2656 2505 inter-

344 2543 561 2605 cedere
606 2542 890 2622 uidimus,
935 2561 1098 2604 nunc
1154 2543 1397 2605 redire
1456 2541 1538 2604 ad
1583 2543 1821 2604 Asinii
1881 2543 2234 2604 historias
2289 2542 2655 2604 demonstra-

340 2641 543 2703 bimus
601 2659 857 2721 eumque
912 2643 1092 2703 etiam
1150 2640 1303 2702 ultra
1358 2639 1519 2702 illam
1572 2643 1890 2720 pertinere.
1975 2643 2236 2720 primum
2302 2643 2462 2702 enim
2529 2643 2658 2701 eius

342 2757 658 2820 persona
714 2738 787 2800 ab
833 2738 951 2800 illis
998 2741 1371 2818 frequentius
1419 2756 1597 2818 quam
1645 2737 1718 2800 31)
1766 2738 1896 2800 aliis
1955 2738 2349 2818 scriptoribus
2397 2737 2658 2800 celebra-

345 2846 447 2899 tur
474 2838 881 2911 (Wichmann
906 2857 974 2916 p.
1008 2838 1089 2897 11
1108 2856 1236 2914 sqq.
1283 2839 1684 2899 Kornemcmn
1711 2857 1778 2914 p.
1810 2837 1938 2897 601
1960 2840 2096 2916 sq.)‚
2125 2839 2254 2897 siue
2294 2835 2366 2896 ab
2404 2845 2656 2916 utroque

344 2937 475 2996 siue
524 2935 598 2995 ab
647 2934 832 2996 altero
878 2945 1031 2996 utro.
1106 2953 1243 2996 nam
1293 2934 1461 2996 adest
1507 2935 1746 2996 Caesari
1784 2933 2152 2995 Rubiconem
2194 2936 2527 2995 transeunti
2567 2953 2656 3013 ap.

343 3032 497 3094 Plut.
547 3035 715 3094 Caes
753 3033 858 3109 32,
914 3035 1174 3094 mittitur
1228 3031 1301 3094 ab
1358 3051 1427 3094 eo
1484 3035 1547 3093 in
1596 3032 1888 3113 Siciliam,
1939 3042 2007 3093 ut
2053 3031 2336 3092 Catonem
2385 3031 2657 3111 expellat,

344 3131 761 3210 colloquioque
810 3133 865 3190 ei
911 3130 1249 3210 persuadet,
1296 3139 1363 3192 ut
1408 3150 1471 3192 se
1520 3132 1788 3211 recipiat,
1836 3149 1926 3210 ap.
1966 3131 2112 3210 App.
2143 3130 2221 3191 II
2251 3131 2340 3190 40
2379 3123 2471 3212 (et
2505 3129 2656 3191 Plut.

346 3235 407 3290 in
458 3247 516 3289 u.
566 3230 694 3289 Cat.
724 3223 860 3312 53),
899 3230 1071 3290 cuius
1117 3231 1207 3290 rei
1252 3247 1367 3290 nec
1405 3229 1624 3290 Caesar
1661 3231 1752 3301 (b.
1793 3233 1912 3290 εἰη.
1952 3230 1994 3289 I
2031 3229 2134 3289 30.
2174 3229 2280 3288 31.
2330 3228 2406 3287 II
2435 3229 2506 3303 3)
2545 3245 2658 3289 nec

346 3327 558 3388 Cicero
589 3329 705 3400 (ad
730 3329 851 3388 Att.
874 3328 945 3387 X
965 3328 1025 3404 4,
1049 3328 1089 3386 7
1098 3348 1123 3400 ;
1153 3328 1255 3406 16,
1276 3329 1347 3401 3)
1377 3345 1489 3388 nec
1519 3326 1627 3388 Dio
1659 3328 1791 3403 (41,
1812 3328 1927 3401 41)
1960 3327 2388 3406 meminerunt3
2418 3327 2657 3405 egregie

346 3424 417 3486 de
466 3424 741 3504 reliquiis
787 3426 1089 3486 exercitus
1136 3423 1209 3486 ad
1253 3424 1582 3504 Bagradam
1643 3423 1863 3486 deuicti
1921 3423 2202 3486 seruandi
2251 3432 2519 3484 meretur
2565 3442 2656 3502 ap.

344 3527 489 3602 App.
524 3523 603 3583 II
632 3524 719 3582 45
737 3541 823 3599 sq.
862 3516 1134 3604 (adiuuat
1179 3523 1498 3584 Antonium
1547 3531 1754 3583 contra
1799 3523 1861 3583 P.
1900 3521 2261 3583 Dolabellam
2311 3519 2468 3601 apud
2503 3520 2654 3582 Plut.

348 3626 487 3682 Ant.
518 3615 611 3704 9),
662 3639 711 3680 a.
748 3616 1005 3701 46s708
1052 3621 1115 3680 in
1152 3620 1349 3681 Al'rica
1396 3639 1532 3681 cum
1572 3620 1824 3681 Caesare
1864 3619 2149 3681 Numidas
2188 3617 2488 3698 equitibus
2533 3621 2658 3679 suis

346 3719 845 3798 superuenientes
912 3716 1167 3779 feliciter
1230 3717 1466 3797 repellit
1530 3737 1619 3798 ap.
1677 3717 1827 3779 Plut.
1895 3719 2061 3779 Caes,
2120 3718 2241 3778 52:
2305 3715 2367 3778 εἰ
2428 3710 2502 3777 δὲ
2567 3713 2656 3796 μὴ

348 3815 611 3898 Καῖσαρ
661 3811 881 3896 αὐτός,
938 3813 1071 3897 ἅμα
1116 3807 1189 3878 δὲ
1237 3814 1527 3896 Καίσαρι
1585 3815 1893 3878 Πολλίων
1932 3810 2264 3888 Ἀσίννιος
2320 3813 2658 3894 βοηθοῦν-

346 3933 451 3987 τες
487 3909 562 3976 ἐκ
606 3918 729 3974 τοῦ
777 3910 1065 3995 χαρακος
1109 3906 1310 3994 ἔσχον
1354 3911 1478 3995 τὴν
1524 3911 1774 3994 φυγήν,
1817 3906 2230 3994 διεπέπρακτ’
2272 3909 2358 3974 ἂν
2394 3907 2430 3973 ὁ
2467 3910 2658 3974 πόλε-

344 4032 469 4090 μος
515 4005 707 4095 (unde
753 4010 1000 4072 Romam
1050 4029 1254 4072 rumor
1298 4013 1577 4091 peruenit
1623 4029 1761 4094 eum
1799 4014 2006 4073 uiuum
2046 4012 2109 4071 in
2149 4027 2359 4070 manus
2395 4011 2658 4071 hostium

350 4108 609 4171 delatum
656 4127 817 4187 esse,
872 4111 995 4170 Cio.
1037 4111 1123 4170 ad
1165 4111 1285 4171 Att.
1324 4110 1469 4170 ΧΙῙ
1498 4087 1690 4193 2,1);
1745 4111 1808 4170 in
1854 4108 2136 4187 Hispania
2197 4107 2424 4169 duabus
2474 4106 2656 4186 legio-

348 4207 527 4269 nibus
572 4207 912 4287 praefectus
960 4206 1031 4268 ad
1078 4208 1401 4268 Antonium
1446 4206 1690 4268 uidetur
1743 4206 2032 4268 inclinare
2081 4225 2171 4286 ap.
2211 4207 2355 4285 App.
2397 4206 2511 4266 III
2542 4207 2656 4286 463
2672 4197 2683 4205 ⁴

348 4313 485 4386 post
538 4304 761 4366 bellum
816 4304 1151 4366 Mutinense
1198 4305 1451 4367 Antonio
1509 4304 1730 4366 bellum
1787 4305 2012 4366 inferre
2059 4323 2090 4366 a
2147 4311 2356 4365 senatu
2419 4302 2660 4364 iubetur
