3234 5034
625 290 714 353 54
1346 288 1839 344 IMPERATORIS
1876 288 2197 344 AVGVSTI

623 456 1041 539 βωμολοχίας
1104 452 1228 538 οὐχ
1289 451 1777 538 ὑπομένοντας,
1833 448 1931 519 ὧν
1984 454 2093 519 καὶ
2151 454 2428 537 Μάρκος
2492 448 2579 537 ἦν
2632 456 2930 531 Σιλανὸς

625 550 737 617 καὶ
775 550 1060 628 Δέλλιος
1097 550 1132 617 ὁ
1175 553 1520 637 ἱστορικός.
1569 546 1765 629 οὗτος
1801 548 1876 617 δὲ
1912 550 2023 617 καὶ
2062 554 2282 618 δεῖσαί
2314 568 2523 638 φησιν
2562 553 2931 638 ἐπιβουλὴν

624 650 696 715 ἐκ
743 650 1173 728 Κλεοπάτρας
1219 651 1528 715 Γλαύκου
1574 660 1696 715 τοῦ
1746 652 1978 736 ἰατροῦ
2034 652 2416 735 φράσαντος
2460 650 2648 739 αὐτῷ.
2722 667 2931 735 προσ-

627 747 902 833 έκρουσε
940 744 1014 813 δὲ
1055 748 1448 834 Κλεοπάτρᾳ
1483 750 1662 832 παρὰ
1699 751 1976 815 δεῖπνον
2014 746 2220 813 εἰπὼν
2256 748 2484 825 αὑτοῖς
2527 747 2653 834 μὲν
2698 748 2932 831 ὀξίνην

623 844 996 931 ἐγχεῖσθαι,
1055 846 1448 931 Σάρμεντον
1505 843 1579 912 δὲ
1638 851 1861 912 πίνειν
1907 845 1983 913 ἐν
2019 845 2227 933 Ῥώμῃ
2289 851 2683 932 Φαλερῖνον.
2759 846 2796 913 ὁ
2852 849 2930 914 δὲ
2955 870 2984 909 s

624 946 1007 1029 Σάρμεντος
1050 940 1135 1029 ἦν
1189 956 1327 1010 τῶν
1370 948 1712 1031 Καίσαρος
1766 949 2095 1029 παιγνίων
2148 946 2528 1031 παιδάριον,
2574 946 2612 1011 ὃ
2660 947 2933 1030 δηλίκια

613 1040 917 1127 Ῥωμαῖοι
964 1049 1304 1108 καλοῦσιν.

1208 1304 1858 1379 lMPERATORIS
1918 1303 2335 1377 AVGVSTI

1493 1467 1602 1527 DE
1652 1468 1847 1527 V1¹rA
1896 1467 2050 1527 SVA

800 1621 915 1689 l*.
964 1628 1126 1689 Suet.
1158 1631 1314 1703 Any.
1344 1629 1387 1688 2
1432 1628 1567 1707 lpse
1606 1628 1907 1705 Augustus
1953 1626 2103 1688 nihil
2148 1627 2402 1706 amplius
2440 1646 2617 1707 quam
2657 1631 2931 1707 equestri

620 1725 841 1787 familia
898 1734 1094 1787 ortum
1151 1744 1216 1787 se
1273 1726 1484 1788 scribit
1537 1734 1745 1787 uetere
1802 1744 1870 1786 ac
1925 1724 2216 1805 locuplete
2274 1734 2335 1787 et
2387 1728 2450 1786 in
2516 1745 2631 1805 qua
2690 1729 2929 1806 primus

619 1832 862 1886 senator
907 1832 1076 1905 pater
1121 1843 1266 1887 suus
1313 1826 1510 1885 fuerit.
2962 1833 3015 1873 1⁰

798 1918 862 1985 2.
917 1924 1162 1985 Tertull.
1203 1927 1280 1985 de
1316 1942 1416 1984 an.
1446 1942 1497 1985 c.
1527 1924 1616 1983 46
1671 1921 1981 1983 Nouerunt
2027 1930 2087 1983 et
2130 1920 2381 1982 Romani
2426 1924 2700 1983 ueritatis
2746 1922 2929 1987 huius

618 2020 780 2081 modi
836 2023 1082 2083 somnia.
1158 2022 1608 2083 reformatorem
1664 2022 1925 2100 imperii,
1982 2019 2299 2099 puerulum
2356 2019 2549 2081 adhue
2595 2028 2657 2081 et
2702 2023 2929 2100 priuati

617 2118 732 2180 loci
789 2128 848 2180 et
904 2119 1121 2181 lulium
1168 2119 1483 2181 Octauium
1529 2126 1759 2180 tantum
1809 2127 1869 2180 et
1915 2118 2032 2179 sibi
2078 2120 2363 2197 ignotum,
2408 2117 2644 2179 Marcus
2691 2118 2927 2181 Tullius

617 2219 735 2278 iam
793 2225 854 2278 et
907 2218 1236 2297 Augustum
1293 2227 1354 2279 et
1417 2217 1687 2279 ciuilium
1750 2216 2056 2278 turbinum
2123 2215 2485 2296 sepultorem
2552 2215 2625 2277 de
2690 2219 2927 2279 somnio

619 2323 807 2377 norat.
891 2318 954 2376 in
997 2319 1158 2377 uitae
1205 2316 1366 2377 illius
1413 2317 1857 2377 commentariis
1905 2314 2207 2376 conditum
2256 2323 2363 2375 est.
2959 2324 3011 2364 ¹⁵

797 2522 855 2577 1.
897 2522 978 2589 ΟΓ.
1012 2524 1190 2578 Vellei.
1221 2523 1301 2577 II
1330 2528 1418 2589 59,
1447 2528 1487 2578 2
1541 2523 1675 2577 Fuit
1722 2522 1778 2577 C.
1820 2521 2089 2577 Octauius
2135 2524 2199 2576 ut
2243 2538 2355 2575 non
2400 2521 2647 2591 patricia.
2690 2522 2776 2577 ita
2824 2524 2927 2578 cd-

616 2592 846 2647 modum
897 2592 1151 2675 speciosa
1206 2595 1452 2676 equestri
1499 2594 1727 2720 {enum
1773 2593 2017 2660 familia,
2064 2592 2281 2663 grauis
2329 2596 2587 2660 sanetus,
2632 2592 2923 2662 innocens,

617 2663 795 2720 diues.
852 2664 946 2718 hic
1019 2669 1210 2720 raetor
1247 2669 1395 2721 inter
1431 2683 1503 2721 no
1545 2665 1811 2720 ilissimos
1851 2666 2001 2719 uiros
2041 2666 2261 2719 creatus
2297 2664 2480 2733 primo
2518 2663 2661 2731 loce,
2702 2682 2830 2719 cum
2867 2666 2925 2721 ei

617 2735 876 2805 dignatio
911 2735 1018 2789 Iui
1001 2755 1058 2791 ia
1092 2737 1346 2807 genitam
1383 2737 1574 2793 Atiam
1613 2737 1971 2792 conciliasset
2004 2752 2252 2803 uxorem,
2299 2752 2367 2790 ex
2404 2752 2470 2791 eo
2507 2736 2721 2791 honore
2758 2724 2925 2791 sorti—

615 2808 707 2860 tus
737 2807 1128 2863 Macedoniam
1159 2808 1591 2880 appellatusque
1619 2808 1679 2863 in
1708 2825 1777 2863 ea
1803 2808 2127 2877 imperator,
2158 2807 2433 2862 decedens
2472 2808 2547 2861 ad
2585 2807 2925 2876 petitionem

617 2878 942 2934 consulatus
989 2878 1134 2934 obiit
1179 2882 1541 2973 praetextato
1573 2880 1771 2935 relicto
1808 2879 1943 2935 filio.
2000 2870 2182 2934 Nicoz'
2214 2880 2381 2934 Dam.
2412 2880 2501 2935 De
2540 2879 2691 2934 Caes.
2723 2882 2853 2935 inst.
2882 2885 2924 2935 2

614 2952 812 3038 Πατὴρ
862 2952 964 3019 μὲν
1011 2944 1083 3019 ἦν
1129 2954 1280 3023 αὐτῷ
1323 2950 1494 3040 Γάϊος
1525 2948 1867 3016 Ὀκταούιος,
1913 2950 2059 3019 ἀνὴρ
2100 2959 2212 3005 τῶν
2250 2950 2311 3005 ἐκ
2348 2959 2447 3020 τῆς
2482 2950 2809 3018 συγκλήτου.
2866 2950 2923 3006 οἱ

616 3018 670 3074 δ’
717 3022 892 3077 αὐτοῦ
929 3020 1220 3092 πρόγονοι,
1256 3024 1400 3077 κατά
1435 3042 1496 3077 τε
1532 3026 1776 3077 πλοῦτον
1814 3023 1909 3076 καὶ
1949 3018 2254 3077 ἐπιείκειαν
2292 3020 2731 3091 ὀνομαστότατοι
2760 3022 2922 3091 γενό-

657 3111 777 3149 ενοι
815 3096 926 3149 κτλ.

617 3112 656 3161 μ
796 3163 856 3219 2.
906 3168 988 3233 ΟΓ.
1027 3166 1172 3222 Suet.
1204 3168 1348 3250 Aug.
1381 3171 1452 3221 94
1509 3166 1582 3220 M.
1615 3164 1807 3220 Cicero
1855 3164 1912 3219 C.
1952 3164 2248 3219 Caesarem
2293 3164 2354 3217 in
2400 3163 2748 3233 Capitolium
2792 3182 2919 3234 pro·

617 3238 842 3290 secutus
891 3238 1167 3291 somnium
1213 3237 1488 3307 pristinae
1525 3236 1709 3291 noctis
1748 3235 2126 3291 familiaribus
2162 3235 2307 3289 forte
2344 3236 2642 3291 narrabat.
2680 3252 2919 3305 puerum

615 3305 762 3361 facie
799 3306 1042 3373 liberali,
1080 3308 1386 3363 demissum
1422 3325 1454 3363 e
1491 3308 1649 3363 caelo
1687 3311 1890 3363 eatena.
1926 3323 2115 3373 aurea
2156 3306 2231 3360 ad
2256 3307 2404 3361 fores
2436 3306 2680 3376 Capitoli
2711 3307 2919 3363 consti-

614 3378 772 3443 tisse,
817 3378 982 3461 eique
1020 3380 1210 3434 Iouem
1249 3380 1362 3449 flag
1365 3379 1536 3433 ellum
1575 3379 1911 3445 tradidisse3
1960 3378 2163 3433 deinde
2208 3382 2439 3447 repente
2478 3380 2739 3448 Augusto
2778 3378 2917 3446 uiso,

615 3466 781 3517 quem
820 3450 1078 3519 ignotum
1115 3450 1399 3533 plerisque
1436 3452 1623 3505 adhuc
1662 3450 1974 3533 auunculus
2012 3450 2219 3505 Caesar
2254 3450 2326 3504 ad
2365 3449 2797 3505 sacrificandum
2828 3466 2919 3504 ac-

615 3520 858 3588 cinet-at,
912 3522 1222 3576 affirmauit
1271 3522 1456 3593 ipsum
1513 3539 1653 3589 esse,
1706 3522 1865 3577 cuius
1919 3523 2109 3593 imago
2156 3520 2463 3576 secundum
2510 3522 2763 3613 quietem
2808 3521 2918 3575 sibi

616 3592 918 3647 obuersata
965 3594 1054 3647 sit.
1113 3595 1263 3650 Plut.
1308 3596 1414 3650 Cia
1447 3599 1518 3648 44
1556 3592 1780 3650 Ἐδόκει
1827 3594 1888 3647 δὲ
1936 3593 2033 3647 καὶ
2076 3590 2274 3661 μείζων
2308 3612 2393 3656 τις
2428 3540 2585 3647 alna
2623 3614 2656 3663 γ
2722 3591 2917 3647 ονέναι

615 3672 715 3718 τοῦ
760 3664 860 3719 τὸν
907 3663 1202 3732 Κικέρωνα
1247 3664 1524 3730 δέξασθαι
1569 3666 1879 3755 προθύμως
1925 3664 2027 3733 τὴν
2067 3662 2354 3731 Καίσαρος
2388 3662 2602 3755 φιλίαν.
2658 3612 2754 3720 ἵει
2790 3666 2911 3734 γάρ,

616 3734 691 3796 ὡς
727 3734 891 3804 ἔοικε,
931 3734 1231 3806 Πομπηίου
1268 3742 1470 3801 ζῶντος
1505 3738 1602 3791 καὶ
1632 3734 1917 3803 Καίσαρος
1945 3736 2103 3801 ἔδοξε
2140 3736 2285 3789 κατὰ
2320 3736 2449 3799 τους
2484 3733 2769 3799 ῧπνουςὸ

795 3942 853 3999 5.
903 3942 960 4000 6.
1008 3942 1292 4019 σάρμετος
1336 3942 1498 4001 codd.
1527 3942 1773 4015 quidam

795 4022 861 4109 2,
913 4032 1012 4089 13.
1061 4032 1310 4091 alterum
1353 4038 1416 4090 et
1459 4049 1569 4090 om.
1599 4030 2076 4105 A(yobardinus)
2156 4028 2553 4089 Octauianum
2580 4033 2731 4089 com‘.
2764 4031 2913 4090 Πᾶς·

611 4136 773 4179 sowa
921 4121 1020 4179 15.
1067 4124 1288 4179 norant
1326 4122 1554 4181 Gelem'i
1590 4120 1677 4179 ed.
1766 4122 1831 4179 in
1859 4118 2123 4179 Vitelliis
2168 4138 2381 4180 comm.
2418 4118 2479 4178 A
2516 4120 2601 4179 ed.
2646 4118 2913 4195 Ganynei

615 4201 708 4290 (in
745 4209 981 4268 Vitellii
1025 4213 1172 4269 coni.
1210 4202 1536 4291 Riqaltius)
1585 4210 1919 4269 emendauit
1966 4210 2037 4270 G.
2080 4208 2241 4269 Voss,
2279 4210 2360 4268 ad
2400 4209 2539 4269 Veu.
2577 4208 2667 4267 II
2712 4210 2814 4278 59,
2844 4212 2911 4277 1,-

609 4317 922 4373 perperam
957 4298 1122 4357 illius
1163 4300 1277 4358 Ed.
1306 4300 1600 4359 Schwartz
1629 4300 1832 4360 Herm.
1865 4302 1951 4358 33
1977 4317 2043 4373 p.
2072 4301 2205 4358 209
2243 4300 2323 4358 ad
2356 4296 2688 4358 Ciceronem
2720 4300 2907 4372 referi.
