3234 5034
1050 347 1147 402 DE
1182 347 1664 404 vasTnmvs
1699 347 1891 404 Vnus
2536 348 2622 416 35

320 519 481 577 uitae
526 515 960 596 philosophiam
1006 515 1333 598 beataeque
1386 519 1545 578 uitae
1599 517 2044 597 perfectricem,
2099 525 2168 578 ut
2211 517 2393 580 nullis
2437 521 2628 598 magis

322 615 659 676 existimem
696 633 846 694 opus
884 633 1018 676 esse
1059 617 1377 694 magistros
1420 615 1687 696 uiuendi,
1733 635 1910 696 quam
1957 616 2260 696 plerisque
2300 617 2403 696 qui
2447 618 2512 676 in
2559 635 2628 678 ea

324 711 677 792 disputanda
720 720 1057 774 uersentur.
1123 713 1301 775 uideo
1348 715 1509 774 enim
1554 732 1828 793 magnam
1873 722 2104 794 partem
2151 732 2375 794 eorum,
2423 715 2528 794 qui
2563 716 2628 774 in

322 810 524 872 schola
563 810 637 872 de
672 809 902 897 pudore
936 808 1083 892 (et)
1130 813 1494 874 continentia
1530 813 1907 892 praecipiunt
1951 814 2347 894 argutissime,
2385 813 2628 875 eosdem

270 921 295 962 ⁵
322 919 383 968 in
430 911 701 970 omnium
746 908 1059 971 libidinum
1110 909 1534 990 cupiditatibus
1578 911 1808 972 uiuere.

1004 1107 1113 1166 DE
1150 1106 1686 1167 mLVS'rRIBVs
1735 1106 1952 1166 VIRIS

507 1241 571 1310 l.
648 1249 884 1310 Charis.
933 1249 1014 1309 II
1052 1268 1121 1326 p.
1171 1249 1303 1309 220
1350 1251 1425 1310 K.
1491 1245 1806 1310 ‘Subinde’
1872 1247 2069 1328 Nepos
2136 1249 2208 1311 de
2272 1247 2630 1310 inlustribus

320 1348 473 1408 uiris
525 1347 594 1408 ll.

503 1439 569 1506 2.
645 1447 879 1507 Charis.
921 1445 965 1506 I
985 1465 1053 1523 p.
1087 1445 1213 1506 141
1256 1447 1331 1506 K.
1388 1445 1648 1506 Partum.
1704 1443 1922 1506 Caesar
1958 1447 2021 1505 in
2061 1445 2379 1525 analogicis
2417 1446 2629 1507 harum

324 1539 629 1624 ‘partum',
677 1543 988 1606 Cornelius
1036 1543 1232 1623 Nepos
1278 1543 1624 1605 inlustrium
1671 1557 1766 1603 xv
1805 1565 1855 1604 ιιι.

246 1656 296 1696 1⁰
503 1636 573 1705 3.
647 1643 883 1704 Char-2⁹3.
915 1643 958 1702 I
979 1659 1046 1718 p.
1079 1642 1207 1702 141
1247 1643 1323 1703 K.
1385 1641 1697 1702 Cornelius
1735 1640 1932 1722 Nepos
1968 1641 2312 1703 inlustrium
2359 1625 2627 1703 uirorum

322 1739 473 1802 libro
520 1754 645 1800 XVI
702 1737 769 1799 ‘A
826 1741 1009 1800 fratre
1065 1735 1356 1819 patruele'
1417 1741 1639 1820 inquit,
1696 1763 1726 1796 ιιι
1779 1758 1906 1800 rem
1971 1740 2459 1819 necessitudiniS,
2523 1739 2630 1801 sed

322 1840 499 1898 etiam
546 1856 863 1918 personam
911 1837 1201 1898 ostendat.

500 1930 571 1999 4.
638 1937 913 1998 Diomed.
952 1935 996 1996 I
1026 1955 1095 2012 p.
1133 1936 1268 1996 410
1314 1938 1389 1996 K.
1454 1935 1674 2015 Prope,
1727 1954 1914 2016 prope
1973 1954 2069 1997 me
2127 1944 2233 1996 est.
2275 1969 2359 1978 —
2409 1933 2514 1996 sed
2569 1943 2632 1996 et

323 2034 521 2096 datiuo
569 2035 733 2096 casui
783 2033 942 2095 idem
991 2033 1197 2095 Cicero
1255 2032 1403 2094 dixit
1454 2032 1527 2094 ad
1579 2033 1868 2095 Atticum:
1924 2029 2198 2114 ‘Propius
2245 2035 2629 2112 grammatico

198 2181 207 2188 .
244 2145 293 2186 ¹⁶
321 2128 591 2212 accessi’,
628 2131 825 2212 Nepos
862 2132 1104 2193 inlustri
1125 2150 1299 2210 *pro
1321 2153 1353 2188 ια
1376 2131 1718 2192 Sallustius:
1757 2129 2052 2193 ‘Proxima
2082 2131 2422 2212 Carthagini
2459 2127 2630 2194 loca.’

502 2225 620 2294 5³².
668 2233 815 2310 Nep.
845 2232 1024 2293 Dion.
1059 2231 1118 2308 9,
1148 2232 1191 2291 5
1236 2229 1347 2291 Hic
1394 2229 1486 2308 [in
1525 2231 1746 2292 Dionis
1781 2229 2020 2309 morte],
2066 2230 2224 2292 sicut
2267 2237 2402 2291 ante
2451 2249 2629 2310 saepe

323 2328 547 2390 dictum
597 2337 705 2409 est,
753 2347 930 2409 quam
976 2330 1173 2389 inuisa
1220 2329 1301 2389 sit
1345 2327 1665 2407 singularis
1709 2329 1972 2408 potentia
2019 2336 2080 2388 et
2115 2327 2451 2390 miseranda
2486 2329 2630 2409 uita,

320 2429 425 2507 qui
472 2445 539 2488 se
584 2428 771 2488 metui
818 2445 995 2506 quam
1044 2427 1229 2487 amari
1274 2425 1517 2506 malunt,
1565 2427 1759 2487 cuiuis
1806 2425 1976 2486 facile
2021 2425 2332 2487 intellectu
2378 2427 2506 2486 fuit.

500 2519 621 2588 6*.
671 2526 827 2586 Plut.
858 2525 1060 2602 Pelop.
1090 2532 1150 2586 et
1188 2525 1387 2586 Marc.
1420 2542 1592 2601 conp.
1624 2525 1662 2584 1
1701 2517 2048 2606 Ἀήττητος
2095 2520 2130 2586 ὁ
2177 2520 2344 2607 ἀνὴρ
2393 2523 2628 2602 [Αννί-

245 2638 295 2678 so
320 2621 469 2702 βας]
531 2620 715 2686 δοκεῖ
770 2619 1201 2702 διαγενέσθαι
1266 2620 1459 2705 μέχρι
1512 2620 1942 2702 Σκηπίωνος·
2015 2618 2203 2704 ἡμεῖς
2261 2615 2334 2683 δὲ
2391 2621 2628 2708 Λιβίῳ,

324 2721 614 2801 Καίσαρι
678 2717 785 2782 καὶ
833 2715 1101 2782 Νέπωτι
1160 2715 1271 2782 καὶ
1317 2727 1453 2782 τῶν
1506 2713 1917 2800 Ἑλληνικῶν
1979 2724 2073 2806 τῷ
2136 2720 2396 2801 βασιλεῖ
2449 2715 2630 2806 Ἰόβᾳ

320 2817 721 2901 πιστεύομεν
766 2816 963 2900 ἥττας
1008 2816 1196 2892 τινὰς
1239 2813 1351 2880 καὶ
1396 2816 1646 2901 τροπὰς
1691 2815 1821 2880 ὑπὸ
1869 2813 2274 2900 Μαρκέλλου
2318 2825 2454 2880 τῶν
2499 2817 2630 2881 σὺν

314 2913 586 3001 Ἀννίβᾳ
633 2913 953 2998 γενέσθαι
973 2934 987 2948 ·
1061 2914 1353 2999 μεγάλην
1401 2913 1477 2978 δὲ
1521 2907 1718 2978 αὗται
1767 2913 1982 2997 ῥοπὴν
2037 2913 2360 2998 οὐδεμίαν
2405 2910 2628 2997 ἐποίη-

312 3031 478 3098 σαν,
536 3012 680 3078 ἀλλ’
724 3009 900 3078 ἔοικε
951 3011 1399 3095 ψευδόπτωμά
1444 3035 1509 3076 τι
1555 3011 1875 3094 γενέσθαι
1917 3011 2071 3096 περὶ
2114 3011 2236 3076 τὸν
2283 3011 2504 3094 Λίβυν
2552 3009 2628 3076 ἐν

246 3129 295 3170 ιε
320 3121 462 3188 ταῖς
510 3113 923 3196 συμπλοκαῖς
971 3109 1269 3186 ἐκείναις.

2663 2599 2771 2678 ΞΙ-(ὓ

2667 2688 2770 2738 588

500 3305 561 3361 5.
601 3305 831 3360 Dictum
874 3305 975 3358 hoe
1014 3319 1125 3358 esse
1168 3305 1233 3358 in
1277 3303 1417 3358 libro
1460 3303 1529 3357 de
1562 3303 1784 3374 reyo'bue
1816 3303 2014 3357 statuit
2047 3303 2370 3372 Nipperdey
2400 3319 2459 3372 p.
2490 3325 2625 3358 nm.

502 3377 562 3434 6.
604 3376 690 3444 Of.
722 3378 904 3432 Marc.
934 3379 1003 3430 11
1043 3375 1365 3432 Κάνταῦθα
1400 3382 1627 3444 πρῶτον
1655 3373 1711 3428 οὶ
1739 3374 1840 3427 σὺν
1866 3369 2082 3446 Ἀννίβα
2118 3373 2402 3429 ἐνέδωκαν
2439 3373 2626 3429 ὠθού-

320 3467 481 3519 μενοι
538 3445 697 3520 φόνῳ
750 3449 935 3520 πολλῷ
990 3446 1089 3500 καὶ
1140 3445 1421 3514 τραύμασι
1466 3445 1606 3514 πρὸς
1651 3445 1716 3500 τὸ
1763 3427 2164 3513 στρατόπεδον·
2217 3443 2476 3516 λέγονται
2519 3445 2626 3516 γὰρ

505 3635 562 3692 1.
606 3633 775 3692 uitae
819 3635 1026 3710 putem
1062 3631 1199 3706 (om.
1238 3623 1393 3711 esse)
1438 3632 1579 3692 Par.
1609 3631 1730 3690 111
1771 3631 1902 3692 Pal.
2031 3631 2089 3691 2.
2138 3631 2470 3691 existimem
2515 3649 2624 3692 om.

320 3725 451 3784 Pal.
634 3721 941 3802 magistris
986 3722 1217 3782 Bonon.
1254 3722 1387 3781 Pal.
1566 3724 1728 3781 recte
1773 3720 2022 3781 uiuendi
2061 3721 2194 3780 Pal.
2385 3723 2442 3780 3.
2491 3715 2624 3801 qui]

320 3813 481 3891 quod
526 3813 905 3872 Par.Ia.c.
1087 3815 1146 3871 4.
1193 3813 1255 3870 et
1298 3811 1453 3870 deest
1494 3813 1563 3870 in
1606 3810 1770 3870 codd.

500 3893 571 3982 3,
623 3905 722 3962 12.
770 3901 1085 3961 ostendens
1130 3900 1529 3971 Lindemann,
1565 3900 1844 3959 lammam
1885 3900 2250 3973 significauit
2291 3900 2431 3960 Keil

500 3984 572 4071 4,
625 3991 727 4051 15.
771 3991 1019 4050 inlustri
1068 3990 1231 4050 codd.
1266 3989 1461 4050 Paris
1524 3989 1800 4049 inlustris
1848 3989 2017 4048 Mon.
2051 3990 2318 4064 aliquam
2369 3992 2626 4064 forma-m

320 4099 453 4140 eum
524 4099 712 4157 prope
784 4082 1179 4140 cohaerentem
1231 4080 1612 4154 datiuumque
1663 4079 1803 4138 inde
1855 4078 2202 4153 pendentem
2261 4079 2626 4139 intercidisse

322 4171 595 4245 adparet,
630 4173 829 4244 potuit
872 4169 1186 4229 Diomedes
1230 4171 1413 4228 citare
1456 4169 1662 4228 Hmm.
1697 4169 1756 4242 8,
1785 4170 1828 4226 3
1888 4171 2138 4245 propius
2185 4167 2390 4226 Tiberi
2444 4187 2624 4244 quam

322 4257 739 4336 Thermopylis

503 4341 573 4428 5,
624 4351 727 4410 18.
773 4350 826 4408 si
872 4351 979 4426 qui
1022 4349 1359 4410 fleckeisen

2125 4445 2196 4499 3*
