3234 5034
1161 328 1217 382 C.
1258 328 1543 384 ASINIVS
1581 329 1840 384 POLLIO
2005 383 2008 388 .
2414 349 2654 396 LXXXV

342 495 809 558 declamationes
874 513 1199 575 earumque
1265 496 1443 556 ssores
1508 513 1796 576 spernere
1851 515 1970 557 non
2027 498 2246 576 potuit,
2303 499 2366 557 in
2427 497 2654 576 agendo

340 596 675 655 siccitatem
734 593 1027 673 quandam
1085 603 1146 655 et
1202 595 1573 654 ieiunitatem
1620 594 1925 680 captabat,
1971 601 2040 655 ut
2084 596 2422 656 testimonio
2469 594 2654 665 Quin-

340 691 527 753 tiliani
575 691 821 754 saeculo
868 693 1033 771 prior
1076 690 1391 752 uideretur
1427 691 1733 752 Cicerone.
1749 685 1800 775 ¹)
1869 690 2222 754 concinebat
2257 695 2310 753 is
2348 711 2478 754 mos
2516 712 2652 753 cum

342 791 469 850 eius
523 791 863 850 constantia
920 797 979 850 ct
1031 791 1315 868 ueritate,
1371 807 1487 869 qua
1541 797 1601 850 et
1653 787 1810 868 apud
1857 798 2128 852 senatum
2181 789 2396 850 lulium
2443 789 2652 851 Caesa-

343 905 491 966 rem,
541 905 681 947 cum
728 889 787 947 ei
832 887 1103 948 infensus
1151 895 1327 966 esset,
1376 893 1435 948 et
1492 885 1605 948 sub
1653 886 1916 966 Augusto
1964 887 2216 948 Brutum
2264 887 2654 967 Cassiumque

338 984 604 1046 laudauit
652 985 813 1058 (Cic.
853 987 939 1045 ad
974 985 1125 1062 fam.
1162 985 1233 1045 Χ
1264 985 1369 1064 31,
1398 985 1459 1046 3.
1516 985 1656 1046 Tac.
1696 1003 1838 1046 ann.
1878 985 1984 1046 IV
2010 985 2144 1062 34),
2201 1003 2396 1064 neque
2451 987 2652 1047 minus

340 1101 473 1143 cum
524 1081 862 1161 diligentia,
917 1101 1071 1162 quae
1128 1085 1305 1144 etiam
1362 1081 1437 1142 ad
1484 1083 1774 1143 minutias
1819 1085 2234 1162 grammaticas
2291 1081 2654 1162 indagandas

338 1179 737 1242 descendebat
793 1182 889 1251 (F.
938 1182 1191 1242 Harder
1245 1185 1311 1242 in
1362 1181 1654 1242 FleckeiS.
1693 1199 1836 1242 ann.
1877 1181 2009 1241 137
2040 1198 2110 1257 p.
2147 1179 2279 1240 368
2306 1184 2481 1257 sqq).
2557 1199 2652 1242 ac-

338 1278 708 1340 cendebatur
764 1287 959 1340 tamen
1020 1287 1080 1340 et
1134 1287 1381 1339 naturae
1437 1277 1842 1358 uehementia,
1901 1287 1967 1338 ut
2021 1295 2198 1357 saepe
2257 1280 2318 1340 in
2367 1279 2650 1341 ferociam
2689 1279 2698 1291 '

338 1379 890 1456 contumaciamque
938 1384 1289 1455 mutaretur,
1338 1385 1397 1437 et
1436 1375 1645 1438 iudicii
1691 1377 1816 1436 acie
1856 1377 2310 1456 asperitateque,
2349 1395 2465 1456 qua
2501 1377 2652 1438 mul·

338 1485 534 1537 torum
604 1477 835 1536 animos
900 1474 1252 1554 delectaret,
1314 1474 1459 1536 alios
1524 1472 1881 1553 offenderet,
1939 1474 2164 1534 nemini
2219 1482 2520 1553 parceret,
2575 1493 2652 1536 ne

336 1573 579 1634 Caesari
625 1572 869 1652 quidem
918 1571 1317 1652 Sallustioque
1366 1573 1472 1650 (fr.
1512 1574 1571 1632 4.
1622 1574 1766 1633 adn.
1807 1573 1894 1633 ad
1930 1571 2015 1648 fr.
2059 1572 2114 1632 7.
2161 1573 2304 1633 Gell.
2343 1573 2414 1633 Χ
2443 1573 2548 1648 26,
2584 1574 2650 1646 l)

336 1679 435 1732 aut
482 1669 659 1731 Liuio
707 1671 947 1742 (Quint.
987 1671 1028 1730 I
1058 1672 1117 1742 5,
1148 1672 1249 1730 56.
1306 1671 1466 1730 VIII
1498 1672 1555 1748 1,
1584 1671 1674 1744 3).

514 1767 670 1828 Hinc
726 1786 957 1828 summa
1011 1767 1185 1828 laude
1243 1761 1481 1828 dicendi
1536 1787 1674 1829 eum
1723 1767 1999 1828 floruisse
2046 1767 2220 1828 facile
2267 1767 2652 1848 intellegitur,

336 1870 415 1927 ita
460 1875 533 1928 ut
578 1866 725 1926 haec
776 1867 907 1926 eius
962 1867 1159 1928 uirtus
1217 1865 1290 1927 ab
1338 1867 1599 1945 antiquis
1647 1868 1840 1944 prima
1889 1863 2226 1944 haberetur,
2273 1864 2648 1946 eundemque

336 1983 547 2044 magna
614 1981 849 2024 morum
916 1970 977 2024 et
1002 1975 1011 1986 '
1040 1965 1267 2043 ingenii
1343 1964 1797 2024 existimatione.
1884 1965 2086 2024 minus
2153 1971 2352 2024 tamen
2417 1965 2650 2026 iocosos

335 2063 505 2125 lusus
569 2060 1049 2140 tragoediasque,
1115 2064 1179 2123 in
1243 2060 1461 2141 quibus
1534 2060 1846 2122 laudandis
1911 2062 2086 2123 multi
2151 2069 2292 2122 sunt
2355 2061 2650 2142 Vergilius

333 2160 761 2238 Horatiusque,
828 2177 937 2218 nos
996 2158 1351 2238 probaturos
1409 2177 1542 2220 esse
1607 2159 1844 2238 opinor,
1911 2162 1964 2220 si
2029 2159 2104 2220 ad
2168 2177 2277 2220 nos
2341 2162 2650 2238 peruenis-

334 2265 494 2336 sent,
579 2275 717 2318 cum
790 2257 1037 2317 Accium
1118 2257 1563 2337 Pacuuiumque
1649 2275 1750 2316 eas
1833 2254 1990 2318 dicat
2065 2257 2334 2318 redolere
2408 2257 2652 2320 Tacitus

335 2359 511 2427 (dial.
552 2355 687 2428 21).
745 2353 988 2415 uidetur
1044 2363 1239 2416 autem
1300 2354 1373 2416 ad
1432 2354 1567 2416 illos
1625 2354 1917 2416 deductus
1974 2373 2106 2416 esse
2162 2354 2361 2416 Heluii
2408 2355 2651 2436 Cinnae,

334 2452 550 2514 Catulli
618 2451 987 2532 aliorumque
1053 2461 1389 2532 poetarum,
1456 2471 1593 2512 cum
1661 2450 2012 2514 adulescens
2078 2462 2262 2534 esset,
2333 2463 2648 2516 consuetu-

338 2551 491 2630 dine,
542 2550 881 2629 tragoedias
928 2569 1075 2611 uero
1122 2550 1442 2630 adgressus
1498 2569 1658 2629 esse,
1714 2569 1850 2610 cum
1907 2569 1976 2610 ex
2026 2551 2447 2612 Parthinorum
2493 2551 2648 2612 bello

338 2667 619 2710 reuersus
677 2656 863 2726 esset,
920 2665 1057 2709 nam
1104 2650 1221 2709 iam
1270 2667 1319 2708 a.
1359 2645 1607 2729 39f'715
1647 2647 1944 2726 Vergilius
2001 2651 2130 2710 eius
2188 2651 2452 2710 carmina
2500 2645 2648 2710 ‘sola

336 2745 663 2825 Sophocleo
740 2746 915 2824 digna
989 2743 1261 2807 coturno’
1327 2745 1627 2825 praedicat
1689 2749 1827 2818 (ecl.
1885 2747 1954 2822 8,
1997 2748 2137 2827 10),
2195 2767 2244 2808 a.
2295 2767 2344 2808 c.
2392 2743 2644 2829 37s717

336 2835 745 2927 (—35s719)
802 2841 1083 2904 Horatius
1139 2839 1371 2922 ‘regum
1438 2843 1588 2904 facta
1656 2844 1808 2924 pede
1875 2852 1967 2905 ter
2041 2841 2348 2924 percusso’
2417 2854 2646 2907 cantata

336 2943 472 3012 (sat.
508 2943 547 3001 I
581 2942 685 3017 10,
715 2942 851 3014 43).
936 2949 1060 3002 tum
1126 2959 1272 3002 uero
1338 2960 1475 3002 cum
1540 2943 1700 3002 inter
1757 2941 2149 3004 Octauianum
2213 2950 2272 3003 et
2327 2943 2648 3005 Antonium

336 3037 661 3099 discrimen
708 3057 1009 3100 armorum
1060 3041 1580 3119 appropinquaret,
1628 3048 1696 3101 ut
1743 3049 1802 3101 et
1851 3042 2038 3101 otium
2086 3059 2262 3101 suum
2301 3040 2650 3102 defenderet

334 3143 391 3196 et
434 3138 713 3197 ueritatis
760 3139 1147 3216 praeconium
1196 3139 1556 3217 susciperet,
1617 3137 1932 3198 historia
1987 3137 2210 3199 bellum
2258 3139 2517 3199 ciuicum
2576 3157 2646 3200 ex

332 3232 567 3295 Metello
634 3234 878 3295 consule
936 3227 1015 3317 (a.
1066 3227 1351 3318 60f¹694>
1400 3243 1626 3295 motum
1693 3237 1976 3316 persequi
2042 3237 2264 3316 coepit,
2332 3235 2394 3296 id
2459 3244 2550 3297 est
2613 3256 2646 3296 a

332 3332 531 3410 priore
599 3333 1012 3410 triumuiratu,
1074 3350 1209 3392 nam
1274 3331 1348 3392 ab
1412 3331 1523 3392 hac
1588 3335 1877 3411 amicitia,
1935 3352 2055 3394 non
2103 3354 2136 3395 a
2194 3331 2443 3394 discidio
2499 3334 2646 3396 illud
2715 3337 2722 3342 ”

335 3431 575 3508 repetiit
588 3423 660 3513 ²),
708 3431 879 3490 cuius
936 3428 1177 3509 quidem
1234 3429 1519 3491 historiae
1574 3433 1746 3492 initia
1811 3431 2117 3511 Horatius,
2183 3449 2318 3492 cum
2383 3434 2645 3512 primum

336 3545 575 3588 carmen
622 3525 871 3587 alterius
919 3526 1057 3587 libri
1105 3534 1487 3607 componeret
1534 3521 1740 3611 (paulo
1787 3536 1922 3608 post
1968 3529 2192 3591 bellum
2239 3525 2644 3615 Actiacum⁸))

510 3683 565 3750 1)
606 3679 795 3745 Quint.
825 3679 875 3732 X
916 3687 964 3746 1,
997 3687 1124 3742 1133
1164 3687 1213 3745 2,
1246 3685 1329 3736 17.
1398 3681 1497 3733 XII
1528 3687 1613 3747 10,
1648 3688 1729 3737 11.
1806 3681 1886 3737 Cf.
1919 3682 2048 3738 Tac.
2081 3682 2214 3737 dial.
2247 3689 2331 3737 21.
2400 3683 2646 3738 Senecae

334 3777 418 3830 ep.
451 3765 573 3828 100,
602 3766 661 3816 ⁷:
701 3761 1017 3830 compositio
1052 3762 1327 3816 salebrosa
1364 3768 1413 3816 et
1450 3763 1694 3817 exiliens.

508 3845 565 3911 2)
604 3839 687 3894 Cf.
718 3839 864 3895 Plut.
889 3839 1043 3895 Caes.
1068 3846 1134 3894 13
1176 3841 1261 3896 Οὐ
1291 3840 1417 3911 γάρ,
1446 3841 1521 3904 ὡς
1557 3841 1613 3895 οἱ
1651 3845 1898 3898 πλεῖστοι
1925 3841 2266 3911 νομίζουσιν,
2295 3841 2330 3912 ἡ
2357 3840 2646 3912 Καίσαρος

338 3921 427 3974 καὶ
444 3917 753 3991 Πομπηίου
780 3919 1035 3990 διαφορὰ
1060 3921 1193 3983 τοὺς
1220 3919 1525 3990 ἐμφυλίους
1552 3921 1932 3993 ἀπειργάσατο
1957 3920 2249 3992 πολέμους,
2268 3921 2410 3977 ἀλλὰ
2435 3925 2644 3992 μᾶλλον

342 3998 369 4067 ἡ
415 3999 601 4070 φιλία,
641 3998 961 4055 συστάντων
1007 3999 1099 4055 ἐπὶ
1136 4001 1435 4056 καταλύσει
1484 4009 1584 4070 τῆς
1639 3999 2070 4070 ἀριστοκρατίας
2123 4003 2186 4056 τὸ
2235 4011 2475 4072 πρῶτον,
2521 3999 2643 4058 εἶτα

340 4076 507 4144 οὕτως
545 4081 645 4134 καὶ
684 4080 826 4148 πρὸς
860 4079 1131 4149 ἀλλήλους
1166 4079 1532 4137 διαστάντων.

511 4165 567 4230 3)
604 4159 685 4214 Vt
708 4160 955 4232 Augusti
990 4160 1422 4217 commentarios
1451 4163 1524 4217 ab
1554 4161 1754 4217 Asinio
1785 4161 2074 4216 adhibitos
2103 4177 2226 4216 esse
2255 4162 2642 4218 demonstrare

342 4243 539 4307 posset,
576 4239 937 4294 Kornemann
973 4259 1027 4311 p.
1060 4247 1164 4295 652
1185 4259 1265 4310 sq.
1295 4241 1563 4296 historias
1600 4245 1734 4312 post
1771 4259 1820 4298 a..
1844 4241 2056 4314 20l784
2097 4242 2170 4296 ad
2207 4241 2376 4297 finem
2403 4243 2642 4314 perduc-

343 4321 427 4372 tos
462 4335 581 4374 csse
619 4319 927 4374 arbitratus
964 4323 1065 4375 est.
