3234 5034
1099 360 1336 415 VRBES
1372 359 1711 416 ITALICAE
2476 358 2560 423 75

254 509 742 572 Lacedaemoniis
779 512 1073 589 originem
1113 510 1353 589 ducunt,
1398 519 1468 572 ut
1502 508 1771 589 Hyginus
1818 512 1901 571 ait
1942 508 2015 570 de
2054 511 2283 589 origine
2322 508 2561 571 urbium

253 608 617 687 Italicarum,
674 628 707 669 a
763 607 941 685 Sabo,
999 609 1104 688 qui
1159 606 1232 668 de
1287 607 1534 670 Perside
1591 607 2090 669 Lacedaemonios
2137 608 2435 669 transiens
2490 606 2563 667 ad

255 706 482 767 ltaliam
528 708 700 767 uenit
753 714 814 767 et
868 706 1132 785 expulsis
1179 705 1398 767 Siculis
1455 707 1651 768 tenuit
1700 705 1829 767 loca
1872 724 2025 785 quae
2074 704 2279 766 Sabini
2323 703 2561 765 habent.

254 822 389 866 nam
435 810 499 866 et
541 810 772 885 partem
811 804 1130 865 Persarum
1177 806 1418 866 nomine
1457 804 1734 884 Caspiros
1782 802 2079 884 appellare
2127 804 2414 883 coepisse,
2458 805 2564 882 qui

183 917 207 957 ε
258 911 392 981 post
439 910 719 981 corrupte
768 900 1077 983 Casperuli
1125 902 1270 963 dicti
1316 910 1473 964 sunt.

437 994 552 1063 10.
602 1002 778 1062 Seru.
817 1004 882 1062 in
919 1002 1072 1062 Aen.
1114 1002 1157 1061 I
1192 999 1325 1061 277
1387 1000 1558 1063 Vrbis
1605 1002 1768 1062 enim
1814 1000 1975 1062 illius
2014 998 2561 1078 [Romae].uerum

255 1117 472 1161 nomen
520 1116 696 1160 nemo
743 1098 842 1159 uel
887 1100 950 1159 in
999 1100 1187 1160 sacris
1234 1101 1520 1160 enuntiat.
1589 1098 1845 1178 denique
1882 1098 2161 1160 tribunus
2198 1095 2396 1179 plebei
2432 1100 2562 1176 qui-

255 1198 387 1259 dam
416 1196 687 1258 Valerius
725 1195 1005 1277 SoranuS‚
1043 1205 1112 1258 ut
1147 1198 1231 1257 ait
1258 1196 1443 1258 Varro
1483 1204 1545 1258 et
1581 1195 1755 1259 multi
1802 1194 1919 1275 alii,
1964 1196 2078 1257 hoc
2124 1214 2341 1257 nomen
2383 1213 2565 1256 ausus

253 1296 592 1375 enuntiare,
639 1303 709 1356 ut
754 1294 992 1374 quidam
1041 1294 1262 1374 dicunt,
1310 1302 1515 1375 raptus
1561 1313 1595 1356 a
1643 1301 1853 1355 senatu
1901 1302 1961 1355 et
2004 1295 2066 1354 in
2116 1311 2355 1355 crucem
2404 1292 2564 1354 leua-

180 1410 228 1449 ιο
252 1401 350 1455 tus
389 1401 500 1454 est.
541 1426 626 1437 -—·
663 1392 778 1453 hoc
824 1399 1021 1454 autem
1068 1390 1238 1453 urbis
1284 1410 1502 1454 nomen
1548 1411 1625 1453 ne
1671 1391 1939 1472 Hyginus
1986 1391 2254 1471 quidem,
2308 1410 2443 1451 cum
2492 1388 2564 1451 de

255 1493 372 1553 situ
420 1490 592 1552 urbis
637 1488 1002 1570 loqueretur,
1052 1493 1364 1570 expressit.

438 1583 548 1651 11.
601 1590 774 1650 Seru.
813 1594 877 1649 in
917 1590 1067 1650 Aen.
1112 1590 1239 1651 VII
1267 1589 1398 1649 412
1459 1589 1627 1650 Licet
1682 1586 1949 1669 Hyginus
2005 1588 2067 1647 in
2122 1586 2345 1649 Italicis
2399 1585 2564 1647 urbi-

251 1686 366 1747 bus
415 1688 488 1747 ab
537 1688 785 1765 augurio
833 1688 962 1748 auis
1011 1684 1224 1747 ardeae
1273 1686 1599 1766 [Ardeam]
1652 1686 1871 1748 dictam
1914 1686 2080 1747 uelit.

434 1779 548 1847 12.
599 1786 774 1847 Seru.
812 1788 876 1846 in
927 1785 1079 1845 Aen.
1123 1785 1284 1845 VIII
1323 1785 1456 1846 597
1528 1784 1732 1865 Agylla
1788 1786 2001 1846 ciuitas
2067 1791 2161 1846 est
2214 1782 2465 1845 Tusciae
2533 1802 2565 1843 a

179 1900 228 1939 ιτ»
255 1881 566 1943 conditore
612 1885 831 1958 Ayella
879 1881 1193 1963 appellata,
1250 1884 1350 1944 cui
1397 1902 1466 1944 ex
1524 1884 1764 1944 inscitia
1807 1881 2071 1943 Romana
2128 1881 2285 1943 aliud
2339 1889 2431 1942 est
2472 1883 2565 1943 in-

253 1980 446 2042 ditum
491 1998 729 2041 nomen.
803 1998 940 2041 nam
989 1998 1126 2042 cum
1171 1979 1419 2042 Romani
1477 1987 1693 2043 euntes
1748 1998 1859 2060 per
1902 1979 2181 2043 Tusciam
2236 1982 2565 2059 interroga-

253 2086 392 2139 rent
443 2077 772 2157 AgyllinoS,
839 2096 990 2158 quae
1058 2077 1362 2141 diceretur
1417 2080 1664 2160 ciuitas,
1718 2078 1835 2157 illi,
1882 2084 2086 2158 utpote
2135 2076 2375 2157 Graeci,
2422 2077 2567 2157 quid

252 2176 550 2254 audirent,
593 2177 938 2255 ignorantes
985 2184 1046 2237 et
1090 2178 1381 2256 optimum
1430 2176 1735 2257 ducenteS,
1782 2178 1835 2237 si
1870 2178 2039 2255 prius
2078 2193 2181 2237 eos
2220 2175 2563 2255 salutarent,

438 2348 536 2404 11.
577 2350 871 2419 Hyyinum
909 2348 1146 2403 amicum
1183 2356 1458 2404 auctorem
1493 2365 1601 2405 ease
1644 2355 1860 2404 secutus
1906 2348 2128 2403 uidetur
2170 2348 2410 2402 Ouidius
2445 2354 2565 2402 met.

250 2420 416 2475 XIV
447 2422 559 2474 573
575 2436 720 2489 sqq„-
773 2418 930 2473 cadit
973 2419 1188 2486 Ardea,
1233 2418 1424 2474 Turno
1462 2418 1675 2491 sospite
1723 2418 1878 2473 dicta.
1924 2421 2150 2489 poten33
2198 2435 2367 2487 quem
2412 2420 2565 2489 post-

249 2508 426 2561 quam
461 2490 740 2545 barbarus
776 2490 840 2563 [i.
871 2507 915 2545 e.
949 2490 1230 2546 Troianus
1239 2512 1260 2557 ;
1295 2497 1446 2547 mat
1481 2492 1635 2547 Seru.
1666 2491 1743 2546 ad
1784 2492 1935 2561 Ver-9.
1967 2492 2001 2546 1.
2029 2491 2089 2563 l.]
2119 2490 2269 2544 ensis
2307 2488 2565 2557 abstulit„

249 2565 311 2617 et
364 2562 564 2633 tepida
615 2562 906 2617 latuerunt
959 2563 1114 2615 tecta
1167 2561 1394 2628 fauilla,
1465 2561 1725 2633 congerie
1790 2578 1822 2615 e
1885 2561 2077 2616 media
2138 2564 2261 2615 tum
2324 2562 2567 2631 primum

249 2633 486 2705 cognita
532 2648 771 2715 praepes
818 2632 1087 2687 subuolat
1131 2636 1190 2687 et
1236 2632 1450 2689 eineres
1497 2632 1713 2703 plausis
1760 2631 2061 2688 euerberat
2098 2631 2221 2686 alis.
2255 2664 2321 2673 —
2361 2648 2566 2687 nomen

251 2720 480 2775 quoque
517 2706 730 2758 mansit
765 2703 823 2757 in
861 2703 966 2757 illa
1002 2703 1175 2772 urbis,
1215 2706 1275 2758 et
1311 2704 1442 2775 ipsa
1477 2703 1592 2758 suis
1632 2704 1841 2775 deplan
1886 2704 1999 2757 'tur
2034 2702 2223 2757 Ardea
2300 2703 2478 2759 annis.

437 2774 535 2831 12.
576 2775 660 2843 Of.
691 2778 756 2830 in
792 2775 855 2829 X
888 2778 1001 2829 183
1048 2773 1221 2830 Caere
1258 2779 1451 2831 autem
1491 2774 1663 2831 etiam
1691 2721 1902 2845 Agylffi
1929 2773 2139 2829 dicitur
2166 2775 2247 2829 ἀπ
2308 2782 2407 2829 τοῦ
2441 2772 2565 2846 χαί-

251 2866 392 2916 ρειν.
425 2878 493 2888 -
531 2846 680 2900 hanc
717 2845 946 2917 Pelasgi
981 2845 1358 2901 condiderunt
1395 2849 1454 2901 et
1490 2865 1542 2917 q.
1573 2864 1615 2900 s.
1664 2846 1873 2902 *Strabo
1911 2847 2038 2913 172,
2059 2850 2095 2900 3
2118 2864 2173 2917 p.
2195 2850 2310 2901 220
2336 2842 2565 2917 ’Ἄγυλλα

249 2918 368 3045 {22
402 2916 822 3051 {3⁰5⁰}{22‘2122
854 2916 1223 3057 Ἑέόῖεὲἕῖωέ·
1239 2915 1746 3045 ’Ἔὲῗὲἓρῖῗῦοέἳ
1778 2915 1837 3044 ἷῗ
1856 2914 2565 3057 ἔέαιῆελαζγὲνμῖἷὲἱῗ

249 3060 578 3130 μάσθησαν,
607 3010 1156 3127 ἐπιστρατευσέντων
1170 3069 1299 3125 τοῖς
1319 3058 1657 3130 Ἀγυλλαίοις
1691 3009 2043 3131 ποοσιὼνρτῷ
2080 3008 2249 3129 ἓὲἶει
2284 3078 2369 3121 τις
2398 3056 2566 3115 ἐπυν-

247 3131 471 3187 θάνετο
498 3131 748 3201 τοῦνομα
774 3138 874 3199 τῆς
901 3128 1126 3199 πόλεως,
1165 3140 1278 3187 τῶν
1315 3126 1375 3186 δ’
1407 3131 1521 3188 ἀπὸ
1549 3140 1651 3187 τοῦ
1687 3134 1907 3203 τείχους
1938 3132 2229 3185 Θετταλῶν
2257 3150 2413 3194 τινος
2439 3131 2567 3186 ἀντὶ

248 3211 354 3259 τοῦ
393 3200 825 3270 ἀποκρίνασθαι
862 3200 1418 3272 προσαγορεύσαντος
1449 3202 1626 3258 αὐτὸν
1656 3203 1858 3274 ‘zoelus’
1892 3200 2189 3272 δεξάμενοι
2225 3202 2325 3257 τὸν
2361 3201 2566 3257 οἰωνὸν

252 3274 308 3330 οἱ
355 3274 640 3343 Τυρρηνοὶ
675 3280 876 3328 τοῦτον
913 3272 1162 3329 ἁλοῦσαν
1199 3274 1303 3343 τὴν
1338 3274 1504 3331 πόλιν
1541 3272 1957 3345 μετωνόμασαν.

574 3394 746 3401 --—-——--

439 3463 496 3520 1.
544 3459 752 3519 dieunt
778 3456 1098 3535 Faoriac.)
1280 3460 1354 3520 de
1391 3460 1620 3539 origine
1660 3463 1725 3519 in
1761 3459 1995 3520 orbium
2039 3458 2339 3519 ita-lascim
2364 3460 2430 3519 F

250 3550 416 3611 Sabo
453 3549 678 3609 Daniel
721 3548 942 3609 sabone
978 3549 1043 3607 F
1196 3550 1252 3607 5.
1303 3548 1612 3627 Casperuli
1649 3550 1873 3609 Daniel
1916 3547 2190 3625 casperin
2227 3548 2292 3606 F
2419 3547 2566 3607 dieti

247 3640 482 3701 Daniel
525 3638 676 3697 uicti
710 3638 776 3697 F

442 3719 554 3805 10,
598 3729 697 3786 10.
733 3726 846 3787 hoc
883 3730 1085 3786 autem
1113 3727 1281 3787 urbis
1317 3744 1532 3786 nomen
1559 3728 1739 3787 Md.
1770 3724 1933 3803 quod
1968 3726 2135 3786 urbis
2164 3727 2376 3800 reliqu&
2402 3727 2565 3787 codd.

247 3818 512 3895 hycinus
548 3816 731 3876 Bern.
795 3815 1048 3893 baginus
1085 3809 1284 3890 112?sz
1335 3815 1576 3895 higinus
1626 3816 1786 3876 Fris.
1827 3808 2026 3891 ἱέμε)
2294 3810 2565 3895 quidem]

248 3924 496 3984 quoque
533 3906 712 3965 Fuzd.

439 3986 553 4071 11,
596 3996 695 4053 12.
734 3996 954 4071 yginus
986 3994 1180 4055 Garol.
1199 3993 1417 4055 Hamb.
1454 3996 1675 4073 yginys
1701 3994 1878 4069 Sany.
1924 3989 2150 4071 iginius
2178 3992 2321 4068 Ray.
2367 3994 2565 4072 iginus

184 4088 190 4093 ’
249 4086 428 4159 Lips.
460 4084 618 4143 Fris.
657 4084 875 4161 igynus
904 4084 1064 4143 Flor.
1209 4084 1307 4145 13.
1345 4083 1561 4143 ardeae
1593 4082 1731 4143 Car.
1750 4083 1929 4157 Sany.
1957 4083 2099 4157 Rey.
2118 4082 2284 4142 Hor.
2322 4081 2563 4142 ardeam

247 4174 428 4248 Lips.
460 4173 678 4232 Hamb.
708 4173 868 4232 Fris.

440 4254 552 4339 12,
603 4262 701 4320 18.
749 4258 964 4322 audie?
989 4262 1130 4337 Req.
1177 4260 1496 4322 audierant
1529 4261 1702 4335 Lips.
1750 4260 2063 4322 audierant
2093 4261 2255 4321 Fris.
2284 4280 2339 4321 α.
2362 4279 2415 4323 c.
2462 4282 2566 4323 au-

247 4351 484 4412 dierint
509 4351 669 4411 Fris.
699 4366 846 4411 corr.
1029 4368 1128 4411 eos
1165 4368 1275 4410 om.
1308 4350 1445 4411 Gar.
1472 4349 1653 4425 Sany.
1832 4350 2230 4410 salutauerint
2256 4350 2425 4425 Lips.
