3234 5034
544 1250 904 1317 Sterih'tate
967 1250 1062 1315 rei
1126 1272 1317 1335 saepe
1391 1271 1661 1317 numero
1717 1249 2087 1335 deterritus,
2142 1251 2267 1315 fide
2320 1252 2673 1336 promissae

359 1348 606 1415 totiens
659 1352 974 1413 retractus
1028 1348 1154 1413 hoc
1220 1369 1410 1434 opus,
1465 1348 1649 1413 cuius
1703 1347 1987 1432 priorem
2042 1354 2289 1433 partem
2346 1352 2495 1415 ante
2549 1348 2671 1415 hos

357 1447 638 1534 triginta
697 1468 810 1511 sex
864 1467 1068 1511 annos
1119 1445 1190 1511 in
1246 1444 1580 1530 publicum
1627 1445 1817 1532 edidi,
1862 1445 2121 1513 tandem
2168 1446 2249 1511 ad
2293 1448 2487 1513 finem
2531 1469 2671 1532 per-

357 1546 562 1609 texui.
627 1544 934 1609 nimirum
973 1565 1118 1609 cum
1159 1543 1548 1609 adsiduitate
1585 1548 1653 1609 et
1690 1545 2055 1609 constantia
2092 1544 2439 1630 scriptores
2476 1545 2669 1611 etiam

357 1641 748 1727 posterioris
794 1641 1025 1707 aetatis
1083 1644 1490 1727 maximeque
1536 1641 1951 1708 ecclesiastici
1996 1642 2411 1728 peruoluendi
2472 1648 2671 1727 erant,

355 1742 484 1807 etsi
545 1741 783 1827 exigua
836 1762 982 1824 spes
1045 1740 1365 1805 incitabat
1429 1763 1508 1806 ex
1571 1740 1676 1805 his
1744 1762 2083 1806 numerum
2154 1740 2667 1827 fragmentorum

361 1837 660 1925 augendi.
733 1860 888 1904 nam
932 1838 1194 1903 illorum
1243 1837 1530 1903 studium
1575 1838 1874 1903 uersandi
1915 1838 1983 1903 in
2020 1839 2112 1904 eis
2155 1838 2467 1923 historiis,
2504 1862 2669 1924 quae

359 1941 512 2022 post
557 1936 844 2023 Augusti
897 1935 1332 2021 principatum
1391 1937 1785 2022 compositae
1842 1940 2013 2021 sunt,
2057 1936 2346 2022 legendis
2396 1941 2461 2003 et
2507 1940 2667 2001 trac-

362 2034 578 2099 tandis
645 2038 902 2119 praeter
964 2056 1090 2118 eas,
1145 2054 1312 2119 quae
1367 2033 1564 2099 etiam
1617 2056 1789 2099 nunc
1846 2039 2213 2118 supersunt,
2265 2038 2417 2120 post
2472 2035 2667 2101 breue

355 2136 618 2217 tempus
665 2132 972 2219 elanguit,
1017 2131 1334 2216 paulatim
1381 2132 1772 2197 exstinctum
1820 2136 1935 2216 est,
1991 2136 2216 2199 tenues
2262 2137 2479 2197 autem
2526 2155 2666 2198 sen-

353 2231 604 2295 tentiae
658 2228 1090 2315 paucioraque
1146 2230 1374 2313 uerba,
1431 2252 1596 2314 quae
1650 2252 1728 2295 ex
1785 2230 1916 2295 inis
1972 2230 2147 2315 apud
2202 2230 2667 2297 ecclesiasticos

353 2332 619 2393 seruata
663 2332 834 2411 sunt,
880 2328 937 2392 si
985 2328 1339 2414 Augustini
1381 2326 1853 2394 Varronianum
1901 2330 2247 2411 exceperiS,
2304 2349 2447 2393 raro
2494 2328 2663 2413 ipso-

353 2448 508 2490 rum
553 2424 882 2491 doctrinae
929 2424 1260 2509 debentur,
1310 2425 1502 2492 etiam
1551 2426 1775 2507 rariuS,
1819 2448 1948 2509 quo
1994 2425 2289 2512 longiore
2334 2428 2544 2511 spatio
2592 2428 2665 2512 ia,

351 2523 464 2589 cui
513 2523 834 2603 debemuS,
889 2523 972 2588 ab
1021 2522 1395 2589 auctoribus
1442 2522 1741 2608 distabat,
1798 2523 1891 2589 ita
1938 2528 2011 2589 ut
2057 2524 2312 2609 saepius
2356 2547 2475 2609 per
2519 2546 2661 2590 con-

351 2622 577 2707 plures
630 2644 860 2687 manus
915 2621 1100 2707 quasi
1157 2620 1514 2688 hereditate
1569 2644 1776 2706 usque
1821 2621 1901 2685 ad
1949 2626 2238 2687 nostram
2288 2622 2662 2689 memoriam

355 2723 722 2805 propagata
768 2720 913 2785 sint.

535 2816 764 2901 Itaque
820 2817 1044 2883 labore
1103 2816 1468 2883 intermisso
1524 2839 1673 2882 cum
1728 2817 2009 2902 experiri
2065 2818 2451 2903 statuissem,
2504 2841 2660 2884 num

353 2913 562 2979 multa
608 2937 713 2979 me
757 2914 1096 3001 fugissent,
1146 2915 1450 2981 omnibus
1495 2915 1881 3000 fragmentis
1925 2908 2383 2981 historicorum
2432 2916 2661 2983 Roma-

345 3035 588 3078 norum
635 3036 689 3077 a.
732 3013 902 3079 1883
950 3012 1229 3093 emissiS,
1275 3013 1332 3078 si
1383 3013 1541 3099 quid
1583 3013 1877 3079 uouisset
1921 3014 2191 3095 rectius,
2236 3019 2309 3079 ut
2353 3014 2661 3079 candidus

343 3110 716 3197 inpertiret‚
779 3112 848 3175 in
912 3110 1335 3196 inscriptione
1401 3110 1699 3177 inuitaui.
1780 3133 2102 3197 perpauca
2165 3116 2381 3177 tamen
2447 3112 2661 3178 adlata

343 3212 528 3274 sunt.
605 3230 764 3293 quae
811 3231 960 3293 spes
1007 3231 1398 3293 quamquam
1446 3233 1549 3274 me
1584 3208 1841 3293 fefellit,
1886 3210 2171 3275 animum
2208 3213 2429 3275 tamen
2466 3214 2659 3295 atque

341 3306 653 3371 fiduciam
685 3308 899 3391 operis
928 3307 1302 3373 absoluendi
1332 3306 1458 3373 hoc
1493 3307 1700 3373 erexit
1726 3312 1791 3373 et
1822 3308 2243 3373 confirmauit.
2312 3308 2424 3373 sed
2452 3308 2658 3391 prius·

345 3426 555 3489 quam
592 3404 674 3469 ad
707 3404 1074 3492 fragmenta
1107 3405 1516 3471 retractanda
1543 3406 1941 3491 adgrederer,
1974 3406 2216 3472 multae
2244 3406 2657 3473 difficultates

339 3506 418 3569 et
481 3501 916 3569 dubitationes
973 3502 1388 3588 explicandae
1442 3508 1642 3588 crant,
1698 3525 1775 3567 ex
1824 3502 2063 3588 quibus
2110 3503 2656 3589 disputationibus

341 3599 552 3664 etiam
619 3599 743 3665 duo
810 3600 1143 3666 uolumina
1208 3598 1364 3687 (Die
1421 3602 1878 3683 yeschichtliche
1940 3600 2287 3667 Litteratur
2348 3603 2497 3669 iiber
2558 3604 2659 3669 die

337 3698 654 3763 rb'mische
688 3698 1044 3765 Kaiserzeit
1085 3700 1183 3765 bis
1223 3700 1596 3767 Theodosius
1642 3699 1694 3765 I
1727 3702 1863 3767 und
1906 3700 2043 3765 ihre
2086 3701 2353 3785 quellen,
2398 3700 2655 3785 Lipsiae

337 3797 418 3861 in
465 3794 738 3860 aedibus
782 3796 1248 3863 Teubnerianis
1301 3794 1500 3885 1897)
1547 3803 1919 3881 euaserunt,
1975 3799 2057 3863 ad
2110 3820 2275 3883 quae
2330 3822 2441 3865 eos
2490 3799 2653 3865 dele-

333 3894 663 3981 guum-im,
711 3894 822 3979 qui
867 3894 1060 3960 huius
1097 3896 1432 3980 prooemia
1477 3895 2001 3962 desiderauerint.

529 3990 722 4056 Nunc
781 3992 1127 4078 scriptores
1181 3994 1406 4059 eadem
1461 3994 1712 4060 ratione
1768 3994 2099 4060 ordinatos
2155 3994 2466 4080 proposui
2526 4017 2654 4080 qua

335 4089 589 4177 prioris
634 4089 1002 4175 uoluminis,
1055 4091 1182 4157 nisi
1231 4091 1403 4176 quod
1447 4091 1554 4157 hic
1599 4091 1735 4157 illic
1782 4090 2191 4157 similitudini
2244 4092 2500 4179 generis
2546 4092 2651 4159 uel

337 4187 586 4273 speciei
638 4188 784 4272 plus
831 4188 1034 4254 tribui
1083 4211 1278 4273 quam
1324 4190 1538 4270 aetati,
1586 4190 1938 4275 eademque
1985 4188 2303 4256 instructa
2347 4195 2415 4256 et
2460 4191 2651 4255 adno-

337 4290 486 4351 tata
531 4285 914 4371 fragmenta.
977 4310 1126 4352 nam
1164 4288 1443 4371 primum
1481 4288 1699 4354 omnia
1745 4287 2059 4375 congessi,
2095 4310 2259 4373 quae
2295 4310 2412 4374 per
2448 4311 2650 4354 annos
