3234 5034
601 344 700 390 LII
1097 321 1196 376 DE
1235 319 1700 374 SCRIPTORVM
1740 321 1927 374 VITIS
1970 321 2061 374 ΕΤ
2100 312 2415 376 SCRIPTIS

601 483 1168 571 συγχροι·ισμούς’
1197 487 1557 548 Graecorum
1598 496 1775 567 atque
1807 489 2209 550 Romanorum
2246 491 2513 549 uirorum
2554 492 2907 568 composuit,

603 586 730 668 ‘qui
785 589 882 649 uel
937 590 1177 667 ingenio
1243 587 1340 647 uel
1397 588 1649 666 imperio
1704 586 1935 647 nobiles
1993 588 2377 667 insignesque
2424 597 2560 666 post
2606 586 2903 649 conditam

598 686 847 748 Romam
895 687 1148 746 fuissent
1196 692 1332 746 ante
1381 683 1709 745 secundum
1767 683 1989 746 bellum
2046 681 2656 764 Carthaginiensium’
2702 685 2905 765 ibique

601 793 695 846 ter
733 784 1040 864 Nepotem,
1089 793 1301 864 quater
1335 784 1660 844 Varronem
1700 777 1907 865 (huius
1956 793 2049 844 ter
2086 782 2305 844 librum
2345 783 2418 843 de
2455 777 2677 868 poetis)
2720 791 2905 844 testes

600 883 810 943 adfert.
886 885 1050 963 atqui
1108 881 1362 942 eundem
1419 883 1735 960 utriusque
1792 900 1979 942 annos
2035 881 2203 942 urbis
2260 881 2531 942 conditae
2589 884 2649 941 in
2698 880 2909 943 eodem

601 984 794 1060 capite
855 983 1168 1042 miscuisse
1225 988 1388 1040 recte
1439 980 1706 1058 Vngerus
1754 982 1856 1051 (m.
1898 981 2013 1040 Ra.
2051 982 2141 1041 35
2173 1000 2243 1057 p.
2283 982 2368 1041 13
2394 985 2550 1056 sqq.)
2598 980 2909 1040 intellexit.

601 1081 876 1158 sequitur
914 1079 1170 1139 Gellium
1219 1097 1336 1138 non
1383 1096 1571 1139 unum
1617 1077 1874 1156 aliquem
1924 1085 2245 1156 auctorem,
2294 1080 2397 1157 qui
2444 1087 2605 1139 certa
2652 1077 2909 1157 quadam

601 1178 831 1237 ratione
889 1196 1074 1238 annos
1133 1176 1505 1256 digessisset,
1561 1178 1625 1235 in
1682 1174 1955 1236 manibus
2002 1175 2311 1254 habuisse,
2359 1176 2465 1238 sed
2512 1184 2572 1236 et
2618 1175 2910 1255 Nepotem

603 1282 661 1335 et
709 1275 1061 1352 Varronem,
1127 1293 1227 1335 eas
1291 1276 1476 1353 igitur
1540 1281 1735 1352 notaS‚
1802 1293 1952 1353 quae
2018 1275 2091 1334 ab
2148 1293 2301 1335 anno
2349 1294 2405 1335 u.
2446 1294 2497 1335 c.
2536 1274 2910 1353 Corneliano,

602 1392 780 1452 quem
829 1373 1037 1434 Cicero
1098 1375 1277 1433 etiam
1339 1371 1410 1432 de
1473 1391 1596 1450 rep.
1640 1371 1691 1430 11
1745 1369 1843 1447 10,
1886 1369 1967 1432 18
2026 1381 2268 1434 secutus
2334 1380 2423 1433 est
2438 1368 2490 1456 1)
2551 1367 2785 1456 (postea
2844 1375 2907 1432 in

601 1471 785 1532 Bruto
816 1472 1074 1532 Atticum
1103 1470 1203 1532 uel
1231 1471 1572 1548 Varronem,
1600 1490 1660 1531 u.
1683 1489 1728 1530 s,
1750 1490 1804 1549 p.
1826 1484 2031 1530 xxnn
2048 1465 2223 1554 sqq),
2254 1471 2798 1550 proficiscerentur,
2835 1489 2909 1530 ex

600 1570 778 1630 huius
809 1569 1107 1630 chronicis
1137 1577 1402 1648 sumptas
1433 1586 1582 1646 esse,
1613 1570 1651 1628 i.
1684 1587 1732 1628 e.
1765 1586 1983 1628 annum
2022 1587 2257 1647 pugnae
2288 1568 2683 1630 Marathoniae
2717 1563 2795 1650 (§
2833 1569 2909 1629 9:
2996 1616 3009 1624 .

602 1663 734 1728 260
772 1687 827 1746 p.
867 1686 924 1728 u.
961 1687 1008 1727 c.
1041 1672 1106 1738 ÷
1137 1663 1272 1727 490
1301 1696 1366 1715 =
1401 1661 1579 1750 750),
1627 1668 1869 1745 triginta
1918 1665 2381 1727 Atheniensibus
2428 1670 2909 1746 praepositorum

600 1772 990 1844 tyrannorum
1040 1759 1116 1848 (§
1156 1765 1271 1825 19:
1327 1761 1454 1825 347
1505 1783 1560 1843 p.
1600 1783 1656 1824 u.
1689 1784 1736 1824 c.
1768 1767 1833 1835 -Ι-
1864 1761 1998 1824 404
2027 1793 2094 1812 =
2128 1759 2313 1848 751),
2369 1763 2512 1826 belli
2567 1784 2703 1825 cum
2750 1761 2910 1844 'rege

602 1861 827 1942 Pyrrho
887 1865 1107 1942 sumpti
1148 1857 1225 1946 (§⁶
1263 1865 1350 1922 37
1360 1883 1380 1923 .·
1425 1859 1558 1921 470
1588 1867 1651 1933 -4-
1686 1857 1819 1922 280
1850 1891 1915 1910 =
1948 1858 2095 1923 750.
2145 1863 2223 1940 cf.
2257 1865 2412 1924 Ptin.
2443 1883 2500 1924 n.
2530 1866 2587 1924 h.
2619 1864 2786 1923 XVI
2819 1866 2913 1924 36

603 1990 669 2009 =
711 1964 826 2021 Ex.
859 1961 945 2038 [ν.
986 1962 1118 2034 21).
1195 1959 1451 2040 denique
1508 1958 1667 2038 quod
1713 1962 1777 2019 in
1826 1959 2032 2021 eodem
2082 1963 2273 2040 capite
2320 1960 2359 2038 ξ
2400 1957 2439 2022 6
2487 1961 2633 2022 haec
2680 1961 2910 2023 Gellius

603 2057 838 2119 scribit:
889 2054 1115 2136 ‘postea
1164 2058 1521 2136 Pythagoras
1569 2058 1805 2118 Samius
1852 2060 1914 2118 in
1960 2058 2187 2120 Italiam
2232 2061 2417 2137 uenit,
2455 2059 2742 2138 Tarquini
2784 2060 2909 2120 lilio

603 2174 853 2234 regnum
910 2155 1242 2234 obtinente,
1309 2158 1406 2215 cui
1463 2163 1921 2234 cognomentum
1978 2155 2287 2235 Superbus
2342 2152 2501 2236 suit',
2558 2165 2619 2218 et
2678 2159 2789 2218 boc
2849 2167 2909 2219 et

603 2254 910 2314 Ciceronis
960 2255 1296 2314 testimonia
1345 2253 1417 2314 ad
1455 2253 1743 2332 Nepotem
1793 2253 2109 2315 referenda
2156 2261 2312 2316 sunt.

779 2352 1148 2431 Quamquam
1194 2353 1386 2413 Attico
1434 2352 1581 2412 baec
1629 2369 1805 2430 opera
1853 2370 2066 2430 parum
2112 2351 2411 2431 placuisse
2456 2352 2723 2430 uidetur,
2778 2354 2907 2431 pri·-

602 2469 766 2511 mum
814 2450 971 2529 quod
1018 2448 1171 2510 ultra
1209 2449 1453 2510 Romam
1494 2449 1790 2510 conditam
1831 2451 1893 2510 in
1932 2457 2198 2529 tempora
2236 2449 2501 2511 fabulosa
2538 2450 2910 2529 escenderat,

599 2557 668 2609 ut
714 2551 890 2609 etiam
939 2549 1262 2626 Ausonius,
1321 2567 1454 2608 cum
1515 2547 1793 2626 apologos
1840 2547 2059 2608 Titiani
2108 2555 2168 2609 et
2213 2547 2457 2628 Nepotis
2504 2547 2785 2608 chronica
2831 2548 2909 2608 ad

602 2645 861 2705 Probum
902 2646 1265 2724 praesectum
1305 2647 1602 2724 praetorio
1643 2648 1926 2724 mitteret,
1966 2647 2073 2706 bos
2112 2646 2258 2706 alios
2295 2646 2573 2725 apologos
2622 2654 2681 2706 et
2717 2648 2912 2706 instar

603 2743 935 2804 fabularum
984 2762 1116 2804 esse
1166 2742 1380 2803 dixerit
1429 2746 1627 2820 (epist.
1668 2745 1756 2804 16
1786 2763 1854 2820 p.
1896 2745 2027 2804 174
2066 2746 2203 2804 Sch.
2230 2764 2298 2821 p.
2338 2743 2469 2804 238
2509 2746 2606 2818 P.)
2654 2777 2743 2786 ——-
2788 2743 2909 2804 Eu·-

603 2841 912 2902 hemerum
971 2849 1166 2901 autem
1227 2840 1298 2901 de
1355 2840 1474 2901 illis
1531 2850 1773 2902 secutus
1830 2850 1924 2901 est
1960 2843 2075 2920 (fr.
2117 2843 2186 2915 1)
2233 2877 2331 2920 —,
2381 2840 2595 2902 deinde
2652 2841 2725 2901 ab
2772 2843 2909 2902 eius

607 2939 870 3000 doctrina
911 2948 970 3000 et
1008 2938 1311 3018 diligentia
1349 2941 1590 2999 omnino
1630 2938 1937 3000 abhorruit
1975 2942 2225 3000 iunioris
2265 2941 2439 3000 amici
2478 2939 2707 3016 leuitas,
2754 2958 2911 3018 quae

605 3046 665 3097 et
717 3039 780 3097 in
835 3039 978 3097 uitis
1035 3037 1450 3098 excellentium
1509 3036 1727 3098 ducum
1785 3047 1845 3098 et
1901 3041 1963 3097 in
2020 3040 2165 3116 ipsis
2222 3038 2433 3098 horum
2488 3037 2908 3098 chronicorum

603 3137 876 3214 uestigiis
915 3153 946 3194 a
985 3137 1134 3195 uiris
1175 3135 1364 3196 doctis
1401 3135 1580 3196 huius
1618 3137 1827 3196 aetatis
1867 3155 2043 3214 saepe
2084 3137 2441 3213 reprehensa
2482 3143 2588 3196 est.
2637 3143 2770 3195 utut
2796 3143 2909 3212 est,

605 3233 864 3294 sedecim
913 3235 1036 3294 l'ere
1085 3236 1257 3293 annis
1295 3241 1430 3312 post
1467 3235 1696 3294 Atticus
1734 3232 2003 3294 annalem
2046 3252 2220 3294 suum
2258 3235 2517 3312 scripsit,
2556 3252 2675 3293 non
2712 3231 2907 3292 solum

604 3332 677 3392 ab
725 3333 833 3392 alia
883 3349 1174 3392 annorum
1221 3333 1658 3410 computatione
1716 3349 1963 3392 exorsus
2012 3331 2116 3392 sed
2164 3334 2343 3392 etiam
2390 3333 2609 3410 spretis
2664 3331 2909 3392 omnino

605 3431 784 3490 rebus
841 3429 1038 3490 dubiis
1094 3431 1457 3508 incertisque
1515 3431 1748 3509 eisque,
1806 3449 1952 3508 quas
2008 3432 2232 3508 posuit,
2290 3429 2605 3508 diligenter
2659 3430 2909 3490 inuesti-

604 3530 755 3606 gatis
813 3537 869 3588 et
925 3529 1253 3607 perpensis
1269 3521 1321 3610 ²)
1397 3526 1643 3606 Nepotis
1709 3537 1907 3588 tamen
1964 3527 2241 3588 chronica
2300 3547 2370 3588 ex
2426 3544 2538 3587 usu
2599 3526 2909 3586 hominum

605 3645 725 3686 non
773 3625 1015 3705 expulit.
1089 3625 1151 3686 id
1201 3627 1411 3704 ipsum,
1451 3625 1607 3705 quod
1656 3644 1752 3686 res
1790 3626 1862 3686 ab
1900 3625 2287 3686 ulterioribus
2324 3623 2694 3703 temporibus
2734 3641 2907 3703 repe-

786 3785 836 3848 1)
875 3781 1028 3833 Nam
1061 3781 1130 3846 si,
1167 3781 1228 3833 id
1264 3781 1408 3848 quod
1441 3780 1769 3833 Graecorum
1810 3780 2178 3850 inuestiyatur
2214 3780 2531 3844 annalibus,
2562 3779 2740 3833 Roma
2776 3793 2911 3831 con·

605 3863 724 3912 dita
775 3868 851 3914 est
894 3861 1129 3914 secaemdo
1167 3877 1315 3913 anno
1353 3861 1685 3929 olympiadis
1721 3867 1994 3928 septanzae
2031 3858 2091 3931 [i.
2125 3875 2169 3912 e.
2206 3875 2254 3912 a.
2289 3865 2391 3911 750
2435 3875 2481 3912 a.
2516 3857 2689 3928 chr.]‚
2736 3859 2799 3910 in
2846 3857 2913 3910 id

603 3940 878 3993 saeculwn
927 3941 1153 3994 Romuli
1188 3941 1390 3994 excidit
1427 3947 1594 4006 aetas,
1641 3957 1763 3994 cum
1800 3947 1851 3994 et
1888 3957 1933 4008 q.
1964 3957 2026 4007 s.,
2064 3939 2163 3992 ubi
2204 3955 2271 3992 ex
2306 3955 2461 3992 more
2498 3937 2655 4006 illius
2696 3937 2907 3991 aetatis

604 4037 705 4088 pro
743 4019 964 4088 Nepote
1002 4020 1168 4073 huius
1209 4023 1482 4084 auctores,
1535 4019 1777 4074 Graecos
1824 4019 2057 4074 annales
2106 4019 2415 4085 substituit,
2453 4019 2490 4072 i.
2522 4035 2567 4072 e.
2599 4017 2911 4088 Apollodo-

604 4118 754 4166 rum,
785 4117 1028 4167 quocum
1055 4099 1324 4169 Polybius
1354 4101 1474 4153 eius
1505 4099 1761 4167 aequalis
1791 4101 2203 4166 consentiebat3
2244 4097 2360 4153 alia
2388 4099 2508 4153 eius
2548 4097 2909 4154 differentiae

606 4179 862 4248 exempla
910 4197 973 4233 ex
1015 4179 1296 4234 Ciceronis
1326 4179 1488 4233 libris
1518 4179 1759 4234 diuersis
1787 4180 2137 4251 temporibus
2166 4179 2391 4250 scriptis
2422 4179 2686 4232 Muenzer
2713 4177 2905 4235 Herm.

605 4267 674 4312 40
718 4279 770 4330 p.
808 4267 874 4314 52
893 4278 997 4328 sqq
1042 4261 1356 4330 indagauit.

785 4347 840 4408 2)
879 4340 944 4394 V.
987 4357 1158 4410 supra
1193 4359 1247 4409 p.
1279 4359 1417 4393 xxm
1436 4359 1556 4409 sqq.
