3234 5034
1080 316 1154 371 M.
1185 314 1492 371 TVLLIVS
1529 316 1787 373 CICERO
2520 340 2597 389 11

287 483 634 546 diuidendis
687 482 953 546 habitam
1011 502 1046 545 e
1100 486 1267 545 curia
1324 484 1657 564 egredienti
1704 482 2161 549 ‘adulescentes’
2218 486 2431 565 gladiis
2487 490 2597 548 mi-

283 592 454 645 natos
483 601 620 645 esse
651 585 712 643 in
751 585 1092 645 narratione
1129 578 1606 669 praetermisitl)
1663 583 1770 646 sed
1807 592 2045 663 praeter
2079 584 2188 647 hos
2228 584 2375 647 duos
2412 586 2599 666 locos,

285 684 388 762 qui
443 682 558 743 soli
615 684 794 743 citato
849 680 1046 743 indice
1103 680 1177 743 ad
1233 680 1400 744 illum
1457 682 1765 745 Ciceronis
1820 682 2041 745 librum
2098 682 2368 763 redeunt,
2414 686 2595 747 etiam

285 781 418 842 aliis
477 798 512 843 a
566 779 956 841 Plutarcho
1011 798 1146 841 esse
1201 782 1266 841 in
1322 798 1526 841 usum
1586 790 1893 843 uocatus
1958 780 2227 861 uidetur,
2289 782 2362 844 ad
2418 801 2596 863 quem

287 898 424 941 eum
462 886 527 940 et
563 877 761 940 studio
799 880 1058 939 uitarum
1105 877 1178 939 ab
1225 880 1391 959 ipsis,
1440 897 1695 959 quorum
1740 882 1897 941 uitas
1943 879 2303 961 illustrabat,
2350 884 2597 961 scripta-

284 996 420 1039 rum
479 984 542 1039 et
597 995 872 1038 sermone
921 974 1148 1039 Graeco
1205 976 1428 1038 deferri
1481 980 1821 1058 proximum
1878 986 2021 1040 erat.
2094 978 2195 1039 hic
2241 978 2483 1060 quidem
2530 981 2593 1041 in

283 1076 596 1138 Ciceronis
631 1077 756 1137 uita
793 1094 844 1136 c.
879 1070 1122 1136 10-22
1161 1078 1633 1138 coniurationem
1672 1076 1958 1139 Catilinae
2006 1094 2257 1139 narrans
2304 1086 2365 1139 et
2392 1077 2595 1139 Crassi

283 1174 580 1236 indicium
627 1176 708 1237 ita
753 1173 986 1235 rettulit
1031 1176 1112 1249 (c.
1144 1174 1278 1253 15),
1323 1182 1392 1235 ut
1437 1176 1500 1236 in
1546 1174 1647 1237 illo
1704 1174 1857 1235 libro
1904 1178 2238 1256 expositum
2286 1194 2419 1237 esse
2465 1178 2597 1256 ipse

283 1276 350 1334 in
405 1272 610 1335 Crassi
663 1273 788 1333 uita
846 1275 927 1345 (o.
955 1273 1070 1346 13)
1125 1271 1496 1353 prodiderat,
1552 1280 1614 1335 et
1668 1291 1845 1352 saepe
1902 1291 2038 1335 cum
2096 1274 2402 1335 Ciceronis
2446 1274 2596 1335 locis

283 1371 649 1451 quibusdam
693 1372 1031 1432 orationum
1077 1372 1353 1450 concinit,
1401 1389 1550 1451 quas
1596 1389 1735 1433 cum
1780 1371 2163 1433 Plutarchum
2200 1390 2321 1434 non
2365 1371 2441 1435 ad
2482 1372 2597 1434 hoc

283 1469 665 1550 peruoluisse
731 1476 1196 1530 consentaneum
1260 1471 1364 1548 sit,
1426 1469 1526 1531 hic
1595 1487 1926 1531 consensus
1995 1469 2067 1532 ab
2132 1472 2263 1531 eius
2324 1470 2596 1533 historiis

285 1567 655 1649 repetendus
709 1576 826 1646 est,
881 1566 945 1628 id
999 1566 1158 1646 quod
1219 1569 1492 1629 certatim
1549 1567 1725 1629 multi
1786 1567 2364 1630 demonstrauerunt.
2378 1562 2433 1652 ²)
2509 1568 2595 1630 Ci'.

283 1666 440 1728 Plut.
481 1685 532 1727 c.
575 1661 660 1726 10
695 1685 752 1726 ιι.
787 1662 820 1726 1
847 1684 933 1745 sq.
983 1658 1105 1749 (ed.
1145 1664 1428 1727 SinteniS.
1465 1659 1633 1751 mai.)
1764 1668 1827 1727 in
1866 1666 2053 1727 Vatin.
2092 1663 2152 1746 2,
2182 1663 2241 1728 6.
2287 1669 2353 1728 in
2398 1666 2596 1728 Pison.

289 1762 349 1842 1,
378 1761 449 1846 33
495 1783 554 1825 u.
590 1759 673 1824 13
711 1792 778 1813 --ἓ
816 1766 879 1824 in
922 1770 1057 1843 toga
1103 1762 1272 1824 cand.
1303 1781 1394 1844 ap.
1423 1762 1635 1825 Ascon.
1674 1783 1729 1844 p.
1760 1760 1846 1825 82
1884 1762 2069 1847 K.-S.;
2114 1782 2173 1825 u.
2207 1760 2289 1826 19
2309 1784 2395 1845 sq.
2426 1793 2495 1814 =
2534 1767 2597 1826 in

285 1863 414 1925 Cat.
443 1862 496 1923 11
533 1860 596 1940 4,
619 1858 677 1922 8.
725 1880 831 1941 pro
870 1860 1024 1923 Cael.
1054 1856 1114 1941 5,
1149 1857 1258 1944 12,
1307 1856 1388 1946 (c.
1421 1858 1522 1942 11,
1553 1858 1593 1922 9
1615 1880 1703 1942 sq.
1731 1890 1799 1911 ==
1830 1863 1961 1923 Asc.
1992 1881 2114 1943 arg.
2143 1881 2229 1924 or.
2269 1865 2333 1923 in
2370 1870 2505 1943 toga
2544 1882 2595 1925 c.

284 1982 344 2043 p.
379 1954 522 2045 733)
573 1980 621 2022 c.
655 1957 757 2040 14,
791 1958 874 2021 14
911 1988 978 2009 ==
1015 1962 1080 2021 in
1128 1960 1294 2022 Catil.
1322 1960 1402 2021 111
1440 1956 1499 2040 8,
1533 1956 1634 2022 18.
1711 1980 1921 2041 poema
1968 1961 2041 2023 de
2087 1980 2249 2023 cons.
2288 1961 2361 2023 de
2410 1961 2596 2024 diuin.

284 2060 312 2121 1
345 2056 449 2139 11,
473 2055 586 2141 173
613 2078 673 2121 ιι.
697 2054 779 2120 18
800 2078 928 2139 sqq.
945 2086 1012 2107 ·=·
1033 2076 1142 2139 pro
1161 2058 1309 2120 Mur.
1331 2054 1437 2140 25,
1456 2054 1538 2120 51
1559 2077 1667 2140 sq.;
1696 2078 1754 2121 u.
1774 2054 1863 2121 30
1882 2078 2010 2140 sqq.
2032 2088 2098 2109 ==
2118 2080 2176 2141 p.
2192 2059 2341 2122 Mur.
2361 2056 2467 2140 26,
2483 2056 2598 2144 52,

283 2178 339 2218 c.
385 2154 486 2238 16,
530 2153 613 2218 18
637 2176 763 2237 sqq.
794 2186 862 2205 ==
900 2158 962 2218 in
1001 2156 1124 2218 Cat.
1163 2157 1188 2218 1
1237 2153 1295 2237 7,
1330 2154 1411 2219 16
1460 2150 1565 2241 (cf.
1602 2157 1655 2218 11
1692 2154 1752 2238 6,
1787 2153 1929 2242 12);
1983 2178 2041 2219 u.
2072 2155 2158 2219 22
2196 2186 2265 2207 ==
2302 2160 2366 2220 in
2414 2158 2537 2221 Cat.
2570 2160 2597 2221 Ι

283 2254 352 2335 5,
386 2252 498 2337 10,
561 2275 611 2316 c.
646 2252 749 2335 17,
781 2251 862 2316 18
885 2274 1014 2335 sqq.
1043 2283 1112 2304 =
1141 2256 1205 2316 in
1241 2254 1365 2317 Cat.
1393 2255 1474 2316 nl
1509 2254 1570 2336 4,
1601 2251 1669 2337 9,
1732 2275 1781 2316 c.
1815 2252 1917 2337 18,
1947 2252 2135 2337 9sqq.
2166 2284 2235 2307 -ε
2264 2259 2329 2317 in
2366 2256 2489 2319 Cat.
2518 2258 2597 2319 111

283 2352 350 2435 4,
373 2350 442 2435 8,
475 2350 589 2435 10,
629 2350 886 2435 1112,4;
915 2349 1136 2435 5sqq.;
1175 2373 1223 2415 c.
1257 2350 1359 2434 19,
1383 2350 1417 2413 7
1441 2382 1509 2403 -=
1539 2356 1602 2415 in
1642 2352 1765 2415 Cat.
1794 2352 1875 2415 111
1910 2350 1971 2434 3,
1994 2350 2062 2437 8,
2090 2374 2147 2417 ιι.
2182 2350 2267 2416 10
2288 2374 2505 2435 sqq.=
2535 2358 2595 2417 in

286 2452 414 2515 Cat.
443 2452 524 2514 111
563 2446 626 2531 5,
659 2448 741 2513 12
761 2471 848 2532 sq.
888 2451 1018 2513 coll.
1048 2449 1109 2531 4,
1139 2448 1208 2534 8,
1256 2448 1315 2531 6,
1349 2448 1448 2514 15.
1463 2446 1516 2537 ³)
1609 2452 1903 2514 accedunt
1948 2454 2129 2515 etiam
2176 2452 2308 2515 alia.
2356 2472 2492 2516 nam
2540 2462 2597 2515 et

287 2570 444 2632 quae
507 2550 864 2612 Plutarchus
926 2553 1007 2624 (c.
1052 2551 1166 2625 19)
1227 2558 1363 2629 post
1425 2553 1768 2619 coniuratos
1834 2554 2141 2614 conuictos
2199 2552 2263 2612 in
2328 2550 2598 2613 aedificio

287 2653 472 2712 amici
536 2647 846 2711 cuiusdam
907 2649 1092 2709 uicini
1158 2666 1361 2710 secum
1427 2643 1861 2711 deliberantem
1924 2648 2273 2711 Ciceronem
2349 2648 2599 2730 induxit,

287 2768 444 2829 quae
511 2745 784 2809 facienda
848 2755 1075 2826 essent,
1137 2745 1408 2808 breuiter
1462 2746 1809 2831 awimbrata
1863 2748 1962 2809 illa
2017 2767 2051 2808 a
2106 2746 2385 2809 Sallustio
2430 2750 2596 2821 (Cat.

287 2850 398 2923 46,
427 2847 466 2907 1
495 2848 637 2925 sq),
703 2847 943 2906 omnino
1007 2844 1265 2907 rhetoris
1330 2853 1517 2907 artem
1578 2844 1851 2908 redolent
1908 2852 1972 2908 et
2033 2844 2192 2926 quod
2255 2844 2597 2907 Terentiam

287 2963 542 3007 uxorem
591 2946 764 3025 quasi
799 2942 1050 3023 Egeriae
1094 2961 1349 3024 persona
1395 2943 1592 3005 induit
1628 2946 1711 3017 (c.
1740 2946 1875 3020 20).
1950 2952 2079 3007 tum
2116 2944 2423 3006 Ciceronis
2469 2944 2599 3005 laus

476 3191 528 3259 1)
567 3186 714 3241 Plut.
755 3186 911 3242 Caes.
941 3193 973 3241 8
1036 3192 1213 3243 Τοῦτο
1261 3186 1364 3257 μὲν
1410 3188 1514 3242 οὐκ
1561 3180 1693 3241 οῖδα
1740 3184 1889 3249 ὅπως
1936 3186 1966 3242 ὁ
2004 3185 2285 3257 Κικέρων,
2333 3186 2487 3255 εἴπερ
2526 3182 2598 3258 ἦν

287 3266 526 3339 ἀληθές,
567 3262 629 3323 ἐν
665 3270 742 3340 τῷ
779 3268 907 3337 περὶ
941 3276 1043 3338 τῆς
1076 3264 1350 3331 ὑπατείας
1385 3268 1490 3322 οὐκ
1529 3265 1791 3337 ἔγραψεν.

474 3362 532 3429 2)
568 3356 790 3411 Heeren
827 3358 916 3412 De
949 3357 1088 3425 font.
1119 3358 1268 3413 Plut.
1300 3374 1353 3427 p.
1386 3361 1507 3411 185.
1573 3355 1633 3410 P.
1664 3356 2025 3412 Weizsitcker
2060 3356 2119 3412 in
2156 3357 2429 3413 Fleckeis.
2470 3374 2597 3413 ann.

287 3446 392 3495 111
433 3457 492 3509 p.
523 3442 826 3492 417—428.
892 3436 956 3492 Ε.
987 3436 1270 3505 Schmidt,
1315 3438 1404 3492 De
1443 3438 1721 3493 Ciceronis
1765 3440 2149 3493 commentario
2196 3436 2263 3493 de
2306 3439 2599 3495 emulum

291 3520 508 3577 Graece
542 3518 748 3587 scripto
785 3536 822 3572 a
859 3519 1159 3573 Plutarcho
1192 3520 1258 3573 in
1291 3518 1416 3573 uita
1456 3516 1735 3573 Ciceronis
1774 3534 2039 3587 expresso.
2107 3516 2251 3572 Diss.
2283 3518 2395 3573 Ien.
2431 3524 2599 3586 1884,

285 3600 360 3655 Κ.
396 3597 661 3665 Buresch,
699 3599 812 3653 Die
843 3598 1070 3668 Qucum
1103 3614 1176 3653 zu
1212 3598 1318 3653 den
1355 3598 1744 3652 vorhcmdenen
1772 3598 2067 3653 Berichten
2102 3615 2210 3652 von
2246 3598 2343 3654 der
2372 3598 2596 3655 catilin.

301 3680 734 3749 Veroehwfflmy
777 3677 838 3731 in
881 3680 1174 3733 comment.
1213 3676 1485 3732 Ribbeck.
1515 3696 1571 3747 p.
1601 3682 1906 3746 217—234,
1944 3677 2059 3733 alii.
2090 3710 2159 3720 —-
2198 3678 2404 3734 Contra,
2447 3680 2601 3749 quod

289 3760 364 3817 G.
409 3758 560 3815 Smit
605 3758 871 3829 Sibinga,
933 3760 1024 3815 De
1067 3760 1217 3815 Plut.
1266 3760 1330 3814 in
1376 3759 1486 3814 Cic.
1525 3759 1651 3813 uita
1694 3760 1942 3827 fontibus
1986 3776 2053 3815 ac
2108 3760 2215 3826 fide
2264 3776 2399 3829 pars
2440 3763 2601 3830 prior

287 3840 518 3911 (Hagno
556 3841 734 3909 1863),
773 3856 810 3893 ιι.
843 3838 1148 3895 Plutarcho
1193 3838 1476 3895 orationes
1523 3838 1807 3894 Ciceronis
1852 3838 2013 3895 uelut
2047 3838 2439 3896 Mureniansm
2474 3857 2601 3912 per-

289 3924 572 3976 tractatas
611 3935 734 3975 esse
769 3920 866 3973 uix
903 3920 1204 3989 quisquam
1239 3919 1445 3974 credet.

479 4014 535 4079 3)
571 4008 780 4079 Omnes
825 4008 978 4063 locos
991 4052 1004 4077 ,
1061 4008 1266 4077 quibus
1319 4008 1657 4063 Plutarchus
1712 4026 1840 4063 cum
1890 4006 2175 4064 Ciceronis
2217 4007 2379 4064 libris
2427 4009 2601 4064 etiam

289 4108 452 4146 nunc
495 4088 848 4144 exstantibus
892 4088 1204 4160 conspirat,
1254 4092 1519 4145 accurate
1564 4088 1865 4144 adnotauit
1900 4088 2195 4144 Gudeman
2238 4090 2355 4145 The
2388 4106 2602 4147 sowi-ces

291 4172 368 4239 of
397 4170 712 4226 Plutareh's
756 4170 854 4238 life
897 4170 966 4237 of
1005 4171 1190 4226 Cicero
1225 4188 1278 4240 p.
1311 4174 1378 4223 66
1395 4176 1576 4236 -115‚
1624 4185 1969 4239 quamquam
2002 4169 2103 4224 uix
2142 4172 2297 4225 recte
2334 4170 2601 4225 Suetonio

293 4268 432 4307 eum
457 4268 622 4306 usum
649 4264 772 4305 esse
800 4248 1214 4305 demonstrasse
1241 4248 1351 4305 sibi
1379 4249 1535 4304 uisus
1563 4252 1665 4304 est.
1710 4249 1857 4304 Vide
1884 4252 2033 4305 Berl.
2058 4250 2197 4319 phil.
2228 4251 2601 4306 Wochenschr.

295 4336 446 4386 1903
483 4330 586 4386 eol.
619 4336 758 4385 1095
778 4348 898 4401 sqq.
