3234 5034
684 372 894 421 CCVIII
1175 370 1270 424 DF.
1308 368 1771 425 SCRIPTORVM
1816 368 1999 425 VITIS
2036 368 2131 424 ΕΤ
2170 367 2485 425 ΒΟΒῙΡΤΙΒ

680 556 934 619 quorum
981 536 1178 599 indice
1225 539 1584 616 nominatur,
1641 540 1983 618 sumpserit,
2028 538 2388 617 ignoramus,
2468 546 2736 618 tempore
2782 546 2981 600 autem

678 635 856 717 paulo
911 655 1049 698 eum
1095 638 1488 698 antecessisse
1535 644 1598 697 et
1640 644 1777 717 post
1830 655 1979 717 opus
2026 635 2363 698 absolutum
2408 636 2473 697 in
2518 637 2649 699 eius
2696 638 2983 716 cognitio-

680 753 818 797 nem
863 736 1102 796 uenisse
1147 733 1406 799 uidetur.
1481 734 1878 814 fragmentum
1934 733 2176 814 quidem
2230 733 2377 797 illud
2434 741 2701 795 tenorem
2748 737 2983 814 exposi-

681 834 866 895 tionis
903 834 1289 913 interrumpit
1325 850 1663 913 nomenque
1701 836 1763 895 in
1810 832 2109 895 indicibus
2146 850 2267 894 non
2304 832 2495 894 solum
2542 831 2683 893 libri
2728 834 2987 913 septimi,

679 930 786 993 ubi
830 933 1010 993 etiam
1055 933 1122 992 in
1167 939 1446 993 contextu
1493 939 1629 993 ante
1666 932 1991 994 Varronem
2037 950 2247 1011 agmen
2299 938 2611 993 auctorum
2664 933 2982 992 citatorum

681 1029 928 1110 claudit,
997 1029 1104 1091 sed
1177 1032 1356 1092 etiam
1431 1029 1721 1092 librorum
1783 1044 2003 1091 xxxiv
2070 1037 2131 1091 et
2192 1044 2387 1091 xxxv
2449 1029 2724 1091 ultimum
2788 1028 2985 1091 locum

679 1127 911 1191 obtinet
960 1130 1240 1203 (Urlichs
1299 1130 1814 1206 Ouellenreqister
1862 1148 1923 1203 p.
1958 1129 2045 1190 12
2076 1147 2161 1206 sq.
2229 1130 2535 1191 Μαιῆτιν
2575 1146 2643 1205 p.
2675 1127 2811 1189 353
2844 1131 2985 1205 σᾳ).

681 1233 948 1289 ceterum
1014 1226 1173 1306 quod
1229 1226 1301 1289 de
1354 1226 1486 1288 loco
1529 1228 1711 1308 primi
1766 1226 1970 1291 solarii
2022 1225 2271 1289 Romani
2317 1226 2567 1289 Vestalis
2623 1224 2985 1306 prodiderat,

681 1327 860 1387 etiam
907 1324 1222 1387 Censorini
1277 1327 1506 1388 auctori
1561 1332 1769 1387 notum
1824 1325 1937 1387 fult
1982 1328 2137 1400 (uid.
2176 1327 2432 1405 adnot),
2489 1327 2601 1407 etsi
2656 1323 2731 1385 ab
2776 1342 2849 1385 eo
2894 1326 2985 1385 in-

681 1431 954 1504 spectum
999 1441 1137 1486 eum
1185 1426 1378 1504 ipsum
1429 1442 1560 1486 esse
1608 1442 1846 1487 sumere
1894 1422 2188 1486 nolumus.

857 1521 1294 1584 Deculonem
1340 1521 1452 1584 sub
1497 1524 1859 1603 imperatore
1896 1521 2136 1584 Tiberio
2184 1523 2499 1601 scripsisse
2546 1539 2621 1582 ex
2656 1523 2789 1601 ipso
2826 1520 2984 1600 frag-

681 1627 883 1683 mento
921 1620 1133 1699 elucet,
1170 1629 1408 1701 praeter
1443 1620 1604 1701 quod
1638 1639 1817 1683 usum
1854 1638 1927 1682 eo
1963 1638 2097 1682 esse
2132 1619 2391 1682 Plinium
2428 1620 2607 1681 etiam
2644 1621 2707 1680 in
2744 1618 2899 1681 libro
2938 1632 2989 1680 x

682 1718 878 1781 indice
927 1718 1233 1800 discimus,
1278 1718 1388 1781 sed
1433 1718 1651 1799 quibus
1696 1718 1845 1781 locis
1890 1721 2130 1780 omnino
2176 1720 2471 1780 incertum
2520 1726 2613 1779 est
2648 1710 2991 1801 (Mamer
3026 1792 3037 1807 ι

667 1835 740 1895 p.
769 1818 905 1879 400
929 1821 1066 1895 sqq.

861 1913 1190 1977 Cornelii
1233 1914 1601 1977 Valeriani
1655 1917 1855 1996 operis
1908 1915 2160 1978 formam
2211 1914 2431 1977 clarius
2475 1916 2813 1995 exprimere
2858 1916 2993 1976 acri

682 2014 1002 2093 sagacitate
1039 2012 1319 2075 Muenzer
1340 2033 1409 2091 p.
1439 2014 1796 2076 370—384
1832 2012 2076 2076 studuit.
2142 2014 2350 2075 citauit
2385 2015 2546 2075 enim
2584 2030 2723 2075 eum
2752 2011 2991 2075 Plinius

683 2114 746 2173 in
791 2111 1092 2174 indicibus
1135 2111 1428 2173 librorum
1466 2126 1610 2173 vm.
1646 2126 1713 2174 x.
1750 2126 1890 2175 x1v.
1928 2126 2025 2173 xv
2072 2120 2248 2192 atque
2294 2113 2357 2173 iu
2400 2113 2549 2192 ipsIs
2594 2110 2767 2172 libris
2802 2124 2853 2171 x
2880 2108 2989 2191 (5)

684 2219 744 2273 et
787 2224 911 2271 xlv
949 2211 1114 2285 (11).
1180 2212 1546 2290 argumentis
1589 2229 1711 2272 non
1756 2210 2011 2272 mulmm
2052 2209 2299 2271 uidetur
2342 2228 2375 2271 a
2412 2208 2643 2271 vestale
2688 2217 2751 2271 et
2792 2207 2993 2271 Decu-

681 2307 817 2369 lone
883 2308 1262 2370 abhorruisse
1327 2316 1412 2389 et,
1477 2316 1546 2371 ut
1607 2308 1923 2370 Muenzero
1990 2308 2251 2370 Senecae
2328 2307 2401 2368 de
2464 2306 2759 2368 breuitate
2822 2308 2993 2368 uitae

683 2425 734 2469 c.
779 2402 878 2486 13,
915 2402 956 2467 3
1005 2408 1138 2480 (his
1189 2410 1404 2470 diebus
1457 2411 1679 2471 audiui
1733 2410 2035 2484 quendam
2087 2408 2481 2488 referentem,
2544 2424 2703 2482 quae
2738 2408 2996 2483 primus

683 2510 938 2582 quisque
991 2525 1072 2567 ex
1127 2506 1422 2568 Romanis
1477 2508 1736 2569 ducibus
1774 2506 2079 2587 fecisset);
2138 2500 2208 2587 63
2256 2499 2297 2566 8
2354 2504 2721 2585 comparanti
2772 2502 2996 2583 placet,

683 2622 733 2664 a.
761 2598 1362 2685 47s800—48s801
1406 2606 1770 2684 exposuisse,
1809 2600 1985 2684 ‘quae
2020 2604 2253 2683 primus
2290 2604 2543 2683 quisque
2590 2620 2665 2663 ex
2700 2600 2995 2663 Romanis

685 2700 936 2763 ducibus
983 2699 1266 2781 fecisset’,
1305 2709 1469 2763 certe
1506 2710 1643 2783 post
1677 2721 1727 2763 a.
1758 2697 1880 2784 36]
1887 2698 1923 2761 7
1930 2696 2016 2764 89
2055 2719 2153 2763 res
2189 2702 2477 2762 memoria
2514 2699 2739 2780 dignas,
2774 2699 2997 2779 quales

684 2798 963 2879 colligere
1019 2808 1143 2862 tum
1201 2802 1264 2861 in
1319 2818 1486 2861 more
1541 2808 1696 2878 erat,
1744 2801 2117 2880 conscripsit.
2182 2817 2333 2879 quae
2379 2806 2620 2878 praeter
2666 2796 2781 2859 duo
2830 2796 2994 2879 frag-

683 2904 883 2959 menta
941 2918 974 2958 a
1038 2897 1211 2959 nobis
1275 2906 1510 2960 enotata
1575 2916 1647 2959 ex
1714 2897 1903 2959 Plinio
1969 2907 2029 2959 et
2086 2897 2316 2959 Seneca
2373 2895 2653 2959 Muenzer
2715 2895 2789 2957 ad
2848 2914 2993 2959 eum

683 2994 1000 3075 rettulerit,
1045 3013 1408 3076 persequere
1455 2995 1612 3077 apud
1658 2998 1871 3076 ipsum.
1887 2990 1937 3081 ι)

861 3093 1338 3156 Pescennium
1393 3093 1709 3173 Festum,
1767 3096 1870 3175 qui
1924 3101 2164 3175 praeter
2213 3093 2505 3155 Lactantii
2558 3092 2755 3153 locum
2812 3091 2996 3154 nobis

682 3194 920 3271 ignotus
967 3199 1083 3272 est,
1130 3211 1162 3253 a
1208 3191 1517 3254 Rohdenio
1554 3195 1834 3270 (Prosop.
1868 3193 1983 3254 III
2006 3212 2073 3271 p.
2112 3193 2199 3253 24
2245 3211 2303 3252 n.
2344 3190 2503 3266 181)
2552 3210 2685 3252 cum
2734 3207 2834 3270 eo,
2884 3194 2995 3271 qui

683 3310 716 3351 a
771 3289 1059 3370 Septimio
1115 3290 1338 3353 Seuero
1395 3293 1630 3353 occisus
1686 3298 1804 3370 est,
1860 3293 2201 3352 coniectura
2256 3290 2599 3368 confusum,
2654 3306 2799 3350 num
2848 3290 2987 3351 iure

683 3390 744 3449 in
792 3405 1110 3449 numerum
1155 3397 1426 3453 nostrum
1472 3390 1821 3469 receperim,
1870 3387 2090 3451 dubito.
2163 3406 2301 3449 nam
2348 3388 2479 3449 siue
2518 3384 2649 3468 ‘per
2694 3384 2993 3449 saturam’

685 3505 821 3549 cum
887 3483 1315 3548 ‘historiarum'
1384 3489 1826 3567 coniungimuS,
1889 3487 2201 3567 ποικίλην
2266 3484 2570 3567 ἱστορίαν
2641 3484 2995 3549 Lactantius

682 3592 922 3647 uertere
984 3585 1247 3648 uoluisse
1311 3585 1570 3665 uidetur,
1636 3587 1765 3647 siue
1831 3603 1967 3646 cum
2024 3580 2276 3663 ‘refert',
2331 3583 2640 3645 historiam
2702 3586 2995 3647 continuo

683 3682 783 3745 filo
826 3692 1158 3764 pertextam
1203 3702 1324 3747 non
1372 3686 1630 3766 scripsit.

863 3882 910 3943 A
974 3880 1258 3943 Bruttio
1317 3880 1554 3943 Flauiae
1627 3878 1959 3941 Domitillae
2032 3882 2383 3960 martyrium
2456 3889 2989 3943 commemoratum

684 3998 820 4042 esse
882 3986 1067 4041 testes
1123 3980 1364 4041 fuerunt
1417 3978 1712 4041 Eusebius
1768 3980 1831 4041 in
1886 3978 2210 4057 chronicis,
2265 3995 2337 4040 ex
2393 3996 2511 4058 quo
2567 3996 2674 4041 sua
2730 3981 2992 4059 sumpsit

686 4076 1023 4160 Syncellus,
1069 4086 1129 4139 et
1173 4077 1436 4158 Malalas,
1491 4097 1562 4140 ex
1619 4096 1737 4158 quo
1794 4078 2117 4139 chronicon
2162 4076 2443 4138 Paschale
2490 4076 2600 4157 (cf.
2632 4077 2717 4157 fr.
2756 4076 2803 4138 3
2850 4095 2991 4140 cum

869 4304 919 4373 1)
957 4303 1068 4370 Qui
1104 4318 1139 4357 a
1174 4302 1358 4357 Plinio
1395 4302 1456 4357 in
1492 4302 1682 4357 indice
1718 4301 1853 4360 libri
1890 4322 1954 4357 m
1992 4306 2051 4358 et
2094 4302 2155 4357 in
2192 4306 2351 4359 textu
2388 4308 2420 4367 3
2462 4306 2565 4357 108
2602 4303 2815 4357 citatur
2854 4302 2987 4357 ‘Va-

685 4382 975 4452 lerianus’,
1015 4382 1160 4438 alius
1199 4387 1300 4439 est.
