3234 5034
1127 266 1184 321 C.
1217 266 1500 321 ASINIVS
1538 266 1797 322 POLLIO
2320 287 2617 334 LXXXVII

297 431 704 494 aduersarius.
785 432 1100 512 Inscripsit
1143 434 1364 496 librum
1411 442 1479 496 ut
1533 434 1633 495 ille
1687 434 2041 495 historias
2089 434 2195 511 (fr.
2237 434 2295 494 1.
2344 453 2401 495 u.
2442 434 2613 511 infra

283 549 354 608 p.
385 534 708 610 rxxxxm),
738 531 844 592 sed
872 550 1182 611 quousque
1211 534 1597 612 pertexuerit,
1628 535 1947 611 nescimus,
1986 551 2123 593 cum
2162 529 2445 593 ‘ciuicum
2487 531 2613 592 bel-

297 627 445 690 lum’
488 631 740 691 incertis
777 629 998 691 linibus
1036 630 1581 709 circumscribatur,
1619 629 1787 692 uelut
1823 631 2127 710 Appianus
2169 631 2233 691 in
2272 629 2329 691 S.
2369 629 2613 709 Pompei

295 734 491 788 morte
541 721 860 813 (35s719)
909 727 1193 789 substitit.
1207 722 1259 812 ¹)
1333 747 1446 789 nec
1500 730 1671 789 iuuat
1725 727 1943 788 Suidae
1999 729 2409 789 testimonium
2468 747 2515 790 s,
2554 748 2609 789 u.

299 819 597 898 Ἀσίνιος
626 827 699 900 (I
719 827 758 886 1
776 846 844 903 p.
871 825 1001 887 786
1027 827 1236 904 Bady)
1266 820 1560 898 Ἀσίνιος
1587 824 1901 905 fimum,
1929 817 2267 906 Ῥωμαῖος·
2318 823 2614 907 ἱστορίας

284 915 650 1003 Ῥωμαϊκὰς
684 919 1040 998 συνέταξεν
1079 917 1154 986 ἐν
1190 923 1476 1004 βιβλίοις
1525 917 1618 998 ιζ’.
1674 923 1779 984 ubi
1826 941 1979 1003 quae
2026 931 2361 1003 sequuntur
2411 916 2611 996 οὗτος

293 1027 558 1102 πρῶτος
586 1015 984 1102 Ἑλληνικὴν
1023 1019 1326 1103 ἱστορίαν
1355 1015 1725 1102 Ῥωμαϊκῶς
1771 1018 2234 1103 συνεγράψατο
2283 1021 2609 1102 separanda

293 1137 430 1180 esse
461 1117 535 1180 ah
565 1119 678 1180 hoc
705 1119 928 1198 Asinio,
958 1139 1094 1181 cum
1125 1122 1255 1180 siue
1285 1139 1356 1180 ex
1385 1119 1667 1199 Pompeio
1696 1119 1890 1198 Trogo
1921 1122 2041 1193 (sic
2076 1121 2445 1196 Gutschmid,
2484 1122 2609 1182 uid.

295 1218 492 1278 Flach
529 1236 605 1278 m.
635 1219 752 1280 Rh.
781 1218 886 1296 36,
911 1237 979 1296 p.
1008 1219 1276 1295 317sq.)
1326 1219 1455 1279 siue
1503 1235 1575 1278 ex
1612 1217 1911 1278 Tralliano
1951 1219 2274 1291 (Heckeis
2305 1237 2447 1280 ann.
2480 1218 2612 1279 119

279 1333 350 1392 p.
391 1316 526 1376 420
544 1319 702 1392 sqq.)
750 1318 1131 1396 irrepserint,
1187 1333 1298 1394 per
1353 1334 1417 1376 se
1476 1323 1749 1397 apparet3
1813 1333 1951 1376 nam
2008 1315 2167 1394 quod
2227 1334 2301 1377 ex
2359 1335 2610 1378 numero

295 1412 708 1493 septendecim
755 1412 1046 1476 librorum
1094 1432 1280 1476 annos
1317 1408 1761 1496 60s694—44
1773 1408 1957 1495 s710,
2006 1415 2043 1474 i.
2074 1433 2124 1474 e.
2164 1433 2273 1476 suo
2312 1433 2611 1494 quemque

293 1530 518 1573 annum
577 1511 729 1572 libro
785 1519 1100 1574 tractatum
1157 1530 1290 1573 esse
1337 1510 1518 1572 Flach
1563 1510 1600 1571 1.
1642 1529 1687 1572 S.
1728 1509 2047 1589 conclusit,
2104 1511 2373 1590 exemplo
2430 1520 2609 1573 caret.

293 1619 460 1672 certe
507 1610 750 1671 Asinius
795 1609 983 1671 Pollio
1031 1609 1341 1671 Ciceronis
1389 1619 1645 1671 mortem
1692 1610 1800 1687 (fr.
1840 1611 1909 1684 5)
1959 1617 2019 1671 et
2072 1628 2331 1689 pugnam
2386 1610 2610 1691 Philip-

291 1727 546 1788 pensem
594 1709 704 1786 (fr.
745 1710 814 1783 6)
865 1715 1240 1788 narrauerat,
1296 1709 1578 1787 quoniam
1636 1707 1708 1768 fr.
1747 1702 1790 1767 6
1846 1726 1919 1768 ex
1975 1707 2243 1769 historiis
2304 1715 2608 1788 sumptum

293 1826 430 1868 csse
467 1806 610 1868 inde
648 1805 966 1886 colligitur,
1003 1805 1165 1886 quod
1201 1806 1356 1886 apud
1393 1805 1667 1866 Tacitum
1705 1804 1889 1866 uerba
1928 1812 2068 1867 sunt
2104 1804 2393 1867 Cremutii
2431 1805 2611 1868 Cordi

295 1904 370 1966 de
417 1903 598 1966 editis
645 1903 959 1966 annalibus
1007 1903 1262 1966 dicentis
1310 1911 1368 1964 et
1415 1906 1510 1964 sui
1558 1903 1919 1965 defendendi
1966 1922 2144 1964 causa
2182 1906 2244 1964 in
2282 1903 2394 1965 hac
2441 1913 2609 1984 parte

291 2005 582 2064 orationis
639 2011 879 2083 praeter
933 2003 1202 2064 Asinium
1251 2001 1316 2062 T.
1355 2001 1594 2063 Liuium
1653 2009 1713 2062 et
1766 2001 2099 2062 Messallam
2147 2001 2473 2064 Coruinum
2526 2002 2608 2063 as-

291 2101 563 2163 serentis.
636 2101 752 2162 hoc
807 2107 1006 2162 autem
1060 2099 1283 2161 bellum
1341 2100 1592 2161 idoneus
1642 2099 1779 2160 finis
1826 2099 1939 2161 fuit
1985 2101 2068 2177 ei,
2125 2100 2230 2178 qui
2285 2107 2345 2160 et
2396 2099 2608 2161 ultimo

293 2199 548 2261 discidio
595 2201 757 2260 inter
803 2198 1199 2260 Octauianum
1245 2198 1687 2276 Antoniumque
1735 2198 2030 2258 interesse
2075 2197 2369 2260 noluisset
2414 2207 2475 2259 et
2518 2199 2607 2260 ul-

291 2299 443 2358 tioni
490 2305 551 2358 et
595 2296 872 2359 manibus
920 2296 1194 2358 Caesaris
1241 2298 1412 2376 quasi
1457 2298 1520 2355 in
1559 2295 1865 2374 tragoedia
1902 2297 2164 2357 iustitiae
2204 2298 2349 2357 satis
2388 2297 2607 2358 factum

289 2404 350 2457 et
397 2399 570 2476 prius
617 2395 839 2456 bellum
889 2397 1284 2474 compositum
1333 2412 1466 2454 esse
1513 2402 1649 2474 apte
1698 2393 1998 2473 explicare
2049 2396 2359 2473 potuisset.
2373 2387 2425 2478 ⁹)

469 2493 721 2555 Restant
755 2501 956 2554 tamen
993 2495 1172 2554 etiam
1213 2492 1326 2554 alia
1365 2494 1723 2570 testimonia,
1764 2510 2119 2571 quamquam
2156 2494 2365 2553 notitia
2404 2502 2607 2555 nostra

289 2593 380 2653 eis
433 2593 633 2671 primo
687 2592 877 2670 magis
935 2589 1164 2651 turbari
1220 2588 1464 2652 uidetur
1509 2609 1687 2669 quam
1744 2592 1976 2672 augeri3
2034 2608 2171 2652 nam
2220 2592 2283 2650 in
2330 2591 2606 2653 omnibus

289 2689 710 2751 difficultatum
757 2691 944 2750 tricae
991 2688 1282 2769 quaedam
1329 2706 1440 2749 nos
1479 2696 1805 2750 morantur.
1880 2690 2073 2768 prima
2112 2689 2259 2749 haec
2297 2695 2389 2749 est
2426 2707 2603 2768 quae-

287 2790 428 2868 stio,
488 2786 708 2867 quibus
762 2785 1199 2848 Plutarchus
1255 2794 1325 2847 et
1378 2787 1745 2866 Appianus
1800 2788 1863 2846 in
1913 2785 2309 2848 describendo
2355 2785 2457 2846 illo
2504 2806 2605 2848 an-

287 2903 506 2946 norum
565 2886 755 2964 spatio
803 2884 1148 2946 auctoribus
1194 2886 1290 2944 usi
1339 2902 1472 2945 esse
1521 2883 1859 2946 uideantur.
1923 2902 2062 2945 nam
2108 2887 2423 2964 utriusque
2470 2903 2605 2946 nar-

282 3069 442 3122 uobis
463 3082 692 3135 possum
719 3065 864 3119 nihil
891 3081 1000 3120 esse
1029 3066 1091 3118 in
1117 3065 1364 3119 historiis
1390 3067 1507 3119 eius
1539 3065 1639 3119 hoc
1666 3081 1821 3134 quem
1849 3065 2041 3119 rettuli
2078 3064 2192 3120 loco
2228 3065 2505 3133 disertius,
2541 3073 2605 3121 ut

283 3147 421 3202 mt'hi
457 3153 594 3201 tunc
629 3161 743 3200 non
790 3145 1045 3199 laudasse
1087 3146 1421 3210 Ciceronem,
1466 3143 1562 3200 sed
1597 3149 1827 3199 certasse
1862 3162 1987 3199 cum
2026 3143 2279 3200 Cicerone
2323 3147 2601 3201 uideatur.

287 3245 379 3282 nec
404 3228 508 3280 hoc
535 3225 844 3280 deterrendi
869 3241 1040 3279 causa
1075 3225 1216 3290 dico,
1253 3242 1321 3279 ne
1356 3225 1617 3280 historias
1653 3225 1772 3280 eius
1810 3225 1977 3294 legere
2013 3225 2440 3293 concupiscatis:
2476 3241 2600 3280 con-

283 3307 548 3376 cupiscite
573 3311 625 3360 et
644 3321 857 3373 poenas
887 3304 1138 3359 Ciceroni
1165 3304 1388 3359 dabitis.
1445 3304 1661 3358 Seneca.
1698 3319 1784 3374 ep.
1819 3309 1939 3372 114,
1973 3308 2036 3356 17
2076 3303 2345 3360 Sallustio
2380 3305 2601 3376 uigente

283 3391 606 3456 amputatae
640 3384 940 3439 sententiae
971 3391 1022 3440 et
1047 3385 1218 3440 uerba
1245 3391 1374 3439 ante
1401 3391 1769 3453 exspectatum
1796 3384 2055 3440 cadentia
2082 3391 2133 3438 et
2160 3385 2392 3440 obscura
2420 3385 2600 3440 breui-

284 3473 368 3522 tas
391 3467 550 3534 fuere
571 3482 679 3536 pro
707 3465 875 3520 cultu.
918 3469 1040 3534 100,
1070 3469 1100 3517 ’1
1142 3465 1252 3536 leye
1283 3465 1617 3520 Cicerone-m.-
1655 3465 1968 3534 compositio
1998 3465 2115 3519 eius
2142 3481 2262 3518 una
2290 3470 2384 3532 est,
2404 3465 2599 3534 pedem

280 3551 484 3602 curuat
521 3545 672 3599 lenta
705 3551 756 3598 et
789 3545 909 3598 sinc
946 3544 1188 3612 infamia
1226 3545 1419 3600 mollis.
1477 3550 1537 3598 at
1572 3551 1766 3600 contra
1795 3544 2069 3598 Pollioni-s
2096 3545 2292 3600 Asinii
2326 3547 2602 3600 salebrosa

281 3633 328 3681 et
371 3626 608 3681 exiliens
641 3631 695 3679 et
726 3625 830 3679 ubi
863 3625 1086 3680 minime
1131 3631 1412 3694 exc-spectes,
1458 3625 1736 3680 relictura.
1795 3625 2027 3693 denique
2072 3626 2258 3679 omnia
2305 3625 2461 3694 apud
2510 3626 2600 3681 Ci-

279 3722 524 3762 ceronem
565 3704 846 3770 desinunt,
882 3711 1023 3774 aput
1058 3705 1362 3761 Pollionem
1399 3705 1608 3760 cadunt
1643 3705 1880 3774 exceptis
1915 3705 2299 3773 paucissimis,
2345 3721 2486 3774 quae
2522 3707 2600 3760 ad

279 3791 486 3840 certum
521 3785 746 3840 modum
781 3791 832 3840 ct
867 3783 945 3838 ad
979 3801 1156 3840 unum
1193 3785 1472 3852 exemplar
1507 3785 1776 3840 adstricta
1806 3791 1951 3840 sunt.

461 3867 516 3934 1)
553 3863 744 3919 Etiam
781 3863 1011 3919 Asinius
1049 3881 1118 3920 ex
1156 3863 1378 3919 Seeckii
1416 3865 1702 3919 sententia.
1738 3865 1776 3919 1.
1808 3883 1847 3919 s.
1878 3881 1933 3933 p.
1966 3869 2087 3919 508.

459 3948 516 4016 2)
557 3943 650 4000 Sic
686 3943 944 4014 plerique
989 3943 1100 3997 uiri
1139 3944 1306 4000 docti.
1365 3944 1723 3999 Kornemsnn
1761 3943 1797 3999 1.
1828 3962 1871 3998 s.
1904 3963 1959 4015 p.
1992 3949 2095 3999 662
2118 3961 2240 4014 sqq.
2272 3946 2447 4016 (quod
2482 3947 2597 4002 iam

281 4024 645 4081 Hendeeourt
681 4042 735 4094 p.
769 4029 832 4077 71
884 4023 1223 4095 coniecerat)
1261 4041 1439 4094 usque
1478 4024 1551 4078 ad
1587 4023 1802 4078 bellum
1841 4024 2135 4079 Actiacum
2180 4041 2309 4080 eum
2355 4025 2415 4080 in
2462 4027 2597 4081 seri-

281 4105 466 4161 bendo
502 4103 830 4175 peruenisse
869 4103 1010 4174 uult,
1049 4103 1264 4160 incerto
1292 4103 1664 4160 fundamento
1692 4122 1853 4173 usus;
1892 4107 1979 4159 ent
2008 4105 2159 4159 enim
2187 4105 2381 4175 opinio
2412 4107 2597 4162 Asinii

283 4185 354 4240 ab
383 4186 650 4258 Appiano
688 4200 868 4252 usque
907 4185 982 4238 ad
1019 4185 1280 4253 quintum
1319 4184 1526 4240 librum
1563 4183 1707 4239 belli
1744 4183 1931 4240 ciuilis
1970 4185 2234 4255 adhibiti,
2273 4202 2419 4254 quae
2456 4185 2595 4242 item

281 4265 340 4320 in
375 4265 596 4321 lubrico
633 4267 920 4322 exstructa
957 4268 1058 4320 est.
