3234 5034
1080 327 1135 382 C.
1168 327 1457 383 ASINIVS
1494 328 1752 384 POLLIO
2307 354 2578 402 Lxxxxl

266 489 479 552 bellum
516 491 991 555 Mithridaticum
1038 501 1101 555 et
1145 503 1399 557 mortem
1439 495 1787 558 Sallustium
1835 500 2006 578 sequi
2052 499 2263 561 maluit
2291 501 2574 573 (Ouellen

268 593 319 650 d.
355 593 514 651 Plut.
549 611 621 668 p.
668 592 797 651 112
824 596 997 669 sqq.).
1088 591 1205 654 Sed
1270 595 1573 673 Appianus
1641 597 1820 656 etiam
1884 597 1948 658 in
2016 595 2302 658 Cicerone
2370 600 2574 677 inique

266 689 629 750 aestimando
680 690 788 763 (II
818 691 932 764 15)
982 693 1221 752 omnino
1280 691 1352 753 ab
1398 691 1603 754 Asinio
1661 692 1882 772 pendet
1930 695 2037 771 (fr.
2077 697 2148 768 5)
2167 688 2238 779 ¹),
2287 705 2463 774 atque
2513 698 2573 756 in

262 787 431 847 tertio
480 786 640 847 libro
688 787 965 850 Pisonem
1012 807 1123 868 per
1166 789 1304 870 plus
1340 809 1445 851 sex
1486 793 1680 870 capita
1718 793 1801 863 (ε.
1841 793 2134 868 54-60)
2173 811 2282 872 pro
2320 794 2574 855 Antonio

262 891 461 946 contra
512 884 867 948 Ciceronem
916 886 1345 949 declamantem
1394 889 1553 966 facit,
1592 887 1824 950 duobus
1863 888 2214 952 Ciceronem
2260 893 2320 951 in
2360 891 2571 952 aduer-

261 985 479 1044 sarium
521 984 907 1046 inuehentem
948 987 1029 1058 (c.
1062 987 1150 1046 52
1176 991 1314 1065 sq),
1354 986 1613 1065 denique
1661 986 1927 1066 qualibet
1971 990 2285 1050 occasione
2333 997 2569 1069 arrepta

256 1089 502 1160 propter
556 1081 961 1160 insolentiam,
1021 1082 1363 1145 dominandi
1420 1083 1825 1165 cupiditatem,
1873 1087 2359 1164 inconstantiam,
2407 1089 2569 1166 igna-

256 1181 410 1240 uiam
460 1181 834 1260 contemptui
880 1181 1064 1242 fuisse
1104 1183 1467 1262 irrisumque
1507 1200 1541 1242 a
1580 1190 1792 1243 senatu
1830 1190 1890 1244 et
1927 1182 2000 1244 ab
2039 1183 2364 1245 Octauiano
2407 1203 2566 1245 eom-

256 1286 545 1339 memorat
601 1279 747 1352 (III
796 1281 885 1340 66
894 1301 919 1351 ,·
973 1279 1095 1350 82;
1141 1278 1265 1351 89;
1310 1280 1444 1359 93),
1498 1299 1858 1360 quamquam
1913 1288 2120 1360 postea
2177 1289 2448 1344 mortuus
2497 1301 2567 1344 ex

256 1394 417 1436 more
476 1376 779 1437 rhetorico
833 1376 910 1438 ab
963 1377 1228 1458 Appiano
1295 1386 1542 1457 propter
1606 1378 2007 1457 eloquentiam
2075 1389 2134 1440 et
2195 1380 2566 1442 consulatum

256 1472 529 1535 laudatur
576 1476 711 1548 (IV
740 1476 828 1535 19
844 1477 982 1555 sq),
1029 1484 1098 1537 ut
1144 1483 1317 1536 antea
1365 1475 1437 1536 ah
1485 1477 1707 1537 Asinio.

427 1573 502 1632 At
548 1572 692 1653 quid
740 1570 931 1634 haec?
996 1582 1305 1635 constatne
1352 1573 1501 1634 illud
1549 1583 1611 1634 et
1655 1577 1921 1654 Appiano
1969 1584 2030 1636 et
2074 1575 2390 1638 Plutarcho
2436 1578 2565 1636 Asi·

251 1673 415 1732 nium
452 1673 515 1730 in
553 1669 831 1731 manibus
869 1669 1100 1732 luisse?
1158 1671 1231 1732 ah
1276 1679 1533 1751 utroque
1582 1691 1716 1733 eum
1767 1673 2056 1734 citatum?
2111 1691 2324 1735 uerum
2365 1683 2560 1735 tamen

250 1769 359 1828 hac
414 1771 542 1848 ipsa
610 1787 675 1828 re
742 1777 995 1848 augetur
1059 1769 1367 1831 dubitatio.
1443 1788 1579 1831 nam
1646 1770 1744 1831 hic
1810 1789 1880 1831 eo
1947 1779 2190 1832 auctore
2257 1774 2562 1834 nominato

248 1867 357 1943 (fr.
388 1867 459 1941 2)
498 1867 687 1928 refert
732 1868 797 1929 in
836 1866 1107 1928 Caesaris
1153 1869 1279 1929 uita
1327 1867 1553 1928 dictum
1596 1865 1894 1946 quoddam
1943 1871 2073 1930 eius
2119 1877 2254 1948 post
2299 1888 2560 1949 pugnam

244 1963 609 2025 Pharsaliam
649 1973 710 2024 et
748 1983 1065 2026 numerum
1106 1965 1363 2026 militum
1402 1965 1646 2044 Pompei
1694 1967 1756 2026 in
1805 1983 1874 2026 ea
1920 1967 2375 2029 interfectorum
2414 1986 2558 2030 eun-

248 2060 499 2141 demque
528 2080 849 2124 numerum
886 2064 1030 2124 item
1070 2061 1182 2124 suh
1222 2065 1353 2124 eius
1390 2065 1744 2124 auctoritate
1783 2071 1844 2124 et
1879 2062 2037 2125 idem
2069 2067 2130 2124 in
2159 2067 2283 2126 uita
2313 2065 2558 2146 Pompei

244 2171 307 2220 et
340 2163 661 2240 Appianas,
728 2162 845 2222 iam
892 2178 1041 2222 uero
1076 2163 1357 2241 quoniam
1405 2169 1660 2240 uterque
1709 2163 1888 2222 etiam
1935 2180 2174 2223 causam
2222 2162 2402 2244 addit,
2451 2181 2560 2226 cur

244 2261 377 2319 eius
433 2261 851 2320 auctoritatem
908 2261 1211 2338 citauerit,
1270 2279 1407 2321 eum
1453 2261 1650 2338 ipsum
1707 2277 1939 2338 pugnae
1995 2261 2368 2341 interfuisse,
2425 2263 2558 2324 fieri

240 2357 493 2417 forsitan
549 2357 830 2436 potuerit,
886 2364 969 2434 ut,
1026 2375 1162 2418 cum
1210 2358 1451 2418 Asinius
1502 2359 1842 2436 praesentia
1890 2375 1996 2418 sua
2043 2357 2422 2439 gloriaretur,
2468 2360 2556 2421 illi

238 2473 381 2516 casu
431 2454 641 2516 eodem
692 2453 1085 2516 deferrentur.
1180 2473 1538 2534 quamquam
1604 2457 1740 2534 quis
1807 2454 2158 2536 crediderit,
2225 2459 2328 2536 qui
2394 2456 2551 2520 idem

238 2555 419 2614 etiam
466 2551 579 2613 alio
628 2552 759 2612 loco
806 2551 1241 2632 obseruauerig
1291 2572 1406 2632 quo
1456 2560 1516 2614 et
1551 2554 1856 2632 Appianus
1895 2554 2004 2626 (II
2036 2554 2146 2628 79)
2187 2556 2358 2634 isque
2406 2558 2550 2617 item

234 2650 349 2711 hoc
394 2669 515 2710 uno
563 2649 695 2711 loco
741 2649 882 2711 belli
930 2650 1128 2712 ciuilis
1142 2644 1213 2734 ²),
1262 2659 1322 2712 et
1366 2651 1748 2729 Plutarchus,
1795 2653 1968 2730 isque
2016 2653 2076 2712 in
2127 2660 2381 2733 utraque
2429 2655 2552 2714 uita

234 2749 563 2821 (Caesaris
610 2749 715 2823 44,
782 2750 1031 2825 Pompei
1076 2749 1191 2823 69)
1242 2749 1557 2810 Caesarem
1614 2751 1980 2829 citauerunt,
2035 2757 2104 2810 ut
2161 2768 2298 2812 eum
2361 2755 2553 2826 secuti

232 2848 325 2919 (b.
354 2865 407 2907 c.
440 2846 553 2907 III
580 2845 699 2919 92)
738 2845 983 2925 Pompei
1028 2847 1091 2906 in
1140 2865 1335 2927 pugna
1373 2845 1678 2908 Pharsalia
1727 2854 2080 2924 strategema
2119 2849 2550 2928 uituperarent,

229 2943 415 3024 idque
462 2946 572 3022 ita,
626 2951 697 3004 ut
749 2951 1003 3022 uterque
1050 2946 1112 3005 in
1160 2944 1369 3006 eadem
1419 2963 1483 3005 re
1530 2943 1603 3006 ah
1659 2946 2013 3006 auctoritate
2061 2945 2332 3008 Caesaris
2380 2947 2548 3008 aher-

226 3035 479 3126 raret.⁸)
554 3040 661 3102 sed
718 3042 897 3101 etiam
946 3041 1092 3102 alias
1138 3043 1565 3104 similitudines
1624 3042 1928 3103 habemus.
2013 3043 2169 3122 apud
2215 3044 2546 3124 Appianum

226 3141 273 3200 J
280 3141 335 3198 V
362 3141 498 3201 110
545 3139 1048 3219 Plutarchumque
1095 3141 1235 3202 Ant.
1274 3141 1380 3216 22,
1428 3141 1601 3202 Brut.
1639 3141 1744 3216 41,
1790 3140 1897 3201 uhi
1940 3142 2190 3220 Augusti
2245 3161 2542 3204 commen·

224 3241 369 3298 tarii
438 3237 509 3298 de
576 3237 811 3298 somnio
875 3236 1130 3316 quodam
1206 3241 1337 3299 eius
1412 3240 1674 3301 citantur
1737 3241 1892 3311 (uid.
1935 3239 2019 3316 fr.
2059 3240 2149 3298 10
2204 3257 2255 3300 c.
2305 3243 2448 3302 adn.
2489 3249 2547 3302 et

222 3354 424 3414 supra
455 3355 524 3414 p.
557 3337 826 3413 unm),
865 3343 925 3396 et
963 3335 1117 3414 apud
1149 3336 1479 3416 Appianum
1520 3339 1662 3398 Celt.
1695 3337 1798 3413 18,
1835 3336 1940 3398 ubi
1981 3337 2054 3399 de
2095 3337 2251 3398 dicto
2289 3338 2546 3417 quodam

224 3459 666 3467 ——.———-.-——
696 3462 706 3465 ..

411 3528 463 3592 1)
500 3524 883 3594 Vid.Baineu‚
908 3527 1186 3596 Quomodo
1196 3527 1499 3594 Appianas
1523 3526 1586 3580 in
1604 3527 1865 3581 bellorum
1885 3527 2139 3582 ciuilium
2160 3528 2316 3582 libri-s
2333 3529 2482 3581 11-
2499 3529 2548 3582 V

224 3622 359 3660 usus
396 3607 473 3660 sit
508 3607 703 3660 Asinii
739 3607 1014 3661 Pollionis
1048 3606 1309 3670 historiiS,
1350 3605 1495 3659 Dies.
1526 3603 1678 3660 Gott.
1713 3612 1850 3660 1874
1887 3625 1943 3677 p.
1973 3613 2058 3661 41.

408 3689 463 3754 2)
504 3686 697 3740 Adicit
726 3685 789 3740 ἐν
814 3695 937 3748 ταῖς
966 3684 1295 3754 ἐπιστολαῖς,
1326 3684 1425 3738 ubi
1448 3684 1538 3739 uel
1557 3685 1779 3740 librarii
1799 3686 1891 3740 uel
1911 3687 2157 3757 Appiani
2179 3687 2541 3759 neglegentia

224 3764 425 3819 subest
469 3768 592 3836 (pro
632 3765 695 3822 ἐν
740 3773 863 3828 ταῖς
900 3763 1254 3835 ἐφημερίσιν,
1302 3765 1371 3819 cf.
1404 3763 1542 3819 Celt.
1577 3771 1643 3819 18
1691 3767 1752 3820 ἐν
1797 3775 1920 3828 ταῖς
1967 3764 2142 3829 ἰδίαις
2187 3779 2540 3838 συγγραφαῖς

221 3853 337 3898 τῶν
376 3843 675 3914 ἐφημέρων
712 3843 925 3915 ἔργων).

408 3929 463 3994 3)
503 3925 769 3980 Grauiter
813 3925 997 3995 primo
1043 3925 1168 3980 loco
1224 3941 1387 3980 narra
1396 3927 1460 3980 nt
1514 3925 1615 3980 illo
1673 3929 2078 3998 strategemate
2133 3927 2250 3981 uim
2296 3928 2538 3983 telorum

222 4002 587 4059 imminutam
632 4021 781 4061 esse:
832 4003 933 4068 τάς
978 4025 1036 4060 τε
1074 4004 1181 4075 γὰρ
1226 4005 1443 4074 πληγὰς
1486 4007 1597 4061 ὑπὸ
1644 4013 1746 4074 τῆς
1781 4009 1950 4078 βολῆς
1999 4008 2408 4076 εὐτονωτέρας
2452 4008 2536 4079 γί-

222 4088 468 4150 γνεσθαι
488 4087 649 4155 App.‚
670 4095 783 4140 τῶν
810 4106 869 4140 τε
899 4085 1003 4157 γὰρ
1032 4089 1259 4156 πληγῶν
1286 4087 1385 4141 τὸν
1414 4086 1472 4152 ἐξ
1502 4087 1808 4156 ἐπιδρομῆς
1831 4087 2036 4142 τόνον
2065 4087 2395 4158 ἀμαυρῶσαι
2423 4094 2532 4145 κτλ.

220 4161 377 4217 Plnt.
425 4165 486 4218 in
532 4165 652 4218 uita.
699 4167 913 4237 Pomp.‚
960 4168 1034 4229 ὡς
1081 4166 1141 4221 ἔν
1187 4185 1245 4222 τε
1288 4175 1413 4229 ταῖς
1456 4169 1696 4236 πληγαῖς
1741 4165 1876 4237 βίαν
1921 4167 2258 4238 προστίθησι
2306 4170 2366 4222 in
2412 4170 2534 4226 uita

222 4240 409 4309 Caes„
447 4245 517 4300 de
562 4262 676 4314 qua.
720 4262 781 4301 re
820 4245 960 4300 nihil
1000 4246 1154 4316 apud
1190 4247 1375 4316 ipsum
1416 4245 1727 4314 Caesarem,
1763 4246 1875 4302 uid.
1907 4247 2191 4304 Schwartz
2227 4265 2317 4320 ap.
2349 4250 2535 4304 Paul.-

221 4321 402 4377 Wiss.
430 4324 481 4378 Π
516 4341 561 4378 c.
592 4331 695 4380 226
716 4344 798 4395 sq.
