3234 5034
454 1336 521 1385 3⁷

438 1428 540 1475 790

438 2322 540 2403 §A

439 2414 541 2462 784

465 3094 527 3143 17

445 3183 545 3231 '237

581 312 668 376 92
1025 310 1456 368 IMPERATOR
1483 312 1820 369 'rmnmvs
1856 312 2218 369 GLAVDNS
2254 311 2455 371 NERO

581 482 821 559 imperii
870 482 1000 559 fuit,
1045 496 1256 543 manus
1303 500 1440 543 suas
1487 483 1550 543 in
1595 488 1786 543 totum
1834 480 2041 543 orbem
2084 490 2247 543 terra
2292 483 2561 562 marique
2598 482 2881 561 porrexit,

583 578 771 641 donec
817 579 1058 659 regibus
1105 581 1338 641 cunctis
1396 589 1459 642 et
1511 580 1851 642 nationibus
1907 582 2159 661 imperio
2204 579 2535 660 subiugatis
2580 598 2718 641 cnm
2760 580 2879 641 iam

579 676 870 739 beliorum
915 679 1161 739 materia
1209 678 1505 759 deficeret,
1552 678 1786 739 uiribus
1834 680 1961 740 suis
2006 678 2159 740 male
2203 686 2493 757 uteretur,
2549 676 2769 759 quihus
2814 696 2881 739 sc

578 776 707 855 ipsa
755 776 1025 837 confecit.
1117 776 1264 837 haec
1309 778 1426 838 fuit
1467 778 1658 856 prima
1706 778 1836 839 eius
1882 785 2177 857 senectuS,
2226 796 2363 838 cum
2408 776 2583 838 bellis
2620 775 2877 837 lacerata

581 874 858 936 ciuilibus
904 882 1080 954 atque
1127 876 1410 936 intestino
1455 875 1610 936 malo
1647 894 1853 955 pressa
1892 894 2103 937 rursus
2141 875 2213 936 ad
2251 877 2517 955 regimen
2556 874 2878 955 singularis
2904 896 2931 935 ε

578 974 816 1052 imperii
890 972 1142 1034 reccidit
1199 975 1370 1053 quasi
1445 972 1518 1035 ad
1583 973 1827 1035 alteram
1892 974 2199 1035 infantiam
2266 973 2553 1035 reuoluta.
2662 976 2881 1035 amissa

579 1074 738 1133 enim
785 1070 1072 1150 libertate,
1129 1091 1307 1151 quam
1353 1071 1536 1133 Bruto
1585 1070 1737 1133 duce
1784 1080 1847 1134 et
1890 1079 2133 1134 auctore
2182 1071 2543 1151 defenderat,
2600 1074 2683 1133 ita
2740 1091 2879 1133 con·

579 1171 793 1248 senuit,
841 1178 1138 1249 tamquam
1185 1178 1522 1232 sustentare
1577 1189 1644 1231 se
1702 1172 1831 1250 ipsa
1886 1188 2005 1231 non
2050 1170 2306 1252 ualeret,
2352 1172 2470 1232 uisi
2518 1170 2879 1232 adminiculo

579 1269 911 1347 regentium
959 1270 1271 1329 niteretur.

760 1361 801 1427 2
819 1366 883 1427 *0
933 1368 1096 1429 Suet.
1141 1367 1264 1429 Tib.
1307 1368 1392 1428 73
1437 1366 1665 1429 Seneca
1712 1386 1849 1429 eum
1898 1366 2262 1446 [Tiberium]
2322 1366 2535 1429 scribit
2578 1366 2881 1429 intellecta
2910 1388 2963 1427 ιο

579 1466 908 1527 defectione
971 1474 1310 1545 exemptum
1357 1465 1596 1527 anulum
1664 1468 1834 1546 quasi
1888 1466 2065 1528 alicui
2128 1464 2485 1527 traditurum
2558 1484 2883 1546 parumper

579 1566 860 1643 tenuisse,
917 1564 1054 1625 dein
1101 1582 1312 1625 rursus
1359 1572 1590 1643 aptasse
1650 1563 1833 1643 digito
1894 1572 1959 1625 et
2012 1582 2353 1644 compressa
2410 1566 2653 1625 sinistra
2698 1582 2879 1625 manu

575 1664 831 1723 iacuisse
881 1661 980 1723 diu
1025 1662 1414 1724 immobilem:
1471 1662 1669 1724 subito
1724 1664 1951 1723 uocatis
2006 1664 2300 1724 ministris
2354 1681 2425 1723 ac
2487 1664 2729 1723 nemine
2786 1681 2879 1723 re-

578 1760 902 1841 spondente
940 1762 1390 1821 consurrexisse
1428 1779 1540 1823 nec
1586 1759 1795 1841 procui
1842 1780 1873 1821 a
1922 1760 2136 1821 lectulo
2186 1759 2597 1823 deficientibus
2641 1760 2880 1822 uiribus

578 1857 928 1921 concidisse.
2908 1880 2961 1919 is

1491 1949 1744 1956 ——-
1783 1948 1971 1957 ψ

719 2072 1369 2149 IMPERATORIS
1435 2072 1799 2147 TIBERII
1856 2072 2245 2147 CLAVDII
2298 2072 2725 2147 NERONIS

1121 2218 1229 2278 DE
1278 2218 1472 2278 vrrA
1519 2218 1676 2278 SVA
1724 2216 2359 2279 COMMENTARIVS

765 2353 827 2424 l.
877 2362 1039 2422 Suet.
1088 2362 1209 2422 Tib.
1249 2361 1332 2421 61
1391 2360 1520 2421 Etsi
1567 2362 2009 2440 commentario,
2056 2379 2234 2441 quem
2282 2359 2354 2421 de
2399 2362 2523 2422 uita
2570 2379 2677 2421 sua
2716 2378 2879 2422 sum·

581 2462 784 2521 matim
855 2458 1240 2539 breuiterque
1304 2461 1662 2539 composuit,
1735 2478 1915 2521 ausus
1978 2467 2070 2520 est
2134 2458 2400 2520 scribere
2464 2457 2749 2520 Seianum
2814 2476 2881 2519 se

581 2559 851 2637 punisse,
934 2555 1093 2639 quod
1176 2559 1565 2638 comperisset
1642 2557 1841 2619 furere
1901 2556 2189 2619 aduersus
2254 2556 2473 2619 liberos
2540 2555 2881 2618 Germanici

581 2655 688 2716 filii
735 2658 846 2717 sui.
2210 2661 2219 2669 '

961 2834 1608 2909 IMPERATORIS
1666 2833 2027 2909 TIBERII
2082 2832 2467 2909 CLAVDII

1541 2977 1925 3040 HISTORIA

769 3116 832 3183 l.
895 3124 1057 3183 Suet.
1105 3123 1313 3184 Claud.
1353 3122 1435 3182 21
1505 3120 1669 3182 Fecit
1735 3120 2087 3200 [Claudius]
2156 3128 2213 3181 et
2278 3120 2643 3201 saeculares,
2710 3125 2881 3203 quasi

585 3221 935 3300 anticipatos
981 3219 1054 3280 ab
1099 3220 1361 3298 Augusto
1409 3238 1522 3281 nec
1565 3218 1830 3298 legitimo
1877 3220 2129 3299 tempori
2178 3228 2543 3298 reseruatoS,
2601 3223 2881 3300 quamuis
2908 3240 2963 3280 :o

585 3346 746 3353 ———-
788 3346 887 3351 —--
894 3342 995 3352 —m
1003 3346 1062 3350 —

583 3406 810 3464 Italiam
849 3409 1087 3480 subegit.
1145 3410 1212 3463 'at
1249 3411 1316 3476 cf.
1351 3410 1423 3464 11
1455 3414 1505 3475 1,
1535 3416 1598 3477 1;
1634 3414 1686 3463 2.
1728 3410 1767 3464 Ι
1795 3408 1911 3480 21.]
1968 3408 2075 3462 hoc
2123 3408 2231 3463 fuit
2265 3412 2489 3479 tempus
2530 3410 2669 3465 uiris
2708 3410 2881 3465 armis

586 3480 1062 3548 incitatissimum‚
1100 3480 1119 3533 i
1163 3497 1339 3549 eoque
1376 3479 1502 3550 quis
1536 3479 1978 3535 adulescentiam
2007 3478 2228 3534 dixerit.
2278 3479 2544 3551 deinceps
2572 3482 2647 3535 ad
2678 3480 2883 3537 Caesa·

585 3568 702 3606 rem
747 3553 1064 3621 Augustum
1121 3556 1343 3606 centum
1399 3554 1457 3606 et
1511 3551 1925 3622 quinquaginta.
1980 3552 2139 3618 anni,
2194 3552 2399 3621 quibus
2454 3556 2637 3607 totum
2686 3554 2883 3609 orbem

589 3622 834 3695 pacauit.
881 3623 974 3677 hic
1011 3623 1123 3677 iam
1161 3624 1287 3693 ipsa
1324 3624 1583 3677 iuuentae
1622 3622 1843 3693 imperii
1881 3627 1940 3677 et
1974 3623 2254 3693 quaedam
2290 3622 2453 3691 quasi
2490 3623 2729 3680 robusta.
2766 3643 2883 3679 ma-

587 3694 807 3749 turitas.
865 3712 900 3748 a.
947 3696 1182 3749 Caesare
1226 3697 1479 3777 Augusto
1525 3695 1584 3749 in
1634 3694 1917 3749 saeculum
1972 3698 2225 3759 nostrum
2269 3694 2412 3749 haut
2455 3695 2637 3751 multo
2694 3696 2883 3751 minus

589 3767 720 3820 anni
769 3766 1013 3833 ducenti,
1060 3767 1264 3835 quibus
1311 3766 1516 3821 mertia.
1553 3766 1852 3821 Caesarum
1899 3767 2063 3835 quasi
2110 3767 2404 3821 consenuit
2444 3770 2618 3836 atque
2656 3767 2886 3824 decoxit

588 3841 646 3891 et
681 3856 734 3906 q.
765 3856 805 3891 s.
859 3840 916 3892 V.
947 3856 1119 3907 supra
1161 3860 1312 3893 cxvm
1331 3856 1407 3907 sq.

768 3910 825 3965 1.
873 3912 962 3965 De
997 3912 1240 3981 Auyusti
1273 3910 1438 3976 ludis,
1476 3910 1677 3978 quibua
1712 3916 1912 3965 ueteres
1947 3911 2313 3977 continuam,
2351 3917 2403 3965 et
2440 3910 2686 3977 Claudii,
2722 3914 2885 3967 cuins

587 3984 732 4037 ratio
769 3998 855 4037 eos
890 3982 960 4036 ab
996 3983 1207 4053 oriyine
1241 3982 1396 4037 urbis
1429 3981 1703 4050 repdiuit,
1728 3982 1845 4036 uid.
1880 3984 2029 4036 Mus.
2060 3982 2236 4037 Rhen.
2266 3981 2319 4035 L
2338 3983 2458 4037 1·11
2478 3998 2536 4050 p.
2566 3986 2681 4037 249
2696 4000 2809 4052 sqq.

771 4153 824 4209 1.
873 4154 1066 4209 terrae
1095 4151 1233 4210 Par.
1251 4150 1298 4207 I
1447 4152 1502 4209 3.
1549 4152 1861 4209 uterentur
1886 4152 2015 4210 Pal.
2170 4154 2227 4209 4.
2275 4153 2337 4210 et
2380 4151 2493 4211 hac
2520 4151 2662 4210 Par.
2682 4151 2727 4209 I
2750 4171 2805 4210 α.
2834 4170 2881 4211 c.

589 4242 648 4299 5.
695 4239 758 4297 in
803 4239 1144 4300 testimonio
1172 4239 1313 4297 Par.
1333 4239 1458 4297 ΙΙΙ
1583 4235 1759 4297 rursu
1785 4239 1926 4299 Par.
1946 4241 2070 4299 III
2218 4242 2275 4299 6.
2324 4241 2494 4316 quasi
2542 4240 2875 4300 adulteram

587 4329 716 4390 Pal.
867 4330 924 4389 8.
971 4330 1162 4405 ipsam
1191 4329 1320 4387 Pal.
1521 4329 1576 4387 9.
1624 4331 1948 4389 recentium
1992 4332 2263 4389 uteretur
2288 4330 2427 4389 Par.
2442 4330 2567 4387 III
