3234 5034
642 295 719 362 18
1366 296 1439 354 M.
1469 295 1563 352 ΤΕ
1574 296 1791 354 RENTI
1827 295 2198 352 VARRONIS

706 459 1026 531 Neptunus.
1066 475 1137 514 ne
1176 459 1236 513 di
1274 463 1632 526 accusentur,
1680 459 1780 514 sed
1825 459 2009 530 poetis
2055 463 2114 514 et
2159 458 2396 514 theatris
2443 460 2557 515 ista
2604 459 2953 516 tribuantur.

708 543 773 595 ut
808 540 885 594 sit-
919 538 1069 594 unde
1116 540 1427 610 placentur.
1534 563 1539 568 ·

850 619 1205 676 Erichthonii
1237 621 1388 691 regis
1425 620 1857 676 Atheniensium
1886 653 1956 661 —
1991 620 2272 676 Vulcanus
2307 624 2365 676 et
2391 621 2651 677 Minerua
2680 625 2958 692 parentes

708 701 881 756 fuisse
912 700 1190 756 dicuntur.
1244 700 1342 755 sed
1372 701 1644 770 quoniam
1661 701 1976 756 Mineruam
2003 701 2286 772 uirginem
2315 702 2530 770 uolunt,
2558 702 2618 766 in
2647 702 2950 758 amborum

708 781 1065 836 contentione
1083 780 1401 838 Vulcanum
1422 784 1764 836 commotum
1783 780 2048 836 effudisse
2069 781 2232 836 aiunt
2249 799 2441 838 semen
2459 782 2520 836 in
2539 785 2752 838 terram
2769 785 2950 852 atque
2979 801 3008 842 5

706 861 840 916 inde
870 861 1086 916 homini
1114 864 1249 916 nato
1288 861 1360 916 ob
1399 877 1527 917 eam
1563 878 1795 916 causam
1831 861 1948 917 tale
1975 862 2222 917 inditum
2249 879 2470 918 nomen.
2537 863 2758 918 Graeca
2793 863 2952 918 enim

706 943 908 1014 lingua
944 941 1059 1008 ἔρις
1096 942 1402 1008 contentio,
1439 943 1599 1013 χθών
1637 944 1789 997 terra
1826 945 1931 1011 est,
1969 959 2037 998 ex
2074 942 2282 1012 quibus
2319 943 2540 998 duobus
2569 944 2952 1013 compositum

706 1022 1049 1078 uocabulum
1096 1025 1183 1077 est
1228 1021 1645 1078 Erichthonius.
1711 1039 1934 1090 uerum,
1981 1023 2134 1092 quod
2179 1023 2476 1079 fatendum
2513 1027 2626 1093 est,
2675 1023 2956 1080 refellunt

708 1106 767 1162 et
802 1120 838 1157 a
874 1102 992 1156 suis
1030 1102 1141 1156 diis
1179 1102 1462 1174 repellunt
1500 1102 1612 1158 ista
1642 1103 1939 1170 doctiores,
1969 1104 2068 1172 qui
2096 1103 2244 1158 hanc
2274 1104 2598 1174 opinionem
2625 1103 2954 1158 fabulosam

706 1183 843 1239 hinc
872 1187 1124 1238 exortam
1150 1182 1360 1252 ferunt,
1397 1183 1535 1252 quia
1561 1184 1626 1237 in
1651 1183 1866 1253 templo
1888 1183 2128 1238 Vulcani
2156 1187 2215 1239 et
2241 1185 2549 1252 Mineruae,
2587 1185 2742 1253 quod
2779 1185 2956 1240 ambo
2987 1203 3043 1243 ιο

709 1281 885 1318 unum
930 1263 1225 1318 habebant
1260 1263 1499 1318 Athenis
1512 1306 1527 1333 ,
1564 1264 1856 1334 expositus
1902 1265 2169 1319 inuentus
2205 1269 2295 1319 est
2329 1281 2470 1335 puer
2506 1265 2750 1320 dracone
2785 1266 2957 1320 inuo-

708 1344 889 1413 lutus,
934 1344 1034 1412 qui
1082 1360 1209 1398 eum
1257 1344 1606 1415 significauit
1652 1361 1922 1416 magnum
1967 1343 2219 1400 futurum
2267 1350 2328 1401 et
2371 1349 2603 1416 propter
2653 1362 2958 1402 commune

708 1423 1001 1495 templum,
1042 1441 1170 1478 cum
1207 1428 1395 1480 essent
1428 1427 1694 1495 parentes
1733 1425 1855 1480 eius
1891 1424 2090 1496 ignoti,
2128 1425 2372 1480 Vulcani
2408 1429 2468 1480 et
2502 1425 2794 1482 Mineruae
2831 1427 2958 1482 dic-

708 1511 831 1561 tum
876 1521 998 1560 esse
1050 1503 1258 1573 filium3
1302 1503 1547 1559 nominis
1595 1507 1789 1559 tamen
1837 1505 1958 1560 eius
2015 1506 2292 1576 originem
2345 1506 2544 1562 fabula
2597 1506 2702 1561 illa
2755 1508 2956 1577 potius

707 1602 879 1655 quam
916 1585 1031 1640 ista
1069 1585 1333 1656 designat
1368 1585 1624 1639 historia.
1655 1617 1723 1626 —
1762 1604 1804 1641 c.
1840 1590 1925 1640 13.
1965 1585 2068 1640 His
2097 1586 2446 1656 temporibus
2473 1587 2630 1658 [post
2656 1587 2954 1643 Erichtho-
2987 1605 3044 1646 1⁵

706 1667 888 1739 nium]
918 1665 1149 1720 fabulae
1176 1665 1342 1719 fictae
1381 1669 1514 1721 sunt
1551 1667 1620 1720 de
1651 1663 2017 1736 Triptolemo,
2055 1667 2208 1734 quod
2244 1667 2476 1722 iubente
2513 1666 2710 1722 Cerere
2747 1669 2956 1738 angui-

706 1747 812 1802 bus
848 1749 1107 1817 portatus
1144 1745 1381 1800 alitibus
1417 1746 1810 1816 indigentibus
1836 1747 2001 1803 terris
2030 1747 2315 1803 frumenta
2342 1747 2588 1802 uolando
2619 1747 2956 1810 contuleritz

708 1827 780 1883 de
808 1827 1150 1896 Minotauro,
1186 1827 1340 1895 quod
1369 1826 1557 1882 bestia
1584 1827 1762 1882 fuerit
1788 1827 2010 1882 inclusa
2037 1827 2406 1897 Labyrintho,
2435 1843 2548 1897 quo
2585 1845 2716 1884 oum
2741 1828 2957 1884 inb-as-

708 1911 835 1964 sent
878 1907 1135 1962 homines
1148 1949 1162 1974 ,
1209 1907 1590 1963 inextricabili
1630 1923 1816 1962 errore
1852 1908 1985 1963 inde
2023 1907 2175 1962 exire
2212 1925 2326 1963 non
2361 1910 2652 1980 poterant;
2700 1909 2771 1963 de
2809 1908 2956 1965 Cen-

708 1989 905 2057 tauris,
942 1987 1095 2057 quod
1134 2004 1405 2056 equorum
1441 1988 1848 2056 hominumque
1884 1988 2060 2043 fuerit
2095 1991 2301 2043 natura
2338 1988 2665 2056 coniuncta,
2709 1989 2782 2044 de
2818 1989 2956 2046 Cer·
2985 2005 3044 2048 so

707 2069 860 2136 ber0,
890 2069 1043 2138 quod
1071 2068 1148 2123 sit
1174 2067 1386 2138 triceps
1415 2067 1722 2124 inferorum
1751 2069 1937 2136 canis3
1966 2068 2035 2124 de
2063 2068 2286 2138 Phryxo
2316 2071 2377 2124 et
2401 2068 2564 2124 Helle
2593 2070 2715 2124 eius
2741 2085 2957 2136 sorore,

708 2149 861 2218 quod
898 2149 1051 2204 necti
1087 2149 1264 2203 ariete
1302 2148 1652 2217 uolauerint;
1691 2149 1761 2204 de
1791 2148 2068 2219 Gorgone,
2107 2149 2260 2218 quod
2287 2149 2461 2205 fuerit
2489 2150 2696 2204 crinita
2723 2165 2956 2220 serpen-

706 2231 861 2286 tibus
908 2233 969 2284 et
1014 2229 1354 2300 aspicientes
1393 2230 1762 2288 conuertebat
1797 2228 1858 2283 in
1894 2229 2144 2300 lapides,
2191 2229 2264 2284 de
2299 2229 2756 2300 Bellerophonte,
2795 2233 2956 2299 quod

708 2327 853 2380 equo
899 2308 1101 2381 pennis
1147 2309 1381 2365 uolante
1429 2309 1505 2366 sit
1548 2313 1773 2376 uectus,
1821 2311 1920 2379 qui
1965 2325 2142 2379 equus
2188 2310 2440 2382 Pegasus
2477 2310 2663 2366 dictus
2715 2315 2827 2378 est3
2875 2312 2956 2366 de

708 2391 1052 2461 Amphione,
1109 2389 1261 2459 quod
1308 2390 1563 2445 citharae
1605 2390 1891 2446 suauitate
1937 2389 2158 2461 lapides
2205 2390 2464 2445 mulserit
2509 2394 2568 2445 et
2610 2391 2954 2460 adtraxerit3
2983 2405 3038 2448 τι

709 2472 781 2526 de
816 2471 979 2526 fabro
1008 2470 1263 2526 Daedalo
1300 2473 1359 2525 et
1394 2471 1515 2525 eius
1553 2471 1713 2526 Icaro
1752 2470 1887 2538 filio,
1926 2471 2081 2541 quod
2109 2470 2222 2525 sibi
2249 2471 2532 2541 coaptatis
2557 2472 2762 2542 pennis
2789 2471 2954 2526 uola-

708 2552 921 2616 uerint3
968 2551 1040 2606 de
1077 2551 1311 2621 Oedipo,
1348 2551 1501 2619 quod
1538 2553 1852 2606 monstrum
1889 2551 2194 2621 quoddam,
2231 2567 2380 2619 quae
2417 2550 2674 2622 Sphinga
2715 2551 2953 2607 diceba-

706 2636 817 2701 tur,
843 2632 1092 2687 humana
1126 2630 1273 2686 facie
1310 2631 1752 2702 quadrupedem,
1789 2631 1976 2687 soluta
2011 2647 2158 2701 quae
2195 2632 2269 2686 ab
2309 2631 2412 2686 illa
2448 2631 2688 2702 proponi
2735 2632 2950 2688 soleret

707 2712 868 2768 uelut
921 2710 1214 2768 insolubili
1268 2711 1601 2781 quaestione
1667 2729 1769 2767 suo
1833 2710 2170 2782 praecipitio
2225 2712 2410 2783 perire
2465 2712 2808 2783 conpulerit,
2874 2714 2954 2769 de

706 2794 955 2860 Antaeo,
1010 2807 1179 2862 quem
1224 2792 1455 2847 necauit
1498 2791 1770 2848 Hercules
1783 2836 1797 2860 ,
1844 2792 1998 2861 quod
2044 2791 2193 2848 filius
2239 2795 2424 2848 terrae
2469 2791 2667 2858 fuerit,
2715 2795 2956 2864 propter
2979 2807 3038 2849 so

708 2873 859 2942 quod
897 2873 1104 2928 cadens
1143 2873 1201 2926 in
1238 2873 1446 2927 terram
1482 2871 1686 2927 fortior
1721 2872 1924 2928 soleret
1964 2871 2286 2944 adsurgere,
2325 2877 2385 2928 et
2419 2873 2468 2927 si
2505 2889 2622 2943 qua
2648 2871 2795 2928 forte
2825 2873 2948 2929 alia

708 2953 1079 3024 praetermisi.

821 3035 934 3103 14.
983 3043 1237 3116 August.
1269 3043 1325 3101 d.
1357 3046 1473 3101 eiu.
1507 3043 1563 3101 d.
1583 3041 1826 3101 XVIII
1857 3041 1942 3100 13
1988 3039 2110 3102 Hae
2142 3038 2374 3101 fabulae
2399 3039 2620 3101 bellum
2650 3040 2724 3101 ad
2754 3059 2952 3120 usque

637 3140 977 3218 Troianum,
1024 3137 1127 3200 ubi
1175 3137 1502 3199 sec-undum
1552 3138 1770 3199 librum
1819 3137 2050 3199 Marc-us
2092 3139 2272 3199 Varro
2322 3137 2394 3199 de
2440 3137 2645 3218 populi
2693 3137 2951 3200 Romani

819 3317 867 3366 8.
902 3311 985 3378 Of.
1008 3312 1266 3366 Laetam.
1297 3313 1425 3366 inst.
1443 3311 1488 3364 I
1509 3315 1596 3377 17,
1616 3315 1691 3365 12
1727 3310 1864 3364 Cum
1883 3309 2170 3364 Vulcanus
2198 3309 2310 3364 diis
2339 3326 2496 3364 arma
2523 3309 2752 3364 fecisset
2779 3309 2948 3379 eique

642 3383 896 3455 Iuppiter
924 3381 1210 3453 optionem
1248 3381 1501 3436 dedisset
1576 3381 1774 3436 raemii
1811 3381 1962 3450 quod
1999 3380 2176 3436 uellet
2211 3379 2537 3451 postulandi
2573 3381 2948 3450 iurassetque,

641 3459 707 3510 ut
744 3454 981 3522 solebat,
1018 3469 1119 3524 per
1154 3453 1431 3523 infernam
1468 3471 1545 3523 pa
1568 3453 1738 3508 udem
1776 3469 1836 3506 se
1871 3452 2016 3507 nihil
2043 3457 2397 3523 negaturum,
2435 3455 2555 3506 tum
2594 3451 2756 3506 faber
2791 3453 2946 3507 clau-

642 3526 748 3580 dus
797 3525 1089 3579 Mineruae
1142 3524 1371 3594 nuptias
1426 3523 1774 3594 postulauit„
1824 3523 1918 3578 hic
1963 3523 2219 3594 Iuppiter
2263 3541 2313 3579 o.
2343 3541 2413 3577 m.
2455 3527 2620 3578 tanta
2667 3522 2947 3594 religione

643 3597 978 3652 constrictus
1034 3597 1282 3650 abnuere
1336 3612 1450 3650 non
1493 3596 1709 3666 potuit,
1755 3595 2072 3649 Mineruam
2117 3599 2308 3649 tamen
2359 3594 2582 3650 monuit
2627 3611 2947 3665 repugnare

642 3667 1091 3739 pudicitiamque
1121 3667 1438 3723 defendere.
1483 3673 1607 3721 tum
1635 3667 1694 3720 in
1723 3666 1826 3721 illa
1854 3666 2272 3722 conluctatione
2302 3665 2618 3720 Vulcanum
2646 3666 2706 3720 in
2735 3669 2948 3722 terram

641 3738 959 3811 profudisse
998 3737 1176 3804 aiunt,
1214 3739 1364 3793 unde
1402 3739 1477 3793 sit
1513 3737 1912 3794 Erichthonius
1958 3742 2144 3804 natus,
2191 3737 2363 3806 idque
2403 3735 2493 3791 illi
2534 3753 2742 3792 nomen
2787 3737 2947 3810 inpo-

643 3813 814 3866 situm
852 3811 966 3866 ἀπὸ
1004 3818 1101 3882 τῆς
1137 3810 1319 3878 ἔριδος
1354 3810 1451 3865 καὶ
1490 3810 1717 3880 χθονός,
1753 3809 1814 3864 id
1847 3815 1936 3864 est
1961 3825 2028 3864 ex
2059 3809 2366 3864 certamine
2395 3812 2568 3877 atque
2597 3808 2786 3864 humo.

825 3889 907 3937 16.
950 3885 1107 3938 Haec
1133 3883 1209 3937 ad
1242 3884 1541 3937 Varronem
1568 3882 1856 3950 referenda
1884 3899 1993 3937 esse
2011 3882 2186 3936 Frick
2206 3899 2266 3951 p.
2290 3887 2357 3936 31
2387 3887 2584 3951 nequ&
2619 3881 2946 3953 theologiam

640 3963 825 4010 tame-n
860 3956 980 4009 eius
1014 3956 1255 4024 sapiunt.

822 4125 879 4183 3.
928 4122 1133 4182 ericth.
1182 4141 1274 4199 eq
1503 4125 1557 4181 7.
1606 4123 1787 4183 othon
1829 4140 1966 4202 opu
2057 4123 2237 4182 ethon
2277 4139 2322 4197 p
2413 4141 2478 4180 ce
2513 4121 2664 4180 thon
2700 4145 2739 4181 α

647 4215 747 4274 25.
795 4212 1094 4288 anphione
1142 4229 1227 4288 ey
1428 4215 1529 4273 27.
1576 4213 1832 4289 oedippo
1880 4230 2012 4288 cyp
2213 4213 2312 4272 28.
2361 4211 2516 4270 solet
2557 4228 2700 4287 opu
2793 4212 2944 4272 sole·

640 4303 746 4362 bat
790 4321 881 4378 e<p
922 4304 1086 4377 uuly.
1270 4305 1371 4363 30.
1421 4302 1640 4362 antheo
1689 4319 1774 4376 eq
1951 4302 2210 4362 herculis
2253 4317 2298 4375 q
