3234 5034
579 278 857 324 xxxv-111
1065 257 1162 310 DE
1202 256 1667 312 SCRIPTORVM
1706 256 1896 311 VITIS
1934 257 2027 311 ΕΤ
2067 256 2383 312 SCRIPTIS

762 425 860 485 Sic
908 425 1090 486 Varro
1151 424 1446 504 duplicem
1496 426 1653 486 uiam
1711 427 1945 504 aperuit
1991 434 2051 487 et
2096 427 2369 488 muniuit.
2444 445 2581 487 nam
2627 427 2883 506 primum

583 522 804 584 Graeca
859 521 1106 584 libidine
1163 525 1420 584 coercita
1477 530 1708 584 certum
1764 523 2061 603 quendam
2113 543 2333 585 annum
2379 543 2437 585 u.
2478 543 2526 585 c.
2566 527 2777 605 sanxit,
2821 532 2887 586 ut

584 624 685 702 qui
733 629 938 702 postea
984 621 1154 683 ludos
1204 641 1342 683 suos
1389 621 1728 683 saeculares
1776 621 1846 682 ab
1892 621 2061 683 urbis
2108 623 2279 682 initio
2328 629 2599 702 repetere
2645 622 2885 703 uellent,

583 720 750 782 uelut
807 719 1112 800 ClaudiuS,
1170 721 1502 781 Antoninus
1557 720 1726 800 Pius,
1781 719 2039 801 Philippi
2103 723 2519 800 imperatoreS,
2584 720 2885 800 haberent,

586 838 700 899 qua
759 821 1105 880 auctoritate
1161 821 1590 898 inniterentur,
1650 820 1897 898 eiusque
1944 820 2302 899 computatio
2350 821 2536 898 magis
2583 822 2887 900 magisque

585 917 949 997 uulgaretur.
1021 924 1150 978 ‘tum
1205 935 1352 978 uero
1407 917 1709 996 Augustus
1750 918 1895 1000 ‘eius
1949 915 2414 996 palingenesiam
2470 916 2542 977 ad
2598 936 2707 978 sua
2753 936 2889 979 con-

587 1016 718 1077 silia
764 1015 1128 1095 perficienda
1175 1017 1489 1095 conuertit,
1538 1035 1674 1077 cum
1724 1024 1853 1077 acta
1899 1013 2185 1094 Sibyllina
2232 1022 2510 1095 quattuor
2553 1015 2711 1077 ludis
2768 1034 2893 1077 sae-

587 1113 890 1176 cularibus
956 1113 1202 1176 adiectis
1267 1113 1656 1193 interpolaret
1722 1115 2080 1187 (Mommsen
2153 1108 2519 1191 Chronoyr.’²
2551 1134 2617 1192 p.
2660 1113 2792 1176 185
2809 1133 2893 1190 sq.

589 1214 661 1275 cs.
700 1231 848 1275 mus,
889 1214 1005 1274 Βῆ.
1045 1217 1081 1274 l.
1119 1231 1165 1274 ε.
1202 1232 1268 1290 p.
1307 1213 1442 1272 249
1468 1215 1627 1288 sqq.)
1686 1214 1929 1291 suisque
1996 1232 2043 1272 a.
2095 1207 2344 1293 17s737
2413 1212 2589 1274 editis
2658 1231 2895 1274 auream

591 1319 844 1373 aetatem
890 1310 1062 1371 libris
1109 1310 1414 1390 Sibyllinis
1460 1312 1818 1390 promissam
1864 1309 2201 1391 sponderet.

769 1409 858 1470 Ex
905 1409 1298 1491 scriptoribus
1343 1409 1738 1471 laudauerunt
1775 1409 1883 1470 hos
1919 1408 2107 1470 libros
2136 1408 2441 1471 Charisius
2472 1403 2599 1492 (hic
2628 1412 2896 1470 numeris

593 1509 808 1570 additis
864 1526 937 1568 ex
991 1507 1209 1588 Plinio,
1249 1509 1334 1586 fr.
1377 1509 1434 1568 1.
1472 1508 1531 1569 2.
1578 1508 1689 1586 15,
1737 1509 1934 1586 ipsum
1992 1503 2075 1568 16
2141 1507 2214 1568 ad
2268 1507 2526 1569 Plinium
2582 1503 2898 1593 referens),

593 1606 891 1668 Arnohius
949 1607 1056 1684 (fr.
1105 1607 1195 1686 9),
1254 1606 1500 1667 Seruius
1550 1605 1682 1678 (18.
1722 1606 1825 1665 20.
1865 1606 1969 1666 21.
2006 1606 2111 1666 22.
2150 1607 2284 1686 23),
2350 1605 2665 1668 scholiasta
2730 1607 2900 1668 Statii

597 1705 706 1783 (fr.
745 1708 834 1786 5),
882 1707 1124 1765 nouisse
1181 1703 1424 1766 uidetur
1479 1703 1843 1764 Censorinus
1899 1705 2017 1783 (3),
2073 1702 2467 1782 largissimam
2526 1713 2723 1766 tamen
2779 1725 2898 1766 ma-

595 1805 808 1865 teriam
866 1802 1398 1883 suppeditauernnt
1442 1803 1771 1881 Augustino
1820 1794 1897 1884 (a.
1936 1796 2098 1886 426)
2146 1801 2330 1864 libros
2389 1802 2461 1864 de
2518 1805 2759 1865 ciuitate
2809 1803 2899 1864 dei

597 1902 1002 1981 componenti,
1049 1902 1304 1961 maxime
1353 1899 1388 1960 l.
1425 1915 1522 1960 xv
1524 1914 1622 1979 111,
1667 1901 1732 1961 in
1779 1901 1949 1962 cuius
1995 1903 2195 1980 priore
2240 1909 2428 1981 parte,
2476 1921 2625 1982 quae
2665 1902 2739 1963 ad
2776 1921 2901 1963 sae-

600 1999 868 2061 culorum
913 1999 1224 2059 historiam
1268 2000 1589 2079 pertinent,
1638 2017 1709 2058 ex
1756 1997 1875 2058 illis
1920 1999 2210 2077 originem
2261 1998 2501 2078 ducunt,
2547 2008 2616 2061 ut
2666 2019 2735 2061 ea
2771 2002 2901 2062 iure

602 2093 854 2179 quo‘dam
911 2105 1116 2158 nostro
1172 2095 1475 2158 Frickium
1488 2090 1540 2182 ¹)
1599 2099 1789 2157 secuti
1846 2097 2267 2158 minutioribus
2326 2097 2536 2158 litteris
2592 2100 2707 2178 eiS,
2754 2117 2903 2177 quae

600 2198 730 2276 ipse
794 2195 1160 2274 Augustinus
1215 2195 1287 2256 ad
1333 2195 1657 2256 Varronem
1728 2195 1981 2274 rettulit,
2047 2198 2473 2276 interposuisse
2546 2195 2717 2258 nobis
2790 2198 2905 2257 uisi

603 2296 808 2356 simne.

784 2388 1185 2452 ‘Annalium
1239 2387 1360 2452 111⁹
1425 2411 1456 2452 a
1503 2392 1765 2452 Varrone
1830 2393 2085 2472 scriptos
2140 2411 2273 2454 esse
2328 2392 2507 2455 index
2562 2392 2907 2473 Hieronymi

607 2486 698 2574 (in
736 2490 1018 2552 Bitschel.
1047 2509 1248 2571 opusc.
1286 2490 1364 2550 111
1401 2509 1458 2571 p.
1489 2483 1649 2574 526)
1699 2497 1975 2569 testatur,
2032 2492 2357 2571 fragmenta
2423 2491 2539 2553 duo
2602 2490 2909 2571 habemus,

605 2608 790 2652 unum
839 2588 994 2668 apud
1032 2588 1366 2651 Charisium
1417 2587 1612 2649 addito
1660 2587 1873 2668 indice,
1919 2587 2170 2650 alterum
2210 2609 2281 2652 ex
2324 2589 2499 2651 Gellii
2536 2593 2727 2670 capite
2766 2609 2907 2669 quo-

611 2687 742 2748 dam
816 2705 887 2747 ex
953 2683 1173 2766 ‘liin-is,
1239 2689 1340 2768 qui
1413 2687 1680 2748 chronici
1755 2685 2147 2766 appellantur’
2216 2697 2493 2768 excerpto
2567 2690 2907 2751 coniectura

607 2784 918 2847 Bitschelii
958 2787 1026 2858 (l.
1053 2804 1099 2846 s,
1125 2805 1193 2864 p.
1223 2786 1382 2860 449)
1433 2785 1548 2845 huc
1595 2783 1864 2845 relatum.
1938 2805 2054 2864 quo
2100 2803 2279 2864 opere
2326 2792 2394 2846 ut.
2439 2787 2501 2845 in
2539 2785 2669 2846 aliis
2717 2785 2909 2846 studia

611 2903 718 2944 sua
765 2882 1020 2944 litterata
1069 2901 1203 2945 cum
1249 2884 1440 2944 Attico
1489 2889 1548 2943 et
1594 2881 1867 2943 Cornelio
1916 2881 2141 2962 Nepote
2189 2884 2521 2963 coniunxit,
2575 2885 2655 2944 ita
2704 2901 2911 2944 eorum

613 2982 880 3044 annalem
935 2981 1034 3043 uel
1091 2981 1366 3042 chronica
1425 2979 1618 3060 aliqua
1684 2999 1755 3039 ex
1820 2987 1987 3060 parte
2051 2979 2148 3040 uel
2204 2980 2503 3060 suppleuit
2560 2981 2657 3042 uel
2711 2999 2910 3042 emen-

616 3079 802 3158 dauit,
865 3086 1174 3159 postquam
1241 3079 1620 3158 antiquitates
1686 3086 1859 3159 atque
1925 3078 2108 3139 libros
2175 3079 2244 3140 de
2299 3081 2423 3140 uita
2479 3087 2538 3139 et
2603 3079 2673 3140 de
2737 3088 2913 3159 gente

613 3176 818 3259 populi
869 3175 1119 3237 Romani
1176 3175 1453 3254 absoluit,
1507 3177 1855 3256 priusquam
1907 3176 1979 3237 ad
2034 3176 2293 3256 linguam
2345 3176 2611 3238 Latinam
2659 3185 2913 3238 tractan-

618 3275 751 3336 dam
800 3273 1123 3335 accederet.
1207 3293 1343 3334 nam
1399 3273 1737 3335 mirandum
1793 3282 1975 3354 esset,
2033 3277 2083 3335 si
2142 3275 2348 3336 Cicero
2404 3274 2465 3336 id
2522 3277 2917 3356 cognouisset,

615 3392 909 3452 nusquam
966 3379 1512 3452 commemorasset,
1569 3373 1668 3433 cui
1723 3391 1879 3433 unus
1938 3373 2066 3433 sons
2122 3375 2183 3433 in
2241 3372 2455 3434 talibus
2514 3373 2693 3434 rebus
2740 3373 2916 3434 Attici

619 3471 848 3533 annalis
895 3490 944 3531 a.
983 3465 1066 3529 47
1075 3464 1236 3551 s707
1278 3468 1350 3530 ad
1390 3488 1526 3530 eum
1563 3472 1785 3531 missus
1823 3470 1936 3530 suit
1973 3473 2089 3544 (ad
2114 3473 2233 3533 Att.
2263 3473 2408 3533 XII
2436 3472 2539 3548 23,
2570 3473 2627 3531 2.
2684 3472 2769 3549 Cf.
2808 3474 2915 3534 Ur-

620 3571 774 3632 lichs
819 3569 1196 3644 Ouellenreq.
1238 3570 1293 3629 d.
1334 3569 1488 3629 Plin.
1514 3586 1582 3645 p.
1616 3569 1747 3644 17).
1821 3577 2023 3630 utrum
2088 3571 2243 3630 intra
2308 3571 2653 3630 memoriam
2707 3568 2918 3630 Roma-

620 3687 759 3729 nam
807 3685 871 3728 se
919 3667 1298 3744 continuerit,
1346 3685 1418 3726 an
1458 3669 1636 3727 etiam
1672 3685 1782 3746 per
1818 3666 1961 3728 alias
1998 3674 2206 3746 gentes
2245 3674 2491 3744 uagatus
2528 3669 2625 3746 sit,
2673 3666 2919 3728 dubium

623 3774 729 3845 est,
770 3765 883 3826 etsi
919 3762 1066 3824 illud
1103 3762 1251 3823 mibi
1288 3765 1476 3842 magis
1515 3757 1825 3848 adridet..⁹)
1883 3763 2162 3826 breuitati
2202 3771 2364 3825 certe
2399 3763 2557 3825 idem
2596 3763 2920 3826 studuerat.

623 3862 786 3924 Idem
840 3861 1020 3922 index
1075 3861 1419 3942 Hieronymi
1475 3857 1765 3924 ‘Rerum
1820 3862 2251 3923 urbanarum
2316 3861 2543 3922 libros
2598 3858 2726 3922 lll’
2784 3881 2919 3924 eum

807 4035 858 4100 1)
898 4034 1009 4088 Die
1050 4033 1275 4103 Quellen
1303 4035 1613 4105 Auyustine
1648 4035 1725 4089 im
1762 4035 1998 4089 XVIII.
2031 4035 2191 4090 Buch
2224 4036 2402 4089 seium·
2430 4033 2637 4101 Solu-ist
2664 4035 2753 4089 De
2782 4035 2921 4090 ciui-

627 4121 737 4172 tate
773 4115 876 4170 dei.
933 4113 1122 4182 Progr.
1153 4131 1342 4185 gymn.
1373 4113 1599 4169 Hoxter.
1632 4119 1787 4170 1886.

807 4199 860 4263 2)
901 4192 1061 4260 Quod
1104 4193 1326 4248 Ritschl
1368 4195 1464 4264 Op.
1488 4195 1599 4250 111
1624 4213 1681 4264 p.
1704 4199 1811 4251 453
1850 4195 2095 4250 Gellium
2134 4195 2327 4250 XVII
2358 4199 2411 4261 4,
2439 4198 2474 4249 3
2522 4195 2589 4247 de
2637 4193 2923 4264 Euripidis

627 4273 884 4331 uictoriis
921 4289 989 4328 ex
1025 4273 1116 4328 his
1155 4273 1456 4328 annalibus
1489 4274 1713 4330 fluxisse
1744 4275 2001 4346 coniecit,
2038 4275 2161 4346 ipse
2190 4275 2495 4329 admodum
2522 4272 2771 4329 incertus
2799 4275 2923 4330 fuit.
