3234 5034
1102 318 1510 375 conNans
1545 320 1784 377 nnpos
2525 345 2597 393 m

305 486 654 567 Hesiodique
700 497 967 567 tempora
1014 488 1130 565 (fr.
1169 488 1241 561 2)
1281 496 1667 567 tractauerat‚
1713 488 1812 549 ille
1858 507 2048 569 usque
2096 488 2169 551 ad
2218 509 2385 552 suam
2434 500 2593 553 aeta-

307 593 414 645 tem
461 578 540 667 (a.
583 582 715 647 144
757 585 858 647 uel
903 585 1085 647 altera
1133 584 1394 647 editione
1435 580 1594 670 119)
1646 587 2052 667 descenderat,
2098 588 2244 649 item
2290 588 2405 667 hic,
2453 608 2589 651 cum

303 682 602 763 Catullum,
649 702 830 763 quem
866 686 1028 745 iuxta
1066 684 1409 746 Lucretium
1449 686 1574 745 suis
1613 684 1983 764 temporibus
2020 688 2356 766 principem
2393 687 2591 749 locum

299 790 594 861 poetarum
643 783 974 845 obtinuisse
1021 784 1202 843 etiam
1247 784 1312 843 in
1357 784 1482 844 uita
1527 783 1709 844 Attici
1756 782 1901 845 dicit
1939 784 2073 862 (12,
2102 785 2194 863 4),
2232 803 2589 847 commemo-

300 886 446 941 raret
492 881 602 957 (fr.
645 882 686 939 7
678 884 714 954 )
731 876 810 965 ¹);
873 888 1127 959 uterque
1192 888 1503 959 poetarum
1567 882 1860 942 rationem
1922 881 2213 943 habuerat
2268 884 2377 960 (fr.
2414 884 2475 944 2.
2514 886 2587 959 4)

299 996 613 1057 eorumque
680 987 913 1058 tempus
977 986 1055 1059 τῇ
1121 974 1294 1059 ἀκμῇ
1343 971 1652 1063 (‘aetate’)
1709 978 2062 1041 definiuerat
2112 981 2228 1058 (fr.
2267 984 2356 1056 4).
2431 981 2591 1043 Haec

299 1078 644 1137 testimoniis
698 1076 1044 1157 Hieronymi
1100 1077 1208 1154 (fr.
1247 1076 1290 1137 2
1337 1081 1402 1138 in
1451 1079 1625 1151 adn.)
1682 1085 1745 1137 et
1798 1076 1987 1139 Solini
2034 1079 2149 1156 (fr.
2189 1080 2261 1153 3)
2320 1098 2587 1159 compro-

294 1172 514 1252 bantur,
573 1193 648 1235 ex
705 1174 922 1254 quibus
979 1176 1158 1236 etiam
1215 1174 1328 1235 hoc
1381 1174 1577 1236 elucet
1638 1192 1830 1253 usque
1876 1175 1951 1236 ad
1996 1175 2243 1239 Romam
2290 1177 2587 1239 conditam

293 1270 571 1352 Nepotem
623 1276 812 1352 spatia
856 1281 1192 1353 temporum
1236 1281 1296 1334 et
1332 1291 1468 1335 cum
1507 1272 1861 1353 Apollodoro
1898 1268 2297 1353 olympiadum
2335 1294 2587 1337 numero

294 1380 348 1431 et
395 1388 690 1433 annorum
747 1379 882 1432 ante
939 1370 1185 1432 Romam
1239 1369 1539 1432 conditam
1603 1389 1909 1450 regnoque
1974 1390 2183 1451 regum
2240 1372 2585 1435 Latinorum

291 1464 652 1553 finiuisse¹);
699 1478 903 1549 postea
949 1469 1022 1530 ad
1060 1486 1242 1548 regna
1280 1487 1489 1548 regum
1526 1469 1929 1531 Romanorum
1969 1471 2084 1547 (fr.
2125 1472 2195 1545 4)
2244 1478 2304 1531 et
2350 1471 2439 1531 eis
2484 1490 2583 1532 ex-

289 1566 466 1645 pulsis
529 1567 608 1629 ad
675 1585 861 1628 annos
927 1567 999 1627 ab
1062 1566 1212 1627 urbe
1277 1566 1514 1631 condita
1579 1566 1978 1647 consulesque
2038 1569 2155 1645 (fr.
2196 1570 2265 1643 6)
2327 1570 2582 1631 transiit.

286 1662 498 1727 Rerum
547 1674 750 1727 tamen
796 1664 1192 1726 Romanarum
1239 1684 1418 1744 quem
1465 1673 1771 1727 auctorem
1824 1668 1885 1727 in
1940 1668 2151 1745 primis
2198 1675 2441 1727 secutus
2488 1670 2583 1747 sit,

285 1764 427 1824 eins·
451 1766 542 1825 rei
593 1770 759 1825 certa
803 1762 1025 1825 indicia
1073 1763 1315 1840 desunt,
1371 1781 1729 1843 quamquam
1776 1763 1922 1824 illud
1978 1783 2115 1825 cum
2166 1764 2581 1844 probabilitate

284 1860 526 1939 quadam
557 1864 818 1923 coniecit
843 1860 1123 1922 Muenzer
1149 1863 1220 1935 (Ι.
1235 1882 1284 1922 ε.
1301 1881 1368 1939 p.
1390 1862 1571 1941 336),
1601 1880 1739 1922 cum
1769 1869 1829 1923 et
1855 1861 2153 1923 Minucius
2180 1862 2345 1923 Felix
2377 1864 2485 1940 (fr.
2508 1864 2577 1939 1)

283 1958 462 2019 Cassii
499 1953 852 2044 (Heminae)
899 1960 1308 2021 testimonium
1353 1978 1489 2021 cum
1539 1958 1765 2039 Nepote
1812 1962 2203 2039 coniungeret
2248 1970 2309 2021 et
2354 1958 2581 2023 Gellius

279 2054 425 2118 XVII
470 2055 582 2137 21,
609 2054 672 2137 3,
719 2056 992 2119 Cassium
1038 2076 1070 2117 a
1117 2055 1343 2137 Nepote
1401 2066 1462 2118 et
1517 2056 1846 2119 adhibitum
1905 2066 1965 2119 et
2008 2060 2379 2120 nominatum
2427 2077 2577 2121 esse.

446 2154 675 2217 Romae
732 2163 929 2217 autem
985 2174 1120 2217 cum
1173 2156 1646 2218 increbrescenti
1702 2165 1762 2217 et
1806 2156 1983 2217 latius
2034 2159 2301 2237 serpenti
2354 2156 2577 2219 littera-

277 2272 402 2315 rum
457 2254 664 2315 studio
719 2253 868 2314 tales
923 2251 1064 2313 libri
1117 2252 1435 2333 admodum
1490 2256 1647 2333 grati
1703 2254 1951 2333 suerint,
2006 2272 2126 2316 non
2182 2256 2403 2315 mirum
2466 2263 2577 2335 est,

277 2352 427 2430 quod
473 2360 642 2413 certa
691 2350 950 2412 Cornelii
997 2353 1248 2430 uestigia
1294 2350 1450 2432 apud
1498 2351 1849 2413 Ciceronem
1906 2354 2275 2431 inuenimus‚
2322 2354 2427 2432 qui
2473 2371 2575 2413 an-

275 2458 508 2529 tequam
551 2452 780 2510 Atticus
817 2449 1088 2510 annalem
1126 2468 1300 2511 suum
1339 2448 1562 2528 ederet,
1599 2449 1673 2511 ad
1710 2450 1889 2511 huius
1927 2450 2205 2511 chronica
2257 2451 2575 2529 confugere

275 2547 478 2609 solitus
519 2556 630 2609 est.
671 2549 756 2608 sic
785 2549 940 2622 (uid.
971 2548 1187 2610 Rohde
1221 2566 1295 2609 m.
1328 2549 1442 2609 Bk.
1462 2549 1553 2609 36
1573 2568 1643 2625 p.
1674 2548 1805 2609 532
1822 2551 1979 2625 sqq.)
2012 2548 2083 2609 de
2123 2566 2248 2628 rep.
2276 2548 2329 2609 Π
2363 2544 2466 2628 10,
2490 2545 2571 2611 18

279 2648 526 2709 Centum
567 2654 626 2706 et
663 2652 798 2707 octo
837 2650 1017 2706 annis
1047 2654 1376 2723 postquam
1415 2647 1743 2723 Lycurqus
1778 2650 1944 2722 leyes
1976 2648 2255 2707 scribere
2292 2651 2572 2724 instituit,

260 2749 466 2821 prima
518 2748 736 2821 posita
799 2751 889 2805 est
953 2746 1266 2821 olympias.
1313 2778 1398 2787 -—
1445 2744 1775 2805 Homerum
1840 2752 2039 2805 autem
2102 2749 2209 2819 qui
2260 2749 2573 2806 minimum

271 2846 482 2905 dicunt
521 2842 803 2920 Lycurai
838 2845 1033 2903 aetati
1069 2846 1328 2918 triqinta
1371 2846 1553 2903 annis
1589 2849 1965 2918 anteponunt
2003 2842 2143 2918 fere
2188 2844 2225 2901 i.
2258 2860 2307 2902 e.
2338 2860 2388 2902 a.
2420 2838 2569 2923 914,

269 2960 380 3019 qua
435 2959 578 3002 cum
635 2942 862 3001 ratione
910 2938 1108 3019 Nepos
1153 2939 1307 3018 apud
1355 2938 1607 3001 Gellium
1656 2941 1953 3001 consentit
1992 2940 2077 3017 fr.
2116 2940 2177 3017 2,
2226 2947 2287 3001 et
2331 2940 2506 3001 Tusc.
2544 2940 2571 3003 1

272 3036 367 3118 16,
394 3036 504 3117 38,
542 3037 650 3099 ubi
677 3036 1068 3117 Pythagoram
1104 3037 1374 3118 Superbo
1412 3047 1699 3116 regnante
1737 3040 1801 3098 in
1837 3036 2065 3099 ltaliam
2102 3039 2344 3099 uenisse
2384 3042 2568 3117 ponit.

267 3154 400 3197 nam
472 3135 700 3197 Gellius
756 3136 960 3196 XVII
1008 3154 1060 3196 c.
1097 3136 1179 3195 21
1243 3133 1338 3196 ‘ex
1393 3134 1564 3197 libris
1630 3136 1731 3214 qui
1798 3135 2131 3197 chronici
2195 3134 2571 3215 appellantur

443 3356 498 3423 1)
547 3350 700 3406 Scite
755 3352 814 3405 et
867 3350 1168 3415 subtiliter,
1233 3352 1300 3403 ut
1361 3350 1530 3419 solet,
1595 3351 1666 3405 de
1721 3349 1827 3404 hoc
1892 3348 2102 3404 Catulli
2164 3350 2289 3405 loco
2348 3350 2567 3407 Vahlen

264 3433 654 3503 (Sitsunqeber.
683 3432 736 3485 d.
758 3448 970 3501 prcus&
999 3430 1181 3487 Akad.
1213 3428 1498 3484 XXXVIII
1535 3430 1725 3502 [1894]
1763 3448 1818 3501 p.
1851 3435 1988 3484 106⁷
2010 3434 2151 3501 sqq.)
2188 3429 2273 3485 ita
2319 3430 2455 3501 egit,
2502 3434 2567 3487 ut

264 3530 386 3567 cum
423 3512 747 3567 Froehnero
791 3510 1022 3566 ultimos
1067 3510 1234 3565 huius
1271 3508 1535 3563 carminis
1574 3526 1769 3564 uersus
1804 3509 2152 3564 restitueret:
2187 3510 2396 3579 ‘Quare
2430 3512 2567 3567 habe

261 3594 362 3649 aba·
396 3593 675 3663 quidquid
708 3593 807 3648 hoc
843 3593 1014 3647 libelli
1043 3592 1052 3664 Ι
1088 3590 1471 3661 Qualecunque
1505 3597 1600 3646 mo
1630 3597 1866 3661 patrone
1900 3590 2066 3645 uerbo
2090 3590 2097 3661 Ι
2122 3590 2265 3645 Plus
2298 3608 2412 3646 uno
2448 3610 2564 3646 ma-

261 3682 390 3729 neat
429 3690 674 3742 perenne
715 3672 914 3729 saeclo’
955 3670 1374 3741 explicaretque
1419 3661 1682 3725 ultimum
1718 3686 1787 3725 ex
1822 3669 2001 3740 ipsius
2038 3669 2277 3740 Nepotis
2316 3670 2563 3725 carmine

263 3752 456 3822 aliquo
492 3752 962 3808 commendaticio
997 3751 1339 3807 translatum
1377 3768 1515 3807 esse.

441 3835 496 3903 2)
535 3830 725 3887 Verba
741 3830 1072 3903 Hieronymi
1098 3830 1220 3887 sine
1246 3830 1420 3887 dubio
1447 3830 1531 3886 ita
1552 3831 1907 3886 restituenda
1930 3834 2077 3900 sunt,
2102 3833 2168 3885 ut
2186 3830 2561 3900 Apollodorus

261 3912 712 3983 Euphorbusque
749 3912 1034 3983 (Ephorus
1071 3910 1213 3967 coni.
1244 3910 1518 3983 Scaliger)
1555 3910 1683 3967 loca
1730 3928 1833 3966 sua
1868 3913 2103 3966 mutent.
2142 3926 2404 3965 numeros
2442 3928 2560 3965 cor-

259 3996 456 4064 ruptos
493 4010 615 4049 esse
651 3996 876 4063 praeter
903 3992 1020 4047 alia
1047 4009 1230 4047 annus
1257 3995 1418 4061 (1104
1447 3992 1623 4060 Abr.),
1653 3992 1725 4045 ad
1754 4009 1921 4061 quem
1948 3991 2091 4045 haec
2118 3990 2243 4046 uita
2271 3991 2569 4063 adscripta.

261 4077 362 4141 eet,
411 4074 786 4141 demonstrat3
839 4090 975 4127 nam
1028 4073 1177 4127 inter
1221 4072 1458 4127 Romam
1504 4072 1794 4127 conditam
1840 4074 2003 4143 (1264
2041 4070 2199 4142 Abr.)
2246 4074 2305 4125 et
2351 4088 2560 4125 annum

263 4160 404 4209 1104
442 4158 666 4209 centum
713 4152 1008 4223 sexaginta
1055 4152 1187 4207 anni
1234 4152 1688 4220 intercesserunt,
1734 4153 1885 4221 quod
1922 4150 2173 4223 spatium
2210 4170 2337 4207 cum
2374 4149 2559 4207 Gellio

259 4234 524 4303 concinit,
560 4234 711 4288 inter
745 4234 985 4303 primam
1023 4232 1402 4303 olympiadem
1430 4236 1592 4305 (1240
1620 4233 1776 4299 Abr.)
1804 4234 1864 4288 et
1898 4249 1947 4287 a.
1982 4238 2122 4286 1104
2160 4232 2295 4287 anni
2332 4234 2557 4287 centum

257 4315 498 4385 triginta
525 4330 638 4371 sex.
676 4313 823 4369 Vide
850 4313 1087 4369 Mueller
1113 4316 1215 4369 Fr.
1237 4315 1418 4370 chron.
1449 4320 1620 4384 p.l26
1638 4331 1719 4383 sq.
1749 4313 1945 4367 Rohde
1972 4331 2045 4368 m.
2066 4312 2171 4368 Rh.
2186 4318 2253 4367 86
2282 4331 2335 4384 p.
2348 4318 2449 4367 401
2473 4330 2556 4381 sq.

1986 4400 2129 4456 ΠΙῙ.
