3234 5034
1107 358 1180 416 Μ.
1211 357 1516 414 TVLLIVS
1555 356 1812 415 CICERO
2484 382 2615 429 XIII

295 531 610 592 hominum
659 538 806 608 erat,
853 530 1029 589 amici
1068 527 1355 607 CaesariS,
1399 545 1507 588 cur
1545 530 1601 587 ei
1640 525 2119 607 aduersarentur,
2158 546 2277 589 non
2314 528 2613 591 habebant

299 622 564 711 (summa
613 630 778 689 enim
825 646 960 688 cum
1013 627 1288 687 cautione
1345 643 1481 685 eum
1531 627 1822 705 scriptum
1870 643 2003 687 esse
2046 620 2368 712 uidimus);
2428 630 2611 689 immo

302 726 494 788 eidem
525 724 592 787 id
629 724 901 805 agebant,
931 731 998 785 ut
1033 724 1460 785 coniurationis
1497 725 1727 785 crimen
1766 724 1828 784 in
1866 726 2061 803 ipsum
2102 724 2415 787 Catilinam
2452 728 2611 787 eius-

301 844 416 905 que
454 828 656 886 socios
691 832 762 885 ut
795 823 1069 884 homines
1107 824 1271 883 omni
1308 821 1603 884 scelerum
1643 839 1861 900 genere
1910 822 2231 883 maculatos
2270 823 2617 886 conferrent

299 932 624 1004 partesque
681 940 819 984 suas
873 920 1278 983 inclinationis
1333 919 1408 981 ad
1463 938 1601 981 eum
1658 922 1998 1001 suspicione
2062 929 2412 1003 purgarent3
2486 930 2614 983 tum

299 1040 478 1101 uero,
543 1040 684 1083 cum
747 1027 884 1101 post
946 1019 1255 1081 Ciceronis
1317 1026 1570 1080 mortem
1636 1017 2037 1079 miserabilem
2103 1018 2389 1081 anecdota
2454 1018 2613 1081 edita

302 1128 509 1181 essent
563 1118 790 1199 bilique
847 1135 952 1178 sua
1009 1117 1196 1179 effusa
1252 1118 1518 1178 omnium
1574 1118 1831 1195 animos,
1888 1124 1955 1177 ut
2014 1118 2145 1178 fleri
2200 1116 2378 1197 solet,
2425 1119 2489 1179 in
2546 1136 2611 1179 se

301 1220 770 1297 contraxissent,
825 1216 998 1277 facile
1052 1216 1200 1276 haec
1261 1233 1436 1277 causa
1485 1213 1765 1275 Sallustio
1821 1232 1952 1275 esse
2000 1216 2218 1294 potuit,
2262 1222 2332 1277 ut
2386 1218 2613 1277 ciuium

301 1316 526 1377 iudicia
585 1318 914 1394 corrigeret
959 1332 1214 1394 cumque
1263 1312 1516 1374 Caesare
1563 1312 2004 1393 reconciliaret,
2061 1332 2175 1393 qua
2222 1316 2282 1375 in
2332 1332 2399 1375 re
2446 1314 2613 1376 Cice·-

301 1418 469 1476 ronis
507 1414 716 1476 laudes
755 1413 950 1493 aliqua
988 1431 1061 1474 ex
1098 1419 1266 1493 parte
1305 1414 1577 1473 minuere
1626 1429 1822 1491 neque
1870 1419 2069 1472 tamen
2117 1410 2451 1474 obtrectare
2496 1414 2615 1473 nisi

299 1532 414 1594 per
460 1513 770 1592 obliquum
813 1512 928 1573 hoc
975 1512 1106 1572 eius
1152 1509 1504 1591 prudentiae
1553 1510 1682 1589 fuit,
1730 1527 1865 1572 cum
1912 1510 2214 1589 historiae,
2261 1529 2380 1572 non
2429 1510 2614 1573 libelli

303 1614 662 1674 auctoritate
705 1610 924 1672 librum
973 1627 1147 1671 suum
1195 1608 1611 1670 commendare
1659 1607 1857 1670 uellet.

483 1709 808 1771 Maximum
853 1717 1050 1769 tamen
1092 1706 1416 1768 discrimen
1453 1708 1612 1767 inter
1647 1708 1901 1786 uestigia
1938 1706 2225 1787 Tulliana,
2262 1726 2415 1788 quae
2457 1708 2613 1787 apud

303 1808 692 1871 Plutarchum
759 1826 945 1887 eaque
1011 1826 1162 1886 quae
1229 1804 1384 1885 apud
1451 1804 1797 1866 Sallustium
1862 1813 2214 1884 cernuntur,
2280 1805 2612 1867 intercedit.

303 1926 444 1969 nam
481 1909 598 1968 etsi
635 1906 760 1966 illic
807 1903 1095 1985 quaedam
1133 1903 1328 1965 addita
1375 1897 1580 1987 sunt²)
1619 1936 1705 1946 -——
1744 1902 2000 1964 habebat
2035 1906 2195 1964 enim
2234 1905 2297 1965 in
2334 1912 2616 1984 promptu

303 2007 620 2067 materiam
677 2004 750 2064 ad
803 2006 959 2065 uitas
1015 2002 1286 2063 Caesaris
1333 2000 1651 2080 Crassique
1706 2000 2039 2080 collectam,
2096 2020 2166 2062 ex
2214 2020 2329 2081 qua
2378 2002 2613 2063 diuersa

303 2102 596 2184 quaedam
662 2101 970 2163 adnotaret
1034 2094 1231 2185 (uelut
1285 2120 1334 2161 e.
1375 2096 1478 2180 20,
1523 2118 1581 2160 u.
1622 2093 1963 2184 21—31>,
2030 2098 2161 2161 aliis
2215 2099 2361 2161 locis
2415 2103 2613 2181 ipsum

303 2200 692 2263 Plutarchum
739 2200 944 2261 audire
991 2198 1162 2261 nobis
1210 2197 1486 2260 uidemur
1531 2196 1871 2278 loquentem
1910 2201 1991 2272 (c.
2024 2199 2109 2259 13
2146 2202 2228 2260 in.
2260 2218 2311 2261 c.
2342 2200 2428 2260 19
2454 2201 2612 2279 fin),

303 2300 438 2361 aliis
486 2302 760 2360 instituta
804 2297 1066 2360 Romana
1112 2316 1427 2376 moresque
1473 2295 1859 2375 popularibus
1916 2297 2041 2357 suis
2098 2296 2351 2377 explicat
2379 2330 2465 2341 —-
2508 2297 2614 2357 sed

304 2399 454 2459 haec
517 2417 550 2458 a
613 2406 817 2458 tenore
883 2397 1240 2457 narrationis
1305 2394 1476 2456 facile
1544 2394 2006 2474 dignoscuntur,
2069 2403 2137 2456 ut
2202 2402 2433 2455 ceteras
2499 2414 2613 2473 rea,

303 2498 356 2557 si
417 2514 662 2557 errores
721 2494 1009 2575 quosdam
1063 2492 1474 2573 neglegentiae
1519 2490 1899 2573 lenitatisque
1945 2494 2280 2572 exceperis,
2328 2492 2401 2554 ad
2446 2494 2612 2554 Cice-

303 2597 474 2656 ronis
529 2595 942 2655 auctoritatem
999 2592 1226 2654 referre
1283 2590 1473 2653 liceat.
1549 2599 1608 2652 at
1661 2608 1809 2651 uero
1864 2590 2020 2671 apud
2068 2590 2411 2653 Sallustium
2461 2610 2612 2671 quae

303 2712 444 2755 cum
487 2692 808 2753 Plutarcho
865 2694 1208 2771 concinunt,
1263 2692 1616 2752 confirmant
1673 2692 1963 2768 originem
2010 2688 2367 2768 Tullianam,
2425 2698 2613 2751 totum

303 2800 508 2853 autem
565 2806 716 2870 opus
771 2790 944 2869 longe
999 2788 1159 2851 aliud
1215 2790 1450 2869 spirans
1505 2786 1849 2867 consilium,
1906 2805 2041 2850 cum
2090 2806 2225 2849 eum
2274 2788 2613 2850 reconditos

307 2891 504 2952 fontes
551 2890 1051 2968 circumspexisse
1099 2906 1216 2949 non
1267 2885 1573 2967 probabile
1622 2880 1783 2970 sit2),
1837 2903 1984 2947 uere
2035 2884 2456 2948 Sallustianum
2511 2887 2613 2947 ha-

303 2987 572 3049 bendum
619 2994 728 3049 est.

488 3085 770 3147 Feliciter
815 3092 1014 3146 tamen
1061 3082 1207 3145 illud
1254 3082 1527 3144 Ciceroni
1573 3083 1847 3161 contigit,
1894 3092 1961 3143 ut
2004 3085 2253 3143 materia
2300 3082 2372 3143 ab
2420 3101 2491 3143 eo
2540 3081 2611 3143 de

307 3184 622 3247 consulatu
683 3193 956 3263 prompta
1017 3200 1128 3263 per
1184 3181 1492 3243 historiam
1551 3188 1983 3262 propagaretur
2041 3188 2103 3241 et
2162 3199 2237 3242 ne
2298 3180 2613 3243 Sallustius

305 3283 552 3364 quidem
593 3300 662 3344 ea
699 3300 906 3343 carere
943 3280 1125 3343 uellet
1159 3280 1259 3341 uel
1293 3288 1514 3360 posset,
1551 3276 2031 3341 aduersariorum
2078 3288 2275 3340 autem
2316 3280 2613 3341 orationes

303 3383 676 3461 inuectiuae,
733 3398 870 3441 cum
925 3380 1200 3441 ueritatis
1254 3377 1498 3440 modum
1543 3378 1717 3458 longe
1765 3377 2139 3457 excederent,
2188 3377 2258 3439 ad
2306 3378 2613 3440 rhetorum

303 3479 480 3542 ludos
531 3477 955 3540 delaberentur
1000 3477 1202 3557 ibique
1251 3476 1689 3538 delitescerent.
1751 3495 1903 3556 quae
1950 3475 2191 3556 quidem
2229 3476 2465 3539 fortuna
2510 3496 2612 3556 op-

303 3586 564 3659 portune
623 3576 821 3638 adiuta
878 3584 968 3637 est
1022 3577 1372 3637 auctoritate
1429 3574 1611 3655 Liuii,
1669 3576 1773 3654 qui
1828 3574 2105 3635 similiter
2150 3592 2218 3635 ac
2261 3574 2613 3636 Plutarchus

303 3676 494 3737 altum
535 3673 777 3736 dicendi
813 3692 1020 3754 genus,
1057 3692 1175 3753 quo
1215 3673 1424 3734 Cicero
1461 3673 1761 3752 floruerat,
1800 3675 2157 3751 temperauit
2191 3681 2254 3734 et
2286 3674 2614 3755 mitigauit3

303 3792 420 3854 per
477 3792 618 3834 eum
680 3780 876 3834 autem
937 3774 1066 3833 eius
1127 3773 1409 3832 memoria
1473 3770 1719 3831 defluxit
1782 3773 1843 3830 in
1904 3770 2094 3831 Cassii
2159 3770 2364 3831 Dionis
2429 3771 2613 3831 histo-

301 3874 479 3951 riam,
527 3871 777 3932 forsitan
825 3871 1004 3931 etiam
1048 3869 1328 3951 Appiani3
1373 3887 1529 3947 nam,
1577 3871 1691 3929 etsi
1728 3869 1827 3929 hic
1864 3886 1941 3929 ne
1980 3867 2321 3931 Sallustium
2370 3868 2613 3949 quidem

301 3970 592 4049 neglexit,
645 3968 710 4030 id
765 3968 924 4049 quod
979 3987 1052 4029 ex
1107 3966 1491 4048 conpluribus
1547 3966 1695 4027 locis
1750 3974 1997 4047 constat,
2044 3966 2260 4047 quibus
2308 3970 2435 4047 ipsa
2484 3970 2613 4029 eius

499 4136 551 4202 1)
587 4131 834 4186 Nomina
878 4134 1070 4186 tamen
1115 4129 1338 4200 aliquot
1381 4146 1451 4184 ex
1497 4128 1765 4185 Sallustio
1805 4144 1838 4182 a
1876 4128 2179 4184 Plutarcho
2224 4146 2455 4201 aspersa.
2492 4146 2613 4185 esse

303 4230 442 4268 cmn
481 4210 787 4266 Buresehio
821 4211 860 4267 l.
893 4228 934 4266 s.
964 4230 1018 4281 p.
1049 4216 1156 4265 220
1191 4214 1250 4265 et
1277 4210 1670 4265 Weizsstckero
1707 4210 1743 4265 1.
1766 4228 1807 4263 s.
1838 4228 1891 4280 p.
1912 4216 2018 4263 423
2055 4208 2153 4263 uix
2188 4210 2539 4266 crediderim.

494 4296 548 4359 2)
601 4291 830 4345 Falsam
893 4290 1216 4361 opinionem
1270 4291 1339 4345 de
1397 4289 1602 4345 studiis
1662 4289 1919 4344 Sallustii
1980 4288 2264 4344 historicis
2320 4290 2615 4361 proposuit

303 4372 376 4428 H.
417 4370 595 4426 Duebi
633 4371 694 4425 in
730 4370 1003 4428 Fleckeis.
1035 4388 1161 4426 ann.
1197 4376 1296 4425 113
1335 4390 1388 4441 p.
1428 4376 1530 4426 851
1553 4388 1673 4440 sqq.
