3234 5034
1256 373 1731 428 FENESTELLA
2452 375 2647 424 cvnn

337 543 398 620 C.
438 551 500 604 et
535 541 600 602 L.
640 543 927 604 Caesares
984 541 1224 602 doceret
1279 525 1636 620 ingeniaque
1694 543 2005 619 excitaret,
2063 559 2197 601 cum
2262 547 2385 602 tota
2446 540 2645 602 schola

336 641 714 720 reciperetur
741 641 1141 720 princepsque
1167 646 1625 719 praeceptorum
1654 647 1781 702 tum
1812 637 2135 700 duceretur
2154 639 2437 712 (Suet.de
2452 637 2648 714 9r.18

323 757 391 816 p.
423 739 557 798 114
585 739 762 817 Rffi),
811 746 872 799 et
916 741 1076 799 inter
1120 739 1540 816 grammaticos
1587 738 2091 816 antiquariosque,
2138 738 2237 797 cui
2274 735 2471 798 studio
2510 735 2649 796 reli·

339 839 513 915 quiae
561 835 854 896 librorum
900 835 986 896 De
1031 833 1360 898 uerborum
1405 835 1743 913 significatu
1792 834 2196 915 fastorumque
2232 835 2649 896 Praenestino-

339 953 472 995 rum
521 936 704 995 etiam
751 952 912 995 nunc
957 933 1301 994 testimonio
1347 939 1504 994 sunt.
1579 931 1978 1012 Inscriptione
2034 933 2283 994 forsitan
2329 933 2448 994 huc
2492 933 2652 994 trahi

337 1031 660 1094 uideantur
716 1029 962 1092 ‘Rerum
1027 1031 1316 1092 memoria
1382 1029 1695 1109 dignarum
1750 1026 1933 1092 libri’.
2018 1039 2078 1092 at
2132 1031 2245 1092 fuit
2308 1031 2455 1092 haec
2514 1029 2651 1091 lanx

340 1138 542 1192 satura
587 1147 794 1192 rerum
840 1127 1160 1192 admodum
1213 1129 1520 1190 uariarum
1577 1127 1910 1207 similisque
1958 1127 2135 1189 Gellii
2189 1130 2455 1190 noctium
2502 1129 2651 1189 Atti-

341 1245 546 1290 carum
595 1228 934 1301 (Muenzer
967 1245 1034 1304 p.
1073 1226 1478 1301 299—321).
1555 1244 1631 1287 ne
1679 1225 1755 1287 de
1804 1223 2215 1288 ‘Etruscarum
2264 1219 2377 1309 (sc.
2418 1220 2649 1310 rerum)

340 1322 532 1386 libris'
593 1324 865 1404 quidem,
931 1342 1186 1405 quorum
1251 1325 1435 1404 primi
1499 1323 1817 1385 scholiasta
1870 1324 2229 1386 Veronensis
2279 1324 2653 1403 Vergilianus

338 1425 642 1500 meminit,
699 1425 894 1484 omnis
942 1421 1230 1484 dubitatio
1279 1421 1519 1483 exclusa
1565 1429 1683 1497 est,
1730 1440 1873 1484 num
1920 1421 2231 1484 historiam
2276 1423 2655 1502 potissimum

343 1522 725 1582 continuerit.
789 1520 982 1582 Vitam
1021 1519 1342 1600 descripsit
1379 1519 1703 1582 Suetonius
1752 1519 1825 1580 de
1872 1538 2117 1598 gramm.
2154 1517 2233 1582 17
2273 1540 2331 1601 p.
2366 1517 2494 1582 113
2521 1519 2654 1598 Rff„

341 1618 500 1681 unde
538 1618 892 1680 libertinum
921 1611 1271 1702 (Praeneste
1309 1617 1650 1697 oriundum,
1678 1619 2037 1696 Hirschfeld
2060 1620 2265 1682 Herm.
2290 1621 2469 1696 IXp.
2492 1612 2653 1702 105)

343 1735 479 1778 eum
528 1717 717 1778 fuisse
764 1725 834 1778 ut
879 1725 1112 1778 ceteros
1159 1717 1290 1778 eius
1325 1719 1566 1795 generis
1603 1725 1732 1776 tum
1768 1717 1937 1777 uiros
1976 1714 2179 1778 doctos
2218 1724 2279 1777 et
2321 1715 2653 1778 decessisse

344 1810 609 1875 ‘exactae
659 1817 870 1875 aetatis
919 1812 1030 1876 sub
1077 1810 1343 1875 Tiberio'
1395 1815 1800 1893 comperimus
1848 1814 2107 1894 aliaque,
2154 1833 2305 1895 quae
2352 1832 2534 1894 supra
2582 1813 2655 1876 de

342 1915 472 1992 ipso
519 1915 1010 1976 memorauimuS.
1084 1911 1189 1972 sed
1235 1912 1304 1974 in
1355 1911 1586 1973 litteras
1634 1915 1889 1974 maxime
1945 1912 2155 1974 relicto
2209 1913 2432 1975 Palatio
2488 1915 2655 1974 incu-

341 2009 548 2072 buisse
603 2009 864 2072 uidetur.
929 2028 1067 2072 nam
1124 2011 1306 2072 fastos
1363 2008 1620 2072 absoluit
1674 2019 1813 2090 post
1856 2030 1907 2070 a.
1949 2007 2160 2090 7s760
2207 2004 2396 2095 (unde
2446 2010 2655 2072 Hiero-

342 2127 558 2189 nymus
597 2127 736 2169 eum
773 2109 1070 2186 insignem
1109 2109 1294 2170 fuisse
1331 2109 1540 2170 statuit
1567 2128 1618 2170 a.
1640 2105 1681 2170 8
1710 2127 1767 2188 p.
1789 2103 1983 2193 Chr.¹)
2032 2128 2227 2190 neque
2264 2112 2427 2171 uitae
2466 2111 2655 2189 spatio

343 2205 698 2286 impeditur,
753 2207 1100 2286 quominuS,
1157 2225 1310 2286 quae
1365 2225 1557 2286 usque
1613 2205 1687 2267 ad
1734 2226 1787 2268 a.
1823 2203 2099 2286 22s775‚
2156 2207 2227 2268 ab
2281 2209 2411 2287 ipso
2459 2206 2659 2269 addita

345 2323 480 2366 esse
536 2285 924 2388 statuamus),
979 2302 1166 2366 libros
1211 2303 1297 2364 De
1354 2302 1679 2367 uerborum
1728 2305 2065 2383 significatu
2112 2314 2246 2385 post
2292 2325 2340 2367 a.
2386 2301 2656 2386 10s763.

345 2401 492 2482 quid
557 2404 622 2463 in
677 2420 750 2462 eo
807 2400 1154 2463 Scribonius
1210 2401 1629 2481 Aphrodisius,
1686 2420 1823 2463 cum
1878 2401 2049 2464 libris
2111 2403 2181 2464 de
2239 2403 2657 2483 orthographia

347 2497 490 2562 ‘non
529 2500 662 2560 sine
699 2501 1094 2561 insectatione
1131 2498 1467 2562 studiorum
1505 2517 1859 2580 morumque
1888 2497 2042 2562 eius'
2072 2500 2438 2563 rescriberet
2461 2503 2656 2575 (Suet.

348 2599 424 2660 de
463 2616 564 2674 qr.
606 2597 692 2657 19
725 2615 794 2674 p.
835 2598 1013 2676 114),
1063 2597 1538 2676 reprehenderit,
1585 2599 1907 2660 nescimus,

1157 2961 1788 3036 FENESTELLA
1804 2956 1857 3046 ²)

529 3139 614 3200 De
663 3137 996 3200 Fenestella
1042 3139 1189 3200 haec
1239 3147 1495 3201 testatur
1549 3139 1950 3220 Hieronymus
1998 3141 2070 3202 ad
2118 3161 2168 3202 a.
2208 3142 2343 3204 Abr.
2383 3138 2559 3205 2035
2591 3172 2659 3192 =

355 3233 436 3299 19
484 3257 541 3318 p.
583 3237 719 3298 Chr.
758 3256 815 3316 p.
859 3233 983 3297 147
1026 3235 1188 3297 Sch.:
1249 3239 1592 3299 Fenestella
1646 3241 2049 3302 historiarum
2094 3243 2363 3302 scribtor
2408 3249 2469 3303 et
2518 3261 2657 3303 car-

349 3342 580 3400 minum
625 3339 1142 3412 septuaqenarius
1175 3341 1439 3396 moritur
1474 3341 1886 3413 sepeliturque
1930 3339 2146 3400 Cumis.
2202 3338 2362 3399 unde
2399 3343 2660 3420 primum

349 3433 462 3495 hoc
520 3431 858 3512 colligimus
914 3435 1072 3494 inter
1128 3450 1266 3493 eum
1323 3445 1383 3493 et
1428 3433 1645 3495 Cumas
1693 3437 1983 3496 rationem
2029 3435 2326 3517 quandam
2371 3439 2661 3499 interces-

353 3533 502 3594 sisse
549 3549 746 3611 neque
792 3535 994 3591 tamen
1043 3547 1116 3590 ex
1154 3548 1221 3591 ea
1260 3530 1409 3591 urbe
1449 3533 1745 3610 originem
1784 3551 1921 3595 eum
1961 3533 2200 3595 duxisse
2237 3534 2335 3595 uel
2374 3537 2659 3597 maiorem

353 3638 586 3710 partem
629 3629 792 3689 uitae
839 3625 923 3688 ibi
972 3629 1193 3706 egisse,
1241 3631 1355 3689 etsi
1401 3647 1521 3690 non
1569 3649 1711 3690 casu
1768 3630 2057 3693 accidisse
2113 3633 2247 3694 ueri
2293 3633 2486 3695 simile
2553 3643 2661 3715 est,

355 3726 513 3806 quod
548 3725 874 3786 Varronem
925 3733 1167 3786 secutus
1205 3725 1565 3806 Erythraeae
1605 3727 1861 3808 Sibyllae
1906 3731 2166 3808 primum
2213 3730 2409 3792 locum
2452 3731 2664 3794 tribuit

359 3825 464 3902 (fr.
503 3824 640 3903 18),
696 3841 848 3904 quae
903 3822 1004 3884 uel
1059 3823 1266 3885 eadem
1324 3825 1796 3887 existumabatur
1849 3845 1999 3906 quae
2056 3827 2317 3890 Cumana
2373 3829 2471 3892 uel
2531 3833 2663 3892 eius

357 3925 525 4002 quasi
599 3939 818 4002 parens
883 3923 1186 3996 (Klausen
1263 3926 1507 3984 Aeneas
1579 3943 1637 3984 u.
1694 3927 1751 3985 d.
1804 3927 2076 3988 Penaten
2135 3929 2179 3987 I
2209 3947 2278 4006 p.
2326 3929 2461 3989 246
2485 3933 2661 4006 sqq).

357 4021 597 4082 nomine
634 4018 974 4099 ignobilitas
1010 4019 1309 4082 indicatur
1339 4055 1424 4064 --
1453 4039 1592 4082 nam
1626 4041 1988 4101 praenomen
2025 4024 2197 4086 Lucii
2234 4044 2307 4086 ex
2345 4025 2662 4089 subditicio

537 4211 590 4278 1)
628 4234 696 4254 =
727 4213 870 4262 2024
897 4208 1032 4263 Abr.
1060 4226 1116 4279 p.
1148 4215 1248 4264 147
1281 4209 1404 4264 Sch.

519 4291 592 4359 ,2)
627 4287 688 4342 L.
718 4287 998 4343 Mercklin
1029 4289 1120 4344 De
1145 4289 1220 4346 F.
1247 4291 1504 4348 historico
1531 4299 1584 4348 et
1604 4300 1787 4362 poeta,
1822 4293 2015 4365 Progr.
2034 4311 2227 4365 gymn.
2246 4295 2481 4366 Dorpat.
2506 4303 2659 4352 1844.

359 4368 614 4437 J,„Poeth
651 4369 740 4426 De
777 4369 850 4424 F.
879 4369 1238 4424 historiarum
1272 4373 1534 4442 aetimare
1573 4380 1627 4430 et
1661 4375 1987 4443 caminum,
2025 4374 2261 4432 Dissert.
2286 4375 2465 4432 Bonn.
2505 4383 2659 4432 1849.
