3234 5034
1064 328 1161 383 DE
1196 329 1677 385 INLVSTRIBVS
1715 329 1907 384 VIRIS
2549 330 2638 396 39

325 495 637 558 historicis
673 502 980 576 excerpta:
1026 495 1201 558 Dices
1238 496 1554 576 pulchrum
1590 516 1724 560 esse
1761 499 2038 560 inimicos
2073 497 2301 560 ulcisci.
2348 497 2410 560 id
2447 517 2642 578 neque

326 595 523 655 maius
579 613 777 675 neque
830 595 1143 675 pulchrius
1198 597 1474 675 cuiquam
1530 605 1707 676 atque
1752 597 1900 658 mihi
1937 615 2072 658 esse
2115 596 2382 678 uidetur,
2434 595 2540 658 sed
2587 598 2641 658 si

328 691 507 753 liceat
562 711 629 753 re
684 692 923 773 publica
977 693 1143 754 salua
1198 712 1265 754 ea
1322 697 1620 775 persequi.
1695 693 1802 756 sed
1858 703 2150 776 quatenus
2211 695 2272 756 id
2331 697 2464 756 fieri
2519 713 2639 756 non

329 797 543 870 potest,
580 791 769 854 multo
806 799 1075 872 tempore
1119 792 1443 872 multisque
1486 792 1760 873 partibus
1805 794 2034 858 inimici
2079 795 2268 856 nostri
2314 812 2436 856 non
2479 795 2638 874 peri·

274 919 298 958 ⁵
328 888 479 950 bunt
524 897 723 969 aulae,
768 891 858 952 uti
904 909 1065 950 nunc
1112 898 1268 970 sunt,
1315 899 1493 953 erunt
1538 893 1736 971 potius
1783 911 1961 971 quam
2008 910 2105 953 res
2152 891 2389 972 publica
2436 877 2640 973 proflil

327 996 505 1066 getur
550 995 731 1068 atque
776 996 998 1069 pereat.

510 1085 733 1147 Eadem
790 1086 903 1148 alio
959 1086 1117 1148 loco:
1166 1087 1374 1149 Verbis
1430 1089 1736 1168 conceptis
1793 1086 2060 1149 deierare
2115 1089 2323 1166 ausim,
2375 1096 2638 1169 praeter-

324 1204 506 1265 quam
564 1186 669 1266 qui
714 1183 1023 1247 Tiberium
1071 1184 1403 1247 Gracchum
1455 1193 1764 1264 necarunt,
1811 1187 2110 1247 neminem
2153 1187 2466 1248 inimicum
2511 1193 2638 1247 tan-

326 1291 457 1344 tum
510 1282 819 1345 molestiae
876 1291 1224 1363 tantumque
1280 1283 1499 1344 laboris
1506 1329 1526 1364 ‚
1583 1291 1871 1363 quantum
1927 1291 1986 1345 te
2039 1282 2115 1344 ob
2163 1284 2270 1345 has
2317 1303 2444 1364 res,
2489 1284 2638 1346 mihi

246 1411 299 1453 ιο
324 1381 675 1444 tradidisse:
730 1401 909 1462 quem
966 1382 1277 1462 oportebat
1332 1383 1597 1444 omnium
1653 1400 1886 1461 eorum,
1947 1401 2096 1462 quos
2153 1382 2402 1444 antehac
2455 1381 2638 1444 habui

326 1479 549 1542 liberos
558 1526 577 1559 ‚
631 1483 819 1560 partis
868 1479 1130 1559 [eorum]
1180 1480 1433 1542 tolerare
1488 1488 1664 1560 atque
1714 1499 1943 1560 curare,
1986 1488 2056 1542 ut
2099 1499 2275 1560 quam
2322 1482 2635 1542 minimum

326 1578 751 1641 sollicitudinis
806 1581 871 1640 in
928 1586 1168 1640 senecta
1223 1578 1520 1658 haberem,
1576 1580 1802 1658 utique,
1849 1596 2238 1658 quaecunque
2295 1597 2520 1658 ageres,
2567 1597 2638 1641 ea

322 1677 515 1739 uelles
560 1679 818 1739 maxime
862 1676 1011 1738 mibi
1056 1677 1309 1758 placere,
1356 1685 1532 1757 atque
1578 1679 1669 1739 uti
1712 1677 1878 1738 nefas
1924 1675 2177 1738 haberes
2215 1694 2417 1738 rerum
2455 1679 2638 1739 maio·

328 1795 465 1838 rum
504 1775 825 1838 aduersum
861 1794 1055 1837 meam
1094 1777 1449 1838 sententiam
1492 1777 1810 1856 quicquam
1849 1775 2062 1854 facere,
2088 1777 2442 1854 praesertim
2470 1775 2637 1856 mihi,

246 1905 297 1945 η
326 1877 425 1936 cui
470 1893 659 1954 parua
704 1893 843 1954 pars
888 1875 1049 1936 uitae
1096 1880 1388 1954 superest.
1463 1891 1539 1934 ne
1583 1872 1648 1933 id
1694 1872 1934 1952 quidem
1981 1880 2102 1934 tam
2146 1872 2334 1934 breue
2380 1876 2636 1953 spatium

324 1980 524 2053 potest
556 1971 855 2052 opitulari,
892 1973 1039 2052 quin
1077 1980 1137 2033 et
1171 1971 1319 2032 mihi
1356 1971 1679 2032 aduersere
1715 1979 1776 2032 et
1813 1989 1942 2032 rem
1973 1970 2274 2051 publicam
2309 1969 2636 2052 profliges?

328 2070 585 2150 denique
646 2088 799 2151 quae
858 2089 1044 2151 pausa
1103 2067 1266 2132 erit?
1344 2069 1651 2150 ecquando
1714 2069 1945 2132 desinet
2003 2069 2222 2131 familia
2283 2077 2486 2131 nostra
2547 2071 2634 2131 in·

325 2165 569 2230 sanire‘?
630 2168 935 2248 ecquando
982 2167 1194 2230 modus
1241 2171 1296 2229 ei
1334 2169 1423 2229 rei
1469 2167 1676 2230 haberi
1721 2166 1984 2248 poterit‘?
2050 2167 2356 2248 ecquando
2405 2168 2636 2230 desine-

324 2287 459 2328 mus
506 2275 568 2328 et
614 2266 901 2328 habentes
948 2273 1009 2328 et
1052 2265 1407 2346 praebentes
1444 2266 1736 2328 molestiis
1773 2264 2096 2328 insistere?
2155 2266 2462 2347 ecquando
2501 2285 2635 2347 per-

210 2371 225 2391 ·
242 2395 297 2436 ,ο
324 2365 615 2447 pudescet
649 2364 955 2427 miscenda
992 2372 1169 2446 atque
1214 2364 1615 2445 perturbanda
1663 2383 1729 2426 re
1773 2363 2056 2445 publica?
2131 2364 2248 2426 Sed
2295 2367 2346 2428 si
2394 2366 2636 2428 omnino

324 2463 387 2526 id
440 2465 577 2524 fieri
630 2481 751 2524 non
806 2469 1028 2543 potest,
1083 2462 1187 2524 ubi
1235 2482 1343 2542 ego
1388 2471 1625 2525 mortua
1670 2482 1800 2542 ero,
1846 2465 2030 2543 petito
2085 2462 2480 2526 tribunatum:
2527 2483 2638 2544 per

324 2581 419 2624 me
478 2563 657 2624 facito
712 2560 874 2641 quod
920 2559 1163 2639 iubebit,
1210 2580 1348 2622 cum
1396 2580 1504 2640 ego
1556 2578 1676 2623 non
1733 2563 2001 2622 sentiam.
2075 2560 2182 2623 ubi
2235 2569 2468 2624 mortua
2513 2581 2636 2644 ero,

324 2659 666 2740 parentabis
712 2659 863 2720 mihi
908 2665 968 2719 et
1012 2659 1323 2721 inuocabis
1372 2658 1548 2721 deum
1593 2667 1920 2739 parentem.
1992 2660 2056 2720 in
2096 2678 2167 2720 eo
2204 2667 2472 2740 tempore
2513 2679 2633 2722 non

321 2759 507 2840 pudet
543 2769 603 2821 te
642 2776 851 2820 eorum
891 2756 1067 2818 deum
1102 2776 1315 2837 preces
1352 2765 1650 2838 expetere,
1687 2776 1836 2838 quos
1873 2759 2048 2819 uiuos
2085 2765 2261 2837 atque
2289 2768 2635 2838 praesentes

244 2885 295 2927 η
324 2858 564 2920 relictos
611 2865 789 2937 atque
839 2855 1109 2916 desertos
1154 2853 1477 2916 habueris?
1537 2873 1613 2915 ne
1660 2853 1760 2916 ille
1808 2857 1944 2916 sirit
1979 2855 2246 2935 luppiter
2291 2863 2349 2916 te
2396 2875 2466 2917 ea
2501 2876 2632 2936 per·

324 2974 633 3034 seueram,
694 2973 804 3015 nec
866 2953 977 3014 tibi
1042 2961 1263 3014 tantam
1324 2952 1682 3014 dementiam
1737 2955 1946 3014 uenire
2001 2955 2064 3012 in
2122 2953 2409 3015 animum!
2476 2963 2536 3016 et
2581 2957 2635 3016 si

326 3172 523 3231 Verba.
572 3169 885 3230 Corneliae
934 3168 1337 3230 Gracchorum
1387 3171 1599 3228 matris
1647 3188 1716 3227 ex
1764 3168 2010 3228 cornelii
2060 3171 2298 3246 nepotis
2334 3169 2488 3229 libro
2537 3190 2633 3231 ex-

324 3264 529 3338 cerpta
568 3257 935 3333 Emmanus)
1112 3263 1166 3318 1.
1214 3251 1543 3337 historicis]
1585 3257 1922 3317 oratoribus
1959 3257 2302 3334 Nipperdey
2336 3275 2428 3334 op.
2444 3279 2512 3334 p.
2547 3261 2631 3320 99

410 3355 469 3410 4.
516 3350 681 3410 malo
727 3351 1022 3424 temperes
1070 3348 1267 3421 Beryk
1308 3347 1460 3406 Phil.
1491 3347 1661 3406 XVI
1688 3349 1816 3406 627
1961 3347 2170 3407 multis
2216 3348 2490 3425 partibus
2538 3369 2631 3408 ex-

312 3441 545 3513 plicare
578 3439 772 3498 studet
802 3437 1145 3512 Nipperdey
1168 3455 1235 3511 p.
1269 3439 1399 3495 116
1451 3437 1779 3512 multisque
1829 3436 2130 3522 aetatibus
2180 3438 2464 3498 Petauius
2507 3439 2630 3511 for-

318 3531 479 3590 sitan
514 3529 727 3588 multis
765 3527 996 3586 artibus
1135 3528 1193 3585 7.
1229 3524 1431 3584 Verba.
1466 3525 1730 3584 eiusdem
1769 3525 1890 3586 alio
1929 3526 2059 3585 loco
2099 3525 2176 3584 ad
2207 3525 2268 3585 C.
2298 3525 2629 3586 Gracchum

318 3618 511 3679 filium
547 3617 607 3678 R
788 3618 846 3676 8.
893 3616 1203 3674 inimicum
1240 3631 1348 3672 om.
1382 3613 1506 3688 Gis.
1535 3618 1571 3674 t.
1597 3614 1846 3674 Petamfo
1975 3617 2182 3673 tantae
2219 3616 2361 3674 mol.
2392 3615 2449 3676 G-

324 3710 379 3767 9.
418 3707 496 3768 ob
534 3725 637 3766 eas
672 3723 769 3766 res
805 3706 865 3765 R
1049 3707 1148 3764 10.
1196 3700 1431 3778 eorum]
1468 3722 1740 3762 meorum
1777 3703 1931 3762 Roth
1995 3723 2202 3762 eorum
2247 3723 2355 3763 om.
2396 3707 2479 3764 ed.
2517 3705 2628 3765 Sa-

322 3799 570 3856 uaronis
616 3813 699 3854 cm
744 3793 987 3854 coram?
1156 3795 1254 3852 12.
1294 3811 1477 3868 agens
1518 3793 1575 3852 G'-
1794 3794 1892 3852 16.
1931 3795 2205 3868 superest
2248 3811 2356 3853 om.
2392 3793 2450 3854 G

326 3889 423 3946 16.
474 3885 792 3944 aduersere
834 3884 959 3958 Gis.
1007 3883 1287 3942 aduerses
1329 3881 1385 3942 G
1430 3881 1705 3942 aduersos
1743 3881 1803 3940 R
1961 3884 2058 3941 17.
2100 3901 2222 3957 qua
2257 3901 2449 3960 pausa
2481 3884 2537 3945 G

406 3973 718 4051 ecquando
760 3971 885 4047 Gis.
916 3972 974 4034 (ἶ-
1019 3975 1080 4031 et
1116 3971 1355 4048 quando
1394 3971 1453 4030 R
1661 3973 1760 4030 19.
1803 3970 2076 4031 insistere
2111 3972 2454 4048 Nipperdey
2525 3973 2623 4034 de-

318 4067 530 4126 sistere
568 4063 731 4123 codd.
788 4061 1055 4138 desipere
1092 4061 1442 4136 Rutqersius
1590 4061 1691 4118 21.
1733 4062 1833 4118 22.
1880 4079 1988 4136 per
2021 4079 2116 4119 me
2158 4061 2281 4136 Gis.
2324 4061 2377 4121 G
2425 4080 2534 4122 om.
2564 4063 2626 4122 R

502 4155 605 4214 23.
652 4152 831 4211 deum
876 4147 1211 4228 parentem]
1250 4150 1371 4208 uid.
1401 4149 1640 4209 Jordan
1675 4149 1888 4208 Herm.
1918 4149 2050 4208 XV
2067 4169 2134 4223 p.
2169 4151 2296 4210 530
2313 4170 2431 4226 sqq.

323 4247 421 4304 24.
470 4241 725 4320 pudebit
760 4242 975 4315 Haupt
1006 4244 1073 4300 in
1108 4239 1394 4312 Nipperd.
1434 4256 1524 4312 op.
1552 4257 1619 4313 p.
1654 4243 1782 4298 119
1999 4257 2174 4314 paces
2219 4239 2342 4312 (uel
2387 4243 2623 4317 pacem)

320 4334 519 4408 Bet-qk
555 4333 593 4390 l.
630 4349 679 4390 8.
867 4331 967 4389 25.
1016 4331 1177 4388 sinat
1212 4327 1272 4386 R
