3234 5034
567 340 785 391 cxvm
1064 321 1161 376 DE
1200 319 1664 377 SCRIPTORVM
1699 319 1888 375 VITIS
1923 319 2020 376 ET
2057 319 2374 376 SCRIPTIS

1184 561 1263 634 L.
1302 558 1765 634 ANNAEVS
1823 559 2198 634 SENECA
2216 555 2266 644 1)

741 740 825 802 De
872 740 1049 802 huius
1093 741 1360 802 historiis
1408 758 1556 819 quae
1604 747 1768 800 certa
1813 738 2134 801 traduntur
2179 739 2338 800 filius
2375 739 2768 820 philosophus
2804 741 2869 800 in

564 841 689 901 uita
727 842 856 902 eius
895 842 1161 901 narrauit
1190 841 1343 913 (uid.
1368 857 1437 915 p.
1458 838 1545 900 98
1577 838 1662 916 fr.
1693 840 1781 914 1).
1829 857 1965 899 nam
2003 845 2139 918 post
2175 840 2616 900 controuersias
2665 858 2871 900 suaso-

566 940 830 1018 riasque,
887 957 1032 1018 quas
1088 957 1272 999 senex
1328 937 1630 1016 sexaginta
1685 936 1810 997 sere
1868 944 2098 1015 septem
2155 955 2338 997 sexue
2395 955 2688 999 annorum
2734 933 2871 1017 post

566 1056 615 1098 a.
655 1031 891 1118 34s787
944 1038 1293 1117 composuit,
1351 1053 1447 1096 res
1494 1033 1788 1096 Romanas
1836 1031 1932 1095 ‘ab
1979 1035 2152 1095 initio
2199 1034 2490 1097 bellorum
2530 1029 2868 1120 ciuilium2)

564 1155 753 1216 paene
808 1135 883 1197 ad
939 1137 1150 1196 mortis
1212 1152 1351 1196 suae
1411 1127 1599 1194 diem'
1657 1141 2009 1213 persecutus
2070 1141 2162 1194 est
2220 1152 2414 1214 neque
2477 1143 2676 1196 tamen
2739 1137 2869 1214 ipse

568 1234 769 1315 edidit,
818 1237 947 1296 siue
993 1241 1184 1294 morte
1221 1235 1588 1311 interceptus
1629 1233 1756 1292 siue
1795 1233 2222 1311 imperatorum
2261 1234 2570 1294 saeuitiam
2609 1235 2872 1316 ueritus;

568 1352 721 1412 nam,
766 1341 835 1394 ut
879 1340 1005 1395 erat
1049 1333 1148 1394 uir
1202 1332 1428 1410 antiqui
1485 1331 1700 1409 rigoris
1748 1331 1915 1404 (Seu.
1955 1333 2041 1391 ad
2075 1331 2248 1392 Helu.
2290 1331 2394 1407 17,
2433 1331 2522 1410 3),
2572 1349 2751 1410 quem
2802 1350 2873 1393 ex

568 1434 877 1511 prouincia
926 1433 1270 1509 retinuerat,
1317 1430 1553 1490 initium
1603 1447 1734 1488 eam
1781 1430 1970 1507 ipsam
2017 1427 2092 1488 ob
2140 1447 2380 1489 causam
2429 1428 2501 1490 ab
2538 1427 2659 1490 illis
2697 1429 2873 1490 bellis

568 1531 782 1592 fecisse
827 1529 1083 1608 uidetur,
1129 1537 1196 1589 ut
1231 1529 1565 1606 ueritatem,
1614 1545 1790 1606 quam
1835 1525 1975 1588 inde
2024 1534 2181 1588 retro
2221 1526 2438 1588 abiisse
2485 1527 2644 1588 filius
2692 1527 2872 1608 addit⁷

570 1631 929 1690 restitueret.
1020 1627 1175 1687 uidit
1232 1627 1406 1687 etiam
1455 1633 1707 1686 mortem
1753 1627 2130 1704 imperatoris
2175 1625 2404 1687 Tiberii
2452 1626 2524 1703 (f.
2562 1627 2655 1707 2),
2714 1628 2872 1689 intra

570 1747 744 1810 quam
793 1735 850 1788 et
898 1725 1138 1787 exilium
1186 1723 1295 1785 filii
1342 1717 1515 1808 (41s7
1523 1718 1638 1807 94)
1690 1723 1846 1784 diem
1883 1741 2230 1802 supremum
2277 1723 2439 1785 obiit.

748 1823 1029 1886 Ciuilium
1074 1823 1365 1884 bellorum
1414 1823 1612 1882 surore
1660 1823 1906 1882 territus
1944 1821 2252 1883 Cordubae
2301 1823 2364 1883 in
2412 1823 2643 1884 colonia
2680 1826 2873 1904 patria

571 1942 635 1986 se
674 1926 1003 1985 retinuerat
1048 1921 1272 1997 (contr.
1311 1922 1352 1981 I
1378 1919 1586 1998 praef.
1627 1921 1760 1997 11),
1807 1921 1896 1980 eis
1941 1928 2138 1981 tamen
2186 1939 2336 2001 quae
2382 1923 2689 1984 insecutae
2729 1929 2870 1984 sunt

573 2022 752 2084 rebus
790 2024 917 2103 ipse
955 2023 1249 2082 interesse
1288 2026 1348 2080 et
1382 2025 1451 2080 ut
1488 2017 1942 2079 declamationes
1981 2021 2326 2080 memoriter
2365 2019 2632 2082 scribere
2660 2022 2873 2100 potuit.

497 2147 501 2150 ·
572 2119 828 2183 edidisse
876 2118 1035 2180 filius
1082 2118 1189 2180 has
1236 2113 1561 2178 ‘historias'
1608 2117 1708 2176 uix
1759 2123 1893 2177 ante
1943 2116 2201 2178 reditum
2259 2137 2330 2178 ex
2386 2119 2564 2181 exilio
2611 2119 2872 2198 uidetur,

572 2218 677 2281 sed
724 2221 916 2280 omnis
964 2235 1168 2279 eorum
1215 2217 1500 2276 memoria
1548 2213 1779 2276 duobus
1825 2213 1972 2294 locis
2019 2217 2375 2296 continetur,
2421 2235 2542 2278 uno
2582 2217 2873 2296 Suetonii,

573 2319 675 2398 qui
724 2315 997 2396 aequales
1044 2321 1231 2376 testes
1279 2315 1461 2374 citare
1511 2313 1678 2392 solet,
1726 2312 1910 2373 altero
1959 2302 2267 2393 Lactantii,
2315 2333 2493 2394 quem
2539 2314 2635 2376 Fr.
2683 2315 2875 2377 Haase

572 2418 636 2476 in
683 2415 820 2477 edit.
870 2415 1131 2474 Senecae
1167 2411 1246 2474 111
1284 2431 1339 2491 p.
1368 2408 1498 2473 437
1540 2410 1612 2472 ad
1650 2421 1881 2491 patrem
1923 2410 2166 2491 rettulit,
2217 2409 2288 2472 de
2329 2431 2445 2492 quo
2481 2432 2695 2493 magna
2735 2433 2875 2475 con-

575 2515 867 2575 trouersia
931 2520 1059 2573 orta
1124 2518 1230 2571 est.
1324 2509 1469 2570 salso
1535 2511 1694 2571 enim
1759 2510 2063 2571 Annaeum
2121 2510 2407 2571 Senecam
2469 2531 2578 2591 pro
2635 2511 2876 2574 Annaeo

574 2611 774 2691 Floro,
830 2612 974 2672 item
1032 2617 1297 2690 tempora
1353 2607 1555 2688 populi
1608 2607 1857 2670 Romani
1912 2610 1974 2669 in
2032 2615 2255 2671 aetates
2309 2609 2618 2670 hominum
2676 2609 2876 2671 distri-

574 2711 825 2788 buente,
884 2728 916 2769 a
963 2707 1265 2768 Lactantio
1320 2709 1579 2788 positum
1639 2724 1770 2768 esse
1831 2706 2068 2788 quidam
2125 2706 2393 2770 arbitrati
2448 2703 2683 2792 sunt⁸);
2739 2727 2876 2770 nam

576 2809 637 2870 hi
700 2806 902 2869 multis
966 2807 1030 2868 in
1096 2805 1274 2867 rebus
1337 2807 1497 2866 inter
1561 2823 1625 2865 se
1693 2802 2031 2886 discrepant
2087 2806 2276 2878 (Jahn
2320 2806 2531 2884 praes.
2579 2810 2668 2868 ad
2711 2807 2875 2869 Flor.

563 2927 631 2985 p.
672 2927 799 2967 xxx
810 2908 997 2988 V111J);
1045 2914 1169 2966 tum
1207 2922 1352 2965 uero
1392 2903 1546 2984 apud
1585 2902 1956 2964 Lactantium
2003 2905 2198 2965 omnia
2245 2906 2482 2984 egregie
2530 2905 2741 2982 fluunt,
2779 2905 2878 2966 hic

579 3013 802 3083 autem,
869 3023 1003 3064 cum
1064 3020 1449 3064 numerorum
1506 3002 1843 3062 incuriosus
1901 3007 2084 3082 esset,
2149 3003 2346 3063 omnia
2402 3003 2645 3064 miscuit
2699 3011 2876 3086 atque

578 3106 705 3183 ipse
756 3120 958 3164 secum
1013 3109 1261 3181 pugnat,
1331 3101 1583 3181 denique
1642 3099 1954 3180 iudicium,
2021 3099 2176 3180 quod
2235 3100 2307 3161 de
2363 3099 2536 3162 hellis
2594 3101 2877 3163 ciuilibus

580 3201 867 3280 Brutique
915 3197 1188 3260 libertate
1235 3198 1485 3279 profert,
1541 3197 1727 3259 multo
1786 3199 1980 3278 aptius
2029 3217 2163 3259 cum
2213 3199 2436 3260 Seneca
2482 3206 2651 3279 patre
2700 3219 2876 3280 quam

580 3317 716 3360 cum
738 3297 911 3358 Floro
943 3298 1205 3358 concinit
1234 3289 1441 3380 (etiam
1471 3296 1686 3358 melius
1716 3315 1891 3377 quam
1923 3315 2057 3357 cum
2088 3295 2226 3376 filio,
2254 3316 2312 3358 11.
2341 3299 2549 3360 Gesch.
2571 3297 2786 3360 Litter.
2810 3298 2888 3359 II

566 3417 633 3476 p.
677 3397 733 3457 7.
783 3396 825 3457 I
856 3396 940 3456 79
976 3389 1151 3480 sqq.)
1225 3398 1422 3475 itaque
1470 3395 1521 3456 si
1570 3397 1720 3456 ratio
1767 3394 1961 3476 aliqua
2008 3396 2166 3457 inter
2201 3395 2442 3458 Florum
2491 3403 2550 3457 et
2588 3396 2878 3458 Senecam

579 3493 923 3574 intercedit,
1002 3495 1501 3574 comparationem
1566 3493 1728 3555 illam
1794 3492 2004 3555 Florus
2070 3494 2141 3555 ab
2205 3495 2318 3556 hoc
2381 3501 2685 3560 mutuatus
2749 3497 2879 3577 ipse

763 3695 814 3762 1)
853 3692 935 3746 De
972 3691 1336 3762 praenomine
1373 3710 1425 3746 u.
1456 3691 1748 3747 Woelfflin
1787 3711 1857 3746 m.
1889 3691 1993 3747 Rh.
2024 3694 2066 3748 L
2103 3713 2155 3764 p.
2188 3698 2307 3748 320.

761 3775 814 3842 2)
855 3772 1015 3838 Quod
1046 3771 1362 3827 accuratius
1390 3771 1617 3828 initium
1645 3771 1834 3842 fuerit,
1865 3773 2173 3829 dubitatur.
2211 3791 2344 3828 113111
2372 3773 2628 3830 Niebuhr
2657 3775 2714 3846 (1.
2732 3776 2882 3831 infra

582 3873 638 3925 p.
660 3873 887 3907 cxxvnn
916 3871 958 3906 s.
978 3871 1032 3923 p.
1058 3855 1179 3921 104)
1210 3870 1337 3906 cum
1366 3852 1526 3907 Liuio
1564 3852 1624 3907 id
1655 3869 1690 3907 3
1719 3852 1973 3908 Caesaris
2009 3853 2070 3908 in
2107 3855 2333 3910 Italiam
2369 3855 2619 3910 aduentu
2655 3858 2882 3927 repetit,

584 3935 646 3990 O.
677 3933 969 3988 Rossbach
998 3934 1199 4001 (Bresl.
1222 3933 1481 4006 phaozoy.
1504 3935 1781 3989 Abhandl.
1810 3935 1890 3988 II
1917 3939 1953 3989 3
1981 3953 2040 4005 p.
2073 3940 2184 3990 162
2199 3940 2338 4006 sqq.)
2368 3953 2496 3990 cum
2523 3936 2786 4006 Appiano
2826 3941 2886 3993 et

583 4012 749 4068 Floro
790 4030 824 4067 3
860 4013 944 4067 Ti.
978 4013 1219 4067 Gracchi
1255 4017 1434 4068 morte
1470 4014 1812 4082 breuemque
1848 4014 2123 4070 bellorum
2159 4019 2512 4071 externorum
2550 4016 2884 4088 descriptio-

584 4111 713 4148 nem
740 4093 1097 4164 praemisisse
1125 4109 1270 4162 eum,
1300 4111 1445 4163 quae
1472 4098 1664 4149 tamen
1692 4094 1842 4150 Flori
1870 4094 2115 4166 priorem
2143 4094 2350 4151 librum
2379 4096 2564 4166 spatio
2593 4101 2887 4168 aequaret,

585 4175 803 4230 statuit.

766 4261 817 4322 3)
856 4255 1115 4326 Spengel,
1154 4255 1433 4310 Abhandl.
1464 4256 1517 4310 d.
1548 4257 1746 4326 Bayer.
1779 4256 1960 4312 Akad.
1995 4263 2130 4312 1861
2171 4257 2248 4311 IX
2277 4264 2304 4312 1
2345 4275 2399 4328 p.
2431 4264 2534 4312 345
2555 4275 2637 4327 sq.
2693 4259 2888 4331 Unger

586 4335 788 4390 Philol.
818 4341 886 4391 43
924 4354 977 4405 p.
1007 4342 1114 4391 438
1134 4352 1253 4405 sqq.
