3234 5034
895 1392 988 1465 Μ.
1046 1392 1328 1464 TVLLI
1388 1390 1887 1466 CICERONIS

501 1554 1059 1614 CONMENTARII
1105 1552 1402 1615 GRAECI
1447 1554 1553 1612 DE
1607 1550 2084 1613 CONSVLATV
2132 1552 2282 1613 SVO

426 1734 488 1803 l.
540 1742 692 1801 Ptut.
742 1742 938 1801 Crass,
989 1741 1073 1801 13
1119 1734 1236 1800 Ἐν
1283 1732 1356 1800 δὲ
1402 1748 1540 1812 τοῖς
1593 1734 1745 1819 περὶ
1784 1737 2154 1801 Κατιλίναν
2207 1734 2543 1819 πράγμασι
2580 1692 2687 1829 {igl—

262 1834 548 1915 μεγάλοις
608 1832 718 1899 καὶ
773 1844 1014 1917 μικροῦ
1071 1835 1387 1918 δεήσασιν
1442 1832 1806 1915 ἀνατρέψαι
1862 1836 1984 1916 τὴν
2028 1831 2275 1917 Ῥώμην
2329 1833 2542 1917 ἥψατο

261 1930 370 2015 μέν
410 1956 508 2009 τις
551 1934 840 1998 ὑπόνοια
885 1941 1004 1997 τοῦ
1041 1933 1360 2014 Κράσσου
1404 1930 1511 1996 καὶ
1559 1936 1947 2014 προσῆλθεν
1986 1932 2347 2014 ἄνθρωπος
2392 1930 2543 1997 ὀνο-

261 2030 459 2113 μάζων
506 2029 632 2095 ἀπὸ
678 2040 793 2114 τῆς
839 2033 1280 2114 συνωμοσίας,
1327 2028 1551 2107 οὐδεὶς
1597 2025 1671 2093 δὲ
1714 2028 2112 2094 ἐπίστευσεν.
2187 2029 2361 2113 ’ὅμως
2408 2026 2469 2094 δ’
2506 2028 2541 2095 6

219 2150 238 2189 ⁵
262 2126 546 2213 Κικέρων
589 2125 666 2193 ἔν
712 2152 845 2193 τινι
893 2130 1068 2217 λόγῳ
1117 2130 1405 2213 φανερὸς
1459 2124 1543 2210 ἦν
1589 2128 1879 2215 Κράσσῳ
1926 2124 2037 2192 καὶ
2084 2129 2374 2208 Καίσαρι
2418 2130 2545 2211 τὴν

261 2227 459 2290 αἰτίαν
503 2229 1084 2311 προστριβόμενος.
1160 2224 1299 2292 ἀλλ’
1347 2218 1544 2301 οὗτος
1587 2220 1713 2307 μὲν
1748 2225 1783 2291 6
1824 2227 2020 2309 λόγος
2064 2224 2337 2309 ἐξεδόθη
2384 2228 2546 2309 μετὰ

259 2324 367 2406 τὴν
417 2322 672 2408 ἀμφοῖν
724 2325 1054 2407 τελευτήν.
1138 2321 1255 2388 Ἐν
1315 2320 1388 2388 δὲ
1441 2330 1532 2411 τῷ
1591 2324 1744 2410 περὶ
1790 2322 2103 2399 ὑπατείας
2156 2322 2191 2389 6
2240 2322 2546 2408 Κικέρων

259 2421 500 2507 νύκτωρ
557 2420 722 2507 φησὶ
778 2423 898 2487 τὸν
943 2422 1261 2509 Κράσσον
1315 2419 1683 2505 ἀφικέσθαι
1730 2422 1894 2506 πρὸς
1940 2422 2146 2487 αὐτὸν
2190 2420 2546 2505 ἐπιστολὴν

259 2524 590 2603 κομίζοντα
635 2522 716 2585 τὰ
760 2518 913 2605 περὶ
958 2521 1077 2585 τὸν
1115 2522 1483 2585 Κατιλίναν
1530 2517 1978 2604 ἐξηγουμένην
2024 2520 2113 2597 ὡς
2158 2520 2285 2603 ἤδη
2322 2523 2541 2603 βεβαι-

197 2640 239 2681 ιο
261 2625 446 2683 οῦντα
488 2620 611 2702 τὴν
657 2622 1099 2703 συνωμοσίαν.

423 2846 478 2901 1.
518 2848 616 2901 Ex
661 2848 1028 2901 conmentario
1073 2848 1249 2917 ἑψέτω·
1283 2848 1413 2901 haec
1455 2848 1739 2915 fluxerwnt
1773 2848 1873 2900 uit.
1906 2847 2073 2902 Oica-r.
2104 2852 2173 2901 15
2233 2848 2318 2902 Οὐ
2363 2851 2543 2912 πολλῷ

261 2910 314 2967 δ’
351 2914 576 2985 ὕστερον
621 2918 834 2971 τούτων
881 2916 987 2986 ἥδη
1033 2922 1110 2971 τῶ
1147 2914 1418 2991 Κατιλίνᾳ
1455 2928 1566 2973 τῶν
1613 2918 1676 2972 ἐν
1721 2916 2007 2992 Τυρρηνίᾳ
2054 2927 2397 2985 στρατιωτῶν
2431 2920 2545 2989 [sic

263 2987 480 3056 Nolhac‚
515 2988 857 3059 πραγμάτων
885 2990 999 3044 cod.
1024 2974 1244 3044 Matrit.
1314 3006 1475 3055 συνερ
1513 2987 1731 3058 ομένων
1768 2990 1865 3043 καὶ
1901 2992 2108 3043 καταλο
2146 2986 2410 3059 ιζομένων
2447 2990 2545 3044 καὶ

259 3066 346 3127 τῆς
361 3057 664 3129 ὡρισμένης
679 3060 821 3129 πρὸς
837 3060 940 3130 τὴν
960 3056 1216 3116 ἐπίθεσιν
1281 3059 1452 3129 μέρας
1507 3062 1643 3131 γγὺς
1671 3060 1856 3129 οὔσης,
1885 3056 2023 3127 ἧκον
2052 3059 2121 3115 ἐπ
2172 3060 2273 3130 τὴν
2302 3058 2542 3128 Κικέρω·

261 3149 347 3194 νος
371 3128 554 3187 οἰκίαν
581 3132 710 3198 περὶ
732 3128 908 3221 μέσας
934 3131 1142 3194 νύκτας
1168 3130 1372 3199 ἄνδρες
1399 3130 1453 3185 ol
1479 3140 1692 3200 πρῶτοι
1719 3133 1815 3186 καὶ
1844 3132 2223 3187 δυνατώτατοι
2238 3130 2542 3201 Ῥωμαίων,

262 3202 482 3270 Μάρκος
523 3222 582 3257 τε
621 3206 879 3270 Κρασσος
923 3204 1018 3258 καὶ
1055 3200 1292 3271 Μάρκος
1321 3202 1650 3271 Μάρκελλος
1685 3204 1781 3257 καὶ
1810 3200 2082 3271 Σκηπίων
2114 3200 2411 3265 Μέτελλος·
2450 3201 2543 3258 κό-

259 3282 454 3339 ψαντες
499 3274 561 3329 δὲ
607 3273 708 3337 τὰς
752 3274 940 3342 θύρας
983 3274 1080 3329 καὶ
1131 3273 1460 3337 καλέσαντες
1504 3275 1604 3329 τὸν
1649 3274 1915 3342 θυρωρὸν
1962 3272 2215 3329 ἐκέλευον
2261 3274 2543 3345 ἐπεγεῖραι

262 3344 347 3397 καὶ
381 3346 593 3414 φράσαι
631 3343 911 3414 Κικέρωνι
945 3345 1048 3414 τὴν
1083 3343 1404 3413 παρουσίαν
1439 3346 1641 3401 αὐτῶν.
1707 3340 1778 3414 ἦν
1808 3346 1869 3400 δὲ
1901 3346 2145 3401 τοιόνδε·
2202 3348 2277 3415 τῷ
2306 3344 2542 3419 Κράσσῳ

260 3415 378 3480 μετὰ
417 3420 650 3473 δεῖπνον
693 3416 983 3480 ἐπιστολὰς
1019 3414 1367 3473 ἀποδίδωσιν
1406 3416 1436 3471 ὁ
1472 3418 1735 3485 θυρωρὸς
1770 3417 1880 3471 ὑπὸ
1919 3416 1993 3484 δή
2036 3435 2191 3479 τινος
2229 3418 2541 3484 ἀνθρώπου

261 3487 606 3555 κομισθείσας
649 3489 954 3559 ἀγνώστου,
1005 3488 1174 3551 ἄλλας
1210 3488 1396 3553 ἄλλοις
1441 3485 1943 3559 ἐπιγεγραμμένας,
1995 3490 2145 3561 αὐτῷ
2192 3488 2253 3543 δὲ
2302 3488 2541 3561 Κράσσῳ

261 3554 382 3623 μίαν
407 3558 734 3615 ἀδέσποτον.
789 3558 862 3628 ἣν
898 3558 1078 3629 μόνην
1115 3560 1399 3629 ἀναγνοὺς
1427 3558 1456 3613 ὁ
1488 3558 1758 3627 Κράσσος,
1797 3560 1871 3623 ὡς
1906 3558 2108 3629 ἔφραζε
2140 3562 2210 3614 τὰ
2246 3559 2541 3631 γράμματα

262 3626 426 3693 φόνον
444 3628 816 3703 γενησόμενον
833 3632 1012 3685 πολὺν
1033 3630 1130 3685 διὰ
1149 3629 1458 3685 Κατιλίναν
1479 3632 1574 3685 καὶ
1590 3632 1833 3703 παρῄνει
1852 3640 1947 3700 τῆς
1965 3631 2175 3693 πόλεως
2193 3632 2539 3697 ὑπεξελθεῖν,

257 3698 348 3764 τὰς
371 3702 536 3765 ἄλλας
563 3704 665 3758 οὐκ
695 3701 884 3757 ἔλυσεν
911 3700 1032 3756 ἀλλ’
1067 3700 1201 3770 ἧκεν
1231 3703 1406 3765 εὐθὺς
1432 3702 1573 3769 πρὸς
1598 3702 1700 3757 τὸν
1727 3700 2019 3769 Κικέρωνα
2046 3705 2275 3773 πληγεὶς
2302 3703 2412 3758 ὑπὸ
2441 3712 2538 3757 τοῦ

261 3772 435 3827 δεινοῦ
471 3772 568 3829 καί
603 3794 657 3828 τι
691 3780 791 3843 τῆς
828 3772 1014 3839 αἰτίας
1048 3774 1447 3843 ἀπολυόμενος,
1485 3773 1558 3843 ἣν
1595 3772 1715 3844 ἔσχε
1756 3773 1851 3827 διὰ
1890 3771 2085 3842 φιλίαν
2120 3783 2220 3829 τοῦ
2249 3772 2536 3829 Κατιλίνα.

263 3844 692 3914 Βονλευσάμενος
730 3842 834 3900 οὖν
867 3845 897 3900 6
928 3844 1180 3913 Κικέρων
1217 3844 1315 3913 ἅμ’
1349 3846 1384 3913 ἡ
1427 3843 1526 3913 έρα
1563 3844 1773 3915 βουλὴν
1820 3844 2097 3915 συνήγαγε
2144 3846 2238 3899 καὶ
2276 3846 2375 3908 τὰς
2421 3845 2538 3899 ἑπι-

261 3916 440 3981 στολὰς
473 3916 708 3987 κομίσας
740 3914 1032 3972 ἀπέδωκεν
1071 3912 1154 3977 οἷς
1189 3910 1333 3984 ἦσαν
1370 3864 1784 3986 ἕτεᾶταλμέναι,
1821 3918 2079 3979 κελεύσας
2108 3927 2366 3985 φανερῶς
2398 3918 2538 3973 ἀνα-

261 3995 476 4054 γνῶναι·
540 3996 722 4044 πᾶσαι
756 3984 815 4042 δ’
847 3984 992 4058 ἦσαν
1031 3985 1234 4057 ὁμοίως
1271 3986 1570 4060 ἐπιβουλὴν
1609 3986 1937 4057 φράζουσαι.

427 4204 490 4291 l,
539 4214 596 4271 9.
644 4210 957 4289 κομίζοντα
1001 4208 1134 4291 περὶ
1179 4218 1284 4271 τοῦ
1331 4210 1618 4270 Κατιλίνα
1664 4207 1763 4269 καὶ
1810 4206 2179 4289 ζητουμένην
2226 4211 2385 4284 mady.
2435 4230 2535 4269 em.

261 4296 494 4361 &menis
537 4320 608 4361 ex
651 4304 778 4361 uita
820 4300 998 4360 Cicer.

2044 4399 2110 4453 1*
