3234 5034
867 329 1160 384 AOHOLII
1195 329 1369 384 VITA
1407 328 1837 386 ALEXANDRI
1874 329 2135 385 SEVERI
2524 331 2646 396 141

533 493 652 562 2³¹³.
699 498 1010 576 Lamprid.
1052 499 1225 560 Alex.
1264 497 1369 576 48,
1409 499 1453 558 6
1526 497 1662 559 Scio
1728 498 1971 578 uulgum
2036 498 2191 560 banc
2256 517 2410 578 rem,
2475 517 2653 578 quam

351 599 630 658 contexui
679 595 783 674 [de
838 596 1060 658 Ouinio
1114 595 1418 676 CamilloL
1473 595 1713 658 Traiani
1768 605 1979 675 putare
2026 631 2127 658 -—.
2185 604 2393 658 contra
2455 605 2652 659 autem

351 703 412 756 et
458 695 782 776 Septimius
838 703 894 756 et
941 694 1220 757 Acholius
1277 703 1338 756 et
1383 694 1703 775 Encolpius
1760 698 2063 776 ceterique
2118 698 2279 757 uitae
2326 697 2651 776 scriptores

351 793 424 854 de
471 794 588 854 hoc
633 793 772 854 talia
819 792 1337 873 praedicauerunt.

293 917 320 958 s
531 886 651 957 3²⁸.
699 891 1013 969 Lamprid.
1051 894 1225 955 Alex.
1267 893 1370 969 14,
1409 894 1453 953 6
1515 891 1739 954 Rerum
1789 894 2075 954 memoria
2124 891 2217 971 [in
2264 893 2651 972 Alexandro]

349 989 690 1069 singulariS,
736 1008 914 1070 quam
959 993 1334 1052 mnemonico
1381 989 1661 1052 Acholius
1708 988 1940 1052 ferebat
1984 989 2261 1052 adiutam.

1398 1143 1612 1204 ACTA

530 1263 602 1331 4.
663 1269 893 1348 Vopiw.
931 1270 1140 1330 Aurel.
1181 1269 1284 1346 12,
1321 1267 1367 1330 3
1431 1267 1506 1330 Et
1559 1269 1839 1348 quoniam
1904 1270 2081 1330 etiam
2145 1268 2217 1331 de
2274 1269 2653 1349 adrogatione

353 1369 486 1428 eius
535 1365 916 1445 [Aureliani]
965 1365 1160 1446 aliqua
1215 1384 1312 1427 me
1369 1365 1634 1427 dlxeram
1690 1368 2043 1448 positurum,
2098 1385 2249 1447 quae
2304 1367 2378 1429 ad
2424 1374 2655 1430 tantum

346 1467 686 1545 principem
738 1466 1135 1545 pertinerent,
1191 1481 1410 1544 quaeso
1465 1483 1541 1525 ne
1595 1463 1861 1526 odiosior
1914 1463 2305 1528 uerbosiorue
2361 1469 2424 1528 in
2470 1484 2539 1528 ea
2588 1484 2654 1527 re

263 1584 319 1623 ιο
345 1563 578 1642 uidear,
624 1582 802 1644 quam
847 1562 988 1625 fidei
1035 1581 1212 1624 causa
1256 1561 1637 1624 inserendam
1686 1562 1913 1625 credidi
1960 1581 2030 1624 ex
2079 1561 2249 1626 libris
2290 1553 2514 1644 Acholi,
2552 1565 2655 1644 qui

347 1664 636 1742 magister
681 1660 1108 1723 admissionum
1145 1660 1442 1722 Valeriani
1487 1663 1781 1742 principis
1829 1662 1956 1741 suit,
2009 1662 2163 1723 libro
2208 1669 2476 1724 actorum
2524 1665 2654 1725 eius

347 1778 533 1821 nono:
580 1759 728 1821 Cum
778 1757 1148 1821 consedisset
1190 1759 1538 1820 Valerianus
1585 1760 1887 1839 Augustus
1934 1763 1995 1822 in
2043 1761 2295 1823 thermis
2340 1761 2496 1842 apud
2542 1760 2651 1840 By-

348 1860 629 1938 zantium,
676 1865 990 1939 praesente
1039 1858 1325 1937 exercitu,
1380 1866 1695 1937 praesente
1744 1859 1922 1920 etiam
1968 1858 2165 1920 officio
2212 1859 2496 1939 Palatino,
2553 1858 2653 1920 ad-

348 1955 684 2018 sidentibus
711 1955 990 2017 Memmio
1017 1955 1210 2017 Tusco
1249 1955 1492 2016 consule
1521 1955 1843 2036 ordinario,
1872 1954 2092 2018 Baebio
2120 1956 2317 2018 Macro
2353 1958 2654 2038 praefecto

263 2072 318 2115 ιε
346 2055 654 2135 praetorii,
700 2053 918 2126 Quinto
966 2054 1217 2115 Ancario
1273 2052 1553 2134 praeside
1600 2053 1884 2133 Orientis,
1940 2054 2349 2117 adsidentibus
2396 2059 2574 2118 etiam
2621 2075 2655 2118 a

347 2161 518 2232 parte
563 2152 734 2214 laeua
779 2151 1034 2214 Auulnio
1081 2152 1405 2214 Saturnino
1453 2151 1718 2232 Scythici
1762 2152 1971 2215 limitis
2018 2153 2169 2215 duce
2220 2163 2279 2216 et
2322 2153 2653 2216 Murrentio

345 2249 635 2312 Mauricio
681 2250 756 2312 ad
799 2249 1128 2331 Aegyptum
1176 2250 1486 2329 destinato,
1533 2250 1683 2312 Iulio
1732 2249 2047 2331 Tryphone
2094 2251 2400 2314 orientalis
2446 2253 2653 2316 limitis

349 2347 500 2410 duce
565 2357 628 2410 et
677 2347 903 2411 Maecio
957 2347 1319 2411 Brundisino
1379 2349 1681 2429 praefecto
1738 2367 2005 2412 annonae
2070 2352 2321 2413 orientis
2374 2359 2436 2413 et
2480 2351 2649 2432 leio

348 2445 579 2509 Crinito
636 2446 786 2508 duce
841 2447 1166 2526 Illyriciani
1220 2447 1428 2508 limitis
1485 2455 1549 2508 et
1601 2446 1878 2509 Thracici
1932 2457 1994 2510 et
2046 2448 2257 2511 Fuluio
2304 2450 2449 2511 Boio
2500 2450 2651 2512 duce

261 2565 318 2606 ac
347 2544 542 2607 Retici
595 2545 804 2607 limitis
851 2545 1196 2607 Valerianus
1232 2546 1534 2625 Augustus
1592 2544 1767 2607 dixit:
1816 2543 2071 2608 ‘Gratias
2121 2546 2233 2608 tibi
2277 2551 2423 2629 agit,
2467 2548 2651 2610 Aure-

345 2642 523 2723 liane,
581 2661 678 2705 res
723 2663 799 2724 p.‚
853 2643 1012 2724 quod
1069 2661 1201 2704 eam
1249 2663 1282 2705 a
1328 2642 1657 2705 Gothorum
1704 2651 1997 2724 potestate
2046 2645 2328 2708 liberasti.
2390 2646 2650 2709 abunda—

345 2759 481 2803 mus
534 2759 648 2821 per
701 2749 759 2803 te
812 2741 1058 2822 praeda,
1115 2740 1482 2804 abundamus
1537 2741 1724 2822 gloria
1782 2751 1841 2803 et
1910 2743 2003 2803 his
2068 2744 2370 2825 omnibus,
2435 2745 2651 2826 quibus

343 2839 610 2901 Romana
671 2839 925 2902 felicitas
982 2841 1216 2902 crescit.
1292 2859 1436 2920 cape
1492 2842 1679 2919 igitur
1729 2839 1841 2902 tibi
1895 2859 2005 2921 pro
2062 2840 2242 2905 rebus
2297 2845 2481 2923 gestis
2531 2845 2650 2906 tuis

344 2957 600 3000 coronas
653 2938 913 3000 murales
969 2945 1262 3018 quattuor,
1309 2956 1561 2999 coronas
1608 2937 1865 3000 uallares
1915 2941 2205 3020 quinque,
2253 2960 2501 3002 coronas
2546 2961 2649 3003 na-

255 3057 312 3097 ss
343 3036 514 3098 uales
580 3035 744 3117 duas,
808 3055 1056 3098 coronas
1120 3039 1342 3098 ciuicas
1409 3035 1571 3116 duaS,
1635 3038 1835 3099 hastas
1902 3056 2081 3118 puras
2145 3037 2379 3119 decem,
2433 3039 2648 3101 uexilla

342 3134 612 3196 bicolora
657 3141 955 3215 quattuor,
1008 3136 1241 3196 tunicas
1287 3153 1490 3197 russas
1538 3133 1777 3196 ducales
1824 3143 2121 3216 quattuor,
2177 3137 2353 3216 pallia
2397 3155 2648 3218 procon-

341 3232 568 3294 sularia
616 3231 750 3312 duo,
795 3240 990 3313 togam
1037 3240 1420 3312 praetextam,
1468 3235 1729 3295 tunicam
1782 3234 2114 3313 palmatam,
2158 3242 2357 3315 togam
2410 3239 2647 3316 pictam,

341 3329 744 3393 subarmalem
790 3331 1169 3411 profundum,
1216 3330 1420 3393 sellam
1469 3330 1791 3393 eburatam.
1858 3349 1995 3392 nam
2032 3342 2092 3393 te
2129 3333 2434 3395 consulem
2470 3333 2648 3396 hodie

344 3427 615 3509 designo,
661 3432 994 3509 scripturus
1041 3429 1116 3491 ad
1153 3437 1442 3508 senatum,
1486 3439 1556 3490 ut
1591 3429 1702 3490 tibi
1740 3429 1985 3510 deputet
2020 3431 2366 3511 scipionem,
2406 3431 2651 3513 deputet

244 3549 308 3591 so
343 3529 529 3588 etiam
577 3527 794 3610 fasces3
848 3528 996 3589 haec
1051 3529 1212 3589 enim
1259 3529 1583 3607 imperator
1628 3546 1747 3588 non
1796 3527 1947 3589 solet
1996 3527 2138 3589 dare
2186 3529 2289 3590 sed
2339 3549 2370 3591 a
2419 3539 2648 3610 senatu,

340 3623 582 3706 quando
647 3627 710 3687 fit
777 3626 1002 3706 consul,
1068 3621 1382 3706 accipere?
1456 3627 1537 3699 (c.
1579 3627 1695 3700 14)
1751 3626 1894 3687 Post
1948 3626 2095 3687 haec
2139 3626 2437 3688 Valeriani
2493 3627 2647 3690 dicta

338 3723 701 3784 Aurelianus
757 3727 1018 3786 surrexit
1072 3731 1248 3804 atque
1303 3723 1376 3785 ad
1431 3741 1644 3785 manus
1700 3726 1951 3785 accessit
1998 3742 2179 3804 agens
2226 3727 2447 3805 gratias
2493 3725 2647 3787 mili-

528 3894 588 3949 2.
635 3896 761 3951 Via.
789 3897 1024 3966 Encozp.
1053 3897 1125 3964 fr.
1154 3900 1194 3950 2
1224 3913 1281 3966 p.
1314 3899 1436 3951 129.

528 4057 599 4143 3,
649 4065 708 4124 6.
755 4064 1064 4124 nemonico
1092 4065 1151 4122 P
1173 4083 1277 4125 em.
1311 4064 1566 4126 Obrecht.

527 4145 598 4233 4,
649 4155 750 4213 10.
796 4154 950 4214 aeoli
979 4154 1036 4213 P
1238 4157 1338 4215 14.
1383 4155 1641 4214 nemmio
1677 4154 1736 4213 P
1908 4155 2101 4216 Tusco
2136 4157 2351 4229 scripsi
2392 4157 2558 4216 fusco
2596 4158 2653 4216 P

339 4244 450 4304 18.
498 4242 722 4319 ulpicio
759 4243 817 4301 P
1039 4245 1139 4303 20.
1185 4244 1382 4322 gratia
1418 4243 1477 4302 P
1496 4262 1552 4304 a.
1581 4262 1627 4304 c.
1856 4245 1957 4306 30.
2002 4245 2150 4305 haec
2176 4276 2267 4286 -—
2294 4246 2561 4322 accipere
2608 4265 2646 4306 a

350 4333 602 4406 Vopisoo
639 4331 968 4406 explicandi
1005 4349 1186 4393 causa
1223 4333 1429 4393 addita
1466 4349 1586 4393 esse
1627 4333 1881 4394 Gasaub.
1916 4337 2195 4409 opinatur
2452 4353 2457 4358 ·

2698 599 2765 656 fr.
2798 605 2829 654 2

2698 697 2765 753 fr.
2798 705 2828 752 2

2688 1739 2831 1818 3-5-8-

2692 1829 2827 1877 1011
