3234 5034
570 329 654 394 26
1375 329 1695 385 CORNELI
1733 327 2040 383 NEPOTIS

746 492 815 561 4.
870 500 1012 559 Gell.
1052 499 1258 559 XVII
1300 499 1404 573 21,
1442 498 1485 558 8
1559 495 1978 558 Archilochum
2039 503 2238 556 autem
2299 493 2496 574 Nepos
2561 493 2868 554 Cornelius

568 595 749 657 tradit
806 595 975 657 Tullo
1032 595 1281 657 Hostilio
1340 596 1557 658 Romae
1612 602 1900 674 regnante
1968 597 2087 655 iam
2144 601 2284 654 tunc
2344 594 2526 654 fuisse
2581 593 2870 672 poematis

569 695 795 756 clarum
844 703 905 755 et
948 694 1225 756 nobilem.

442 781 550 862 3-Βὲ
748 788 817 856 5.
881 795 1024 856 Gell.
1062 795 1267 854 XVII
1303 795 1407 870 21,
1438 794 1525 854 23
1589 792 1797 872 Neque
1861 791 2047 852 multo
2101 799 2235 870 post
2293 790 2465 869 [post
2521 792 2872 851 incendium

445 871 549 920 370
577 890 901 969 Gallicum]
940 926 1027 934 —
1066 891 1137 952 Μ.
1177 891 1428 953 Manlius
1476 891 1712 969 Romae,
1760 893 1863 970 qui
1901 889 2098 951 Gallos
2139 891 2201 949 in
2249 887 2559 950 obsidione
2597 886 2871 967 Capitolii
2903 909 2930 948 ε.

570 990 911 1070 obrepentis
965 1008 1076 1069 per
1121 989 1305 1052 ardua
1352 989 1678 1070 depulerat,
1725 989 2036 1050 conuictus
2083 997 2174 1048 est
2216 987 2533 1048 eonsilium
2574 986 2647 1047 de
2685 1004 2868 1065 regno

408 1061 538 1170 {⁸33¹}
569 1087 912 1168 occupando
959 1091 1143 1150 inisse
1193 1088 1623 1168 damnatusque
1670 1089 1881 1168 capitis
1921 1106 1952 1149 e
1991 1105 2131 1148 saxo
2166 1085 2440 1165 Tarpei0,
2477 1093 2546 1146 ut
2581 1084 2656 1145 Μ.
2688 1085 2868 1145 Varro

570 1188 667 1265 ait,
711 1205 999 1267 praeceps
1048 1186 1235 1267 datuS,
1281 1195 1351 1248 ut
1393 1185 1705 1248 Cornelius
1760 1194 1962 1246 autem
2009 1183 2205 1264 Nepos
2262 1185 2552 1263 scriptum
2608 1182 2870 1262 reliquit,

567 1283 941 1346 uerberando
987 1293 1235 1347 necatus
1282 1293 1389 1346 est.

746 1379 866 1447 6²⁸².
916 1385 1100 1446 Solin.
1140 1385 1243 1460 40,
1274 1385 1316 1444 4
1347 1402 1415 1461 p.
1453 1384 1588 1444 220
1627 1385 1710 1444 M.
1769 1381 2020 1444 Notatur
2073 1379 2279 1442 eadem
2328 1379 2423 1441 die
2471 1379 2869 1460 conflagrasse
2907 1399 2966 1440 io

566 1483 856 1561 templum
915 1481 1160 1562 Ephesi,
1221 1501 1335 1561 qua
1397 1481 1728 1542 Alexander
1758 1480 2032 1559 ·Magnus
2091 1479 2286 1540 Pellae
2347 1487 2521 1539 natus
2583 1487 2702 1558 est,
2769 1480 2874 1557 qui

567 1583 783 1659 oritur,
844 1588 911 1641 ut
970 1579 1168 1661 Nepos
1229 1579 1375 1659 edit,
1432 1580 1505 1640 Μ.
1552 1578 1734 1640 Fabio
1794 1578 2078 1640 Ambusto
2134 1576 2199 1638 T.
2239 1575 2481 1648 Quintio
2539 1576 2872 1657 Capitolino

568 1696 706 1758 cos„
752 1685 888 1758 post
922 1678 1167 1740 Romam
1206 1677 1503 1740 conditam
1542 1697 1697 1740 anno
1732 1679 2154 1740 trecentesimo
2193 1677 2620 1754 octogensimo·
2645 1678 2872 1755 quinto.

752 1772 868 1840 7²¹⁸.
924 1779 1136 1839 Catull.
1180 1778 1237 1852 1,
1276 1779 1317 1838 5
1380 1777 1532 1848 Quoi
1581 1776 1734 1837 dono
1782 1774 2045 1856 lepidum
2101 1792 2325 1835 nouum
2369 1771 2638 1836 libellum
2681 1770 2690 1856 Ι
2727 1808 2811 1818 —-
2840 1771 2874 1833 ¹?

572 1875 834 1955 Corneli,
908 1875 1048 1937 tibi:
1131 1893 1387 1955 namque
1460 1884 1526 1937 tu
1598 1874 1831 1936 solebas
1881 1869 1888 1956 Ι
1939 1892 2102 1935 meas
2169 1891 2300 1934 esse
2366 1871 2588 1952 aliquid
2661 1879 2875 1952 putare
2907 1891 2965 1930 ιε

571 1991 757 2052 nugas
798 1969 805 2056 Ι
847 1975 965 2035 iam
1012 1982 1139 2036 tum
1186 1993 1322 2035 cum
1370 1991 1549 2034 ausus
1597 1991 1663 2034 es
1707 1991 1864 2034 unus
1910 1972 2190 2034 italorum
2233 1967 2240 2054 Ι
2283 1987 2457 2032 omne
2504 1987 2721 2031 aeuum
2769 1971 2876 2030 tri-

569 2070 682 2133 hus
730 2070 1026 2152 explicare
1074 2071 1297 2132 chartis
1338 2067 1345 2154 Ι
1390 2071 1594 2150 doc-tm,
1643 2071 1926 2152 luppiter,
1974 2078 2036 2132 et
2079 2069 2407 2132 laboriosis,

1530 2277 1917 2338 EXEMPLA

754 2415 820 2483 1.
876 2423 1109 2483 Charis.
1141 2423 1183 2481 I
1197 2440 1265 2499 p.
1297 2422 1429 2482 146
1456 2424 1530 2481 K.
1580 2419 1828 2480 Vestale.
1885 2418 2082 2500 Nepos
2121 2417 2528 2497 exemplorum
2565 2417 2617 2478 Π
2657 2414 2712 2477 ‘a
2749 2419 2876 2479 uir-

572 2521 709 2598 gine
759 2517 1014 2581 Vestale’
1075 2522 1272 2599 inquit
1335 2537 1442 2600 pro
1492 2517 1738 2596 Vestali,
1803 2519 1940 2598 quia
2006 2534 2126 2578 non
2190 2533 2504 2596 personam
2573 2514 2678 2576 sed
2747 2533 2876 2576 rem

574 2619 885 2698 significat.
2679 2689 2692 2704 Ι
2905 2629 2966 2670 so

758 2711 825 2780 2.
882 2719 1023 2779 Geel.
1068 2718 1157 2777 VI
1198 2716 1299 2794 18,
1338 2717 1380 2776 2
1446 2717 1591 2776 Post
1655 2714 1944 2794 proelium
2003 2713 2310 2775 Cannense
2367 2711 2682 2790 Hannibal,
2737 2711 2881 2772 Car·

576 2815 1033 2894 thaginiensium
1072 2816 1413 2893 imperator,
1453 2832 1525 2875 ex
1564 2814 1822 2894 captiuis
1863 2813 2079 2873 nostris
2118 2811 2338 2872 eleetos
2377 2810 2582 2873 decem
2629 2809 2880 2870 Romam

752 3003 812 3061 4.
864 3005 986 3059 Vna
1030 3021 1153 3059 cum
1196 3005 1267 3071 fr.
1296 3007 1335 3058 2
1378 3005 1479 3059 hoc
1520 3021 1588 3057 ex
1637 3004 1921 3060 Chronicis
1964 3009 2244 3070 sumptum
2287 3019 2395 3056 esse
2449 3003 2616 3056 initio
2671 3002 2882 3069 capitis

579 3077 789 3131 Gellius
832 3077 1187 3148 siqnifieauit.
1236 3107 1304 3115 —
1354 3076 1437 3142 Cf.
1468 3075 1701 3130 Hieron.
1731 3075 1808 3130 ad
1843 3093 1895 3129 a.
1927 3077 2073 3129 1352
2111 3078 2204 3140 (-=
2236 3077 2347 3128 665
2383 3091 2434 3128 a.
2469 3073 2612 3138 chr„
2651 3077 2703 3126 9.
2735 3089 2874 3126 ann.

582 3149 732 3204 Tulli
766 3147 951 3216 Host.)
1016 3146 1344 3201 Archilocus
1382 3149 1441 3200 eb
1478 3145 1793 3200 Simonides
1829 3148 1889 3200 et
1927 3144 2288 3199 Aristoxenus
2326 3143 2576 3198 musicus
2611 3141 2872 3196 inlustris

576 3220 835 3274 habetur.
902 3219 1093 3273 Rohde
1128 3237 1199 3273 m.
1229 3218 1334 3272 Βῆ.
1366 3223 1439 3272 33
1470 3236 1525 3288 p.
1559 3221 1666 3273 194
1685 3235 1794 3287 sqq.

754 3290 815 3346 6.
860 3291 944 3357 Of.
978 3291 1112 3345 Gen.
1146 3291 1339 3345 XVII
1366 3295 1458 3356 21,
1484 3294 1563 3344 28
1612 3288 1776 3343 Circa.
1819 3305 2028 3342 annum
2077 3287 2235 3342 urbis
2286 3287 2549 3342 conditae
2601 3283 2876 3354 quadrin-

575 3361 946 3434 gentesimum
978 3360 1294 3432 Philippus,
1332 3361 1610 3430 Amyntae
1649 3359 1813 3427 filius,
1853 3358 2158 3414 Alexandri
2195 3361 2374 3428 pater,
2411 3374 2646 3428 regnum
2683 3357 2872 3410 Mace·

578 3433 781 3488 doniae
819 3433 1059 3503 adeptus
1096 3435 1183 3486 est
1220 3431 1390 3501 inque
1429 3448 1493 3486 eo
1531 3435 1784 3502 tempore
1820 3431 2140 3486 Alexander
2175 3432 2343 3484 natus
2383 3432 2482 3484 est..

758 3612 829 3698 4,
870 3621 926 3679 2.
974 3619 1149 3678 tullio
1194 3619 1355 3678 codd.
1396 3617 1431 3677 δ
1478 3622 1531 3678 et
1562 3637 1718 3693 pars
1765 3618 1927 3678 codd.
1963 3641 2000 3697 y

757 3701 827 3788 6,
869 3712 969 3768 11.
1012 3710 1111 3768 12.
1171 3709 1361 3768 Verba
1406 3710 1513 3785 qui
1557 3710 1751 3768 oritur
1785 3739 1874 3748 —
1913 3708 2123 3783 quinto
2177 3708 2244 3765 in
2295 3707 2417 3765 solo
2464 3707 2628 3765 tertio
2675 3705 2881 3766 ordim

578 3800 839 3859 codicwn
882 3800 1238 3858 Mommewi
1280 3802 1520 3858 seruata
1562 3801 1734 3869 sumt;
1778 3798 1899 3856 uid.
1931 3795 2179 3870 append.
2198 3814 2264 3869 p.
2291 3798 2440 3855 217.
2469 3826 2560 3846 -υ-
2601 3793 2880 3855 Gonsoaes

578 3892 716 3948 sunt
759 3907 815 3948 a.
856 3891 986 3947 400
1032 3889 1106 3948 ab
1143 3907 1199 3946 u.
1240 3906 1285 3947 c.
1322 3905 1430 3947 sec.
1472 3887 1812 3954 Varronem,
1851 3913 1918 3932 =
1957 3905 2011 3944 a.
2052 3887 2182 3944 397
2219 3903 2325 3944 sec.
2365 3885 2679 3958 Nepotem,·
2715 3888 2778 3943 at
2821 3903 2878 3943 a.

581 3977 712 4036 395
746 3995 853 4036 sec.
899 3977 1048 4052 Nep.
1088 3977 1425 4037 Alexander
1467 3981 1646 4036 natm
1692 3980 1806 4047 est,·
1867 3979 2064 4049 itaque
2119 3975 2316 4049 Unqer
2359 3991 2434 4032 m.
2474 3973 2586 4032 Ra.
2627 3973 2888 4032 XXXV

568 4084 632 4140 p.
678 4069 759 4125 14
786 4085 869 4141 sq.
916 4084 1033 4140 pro
1092 4085 1351 4125 ocean
1364 4084 1399 4122 ν
1445 4068 1684 4139 scripsit
1740 4083 2099 4124 cconxxxxv.
2155 4063 2460 4124 con-sulam»
2513 4065 2758 4122 nomina
2813 4081 2884 4122 m:

580 4158 1067 4216 cmumnmatione
1094 4157 1337 4230 Nepotis
1372 4173 1505 4214 cum
1535 4155 1799 4215 Varrone
1835 4171 1955 4214 esse
1991 4158 2120 4213 orta
2154 4153 2434 4212 uidentur
2581 4153 2682 4211 12.
2729 4151 2888 4212 sedit

580 4245 842 4320 Samma.
1026 4245 1355 4321 capitalino
1399 4246 1593 4304 Paria.
1732 4283 1757 4312 ο

766 4327 827 4413 l,
880 4335 977 4393 18.
1032 4337 1129 4394 19.
1178 4353 1215 4392 a.
1260 4333 1492 4413 uirgine
1543 4333 1760 4394 uestali
1807 4333 1928 4394 cod.
