3234 5034
607 269 801 316 Lxxn
1103 247 1200 302 DE
1239 247 1705 302 SCRIPTORVM
1740 247 1930 303 VITIS
1968 248 2061 302 ΕΤ
2100 247 2415 302 SCRIPTIS

603 415 829 476 tabrico
867 423 1044 476 tenus
1080 414 1235 476 bello
1273 434 1386 478 nec
1421 412 1601 476 ultra’
1642 411 2066 496 composuisse,
2104 414 2165 476 id
2204 424 2297 477 est
2332 434 2521 494 usque
2558 413 2632 476 ad
2680 433 2901 476 annum

603 509 860 595 25Π29,
888 512 1044 575 ultra
1084 532 1260 593 quem
1292 516 1590 592 Augustus
1631 515 1689 574 ei
1724 533 1843 574 non
1884 514 2155 575 interfuit
2192 531 2427 593 quoque
2464 515 2683 574 iterum
2722 512 2796 574 ab
2834 531 2902 573 eo

598 611 806 673 lanum
843 611 1110 674 clausum
1149 631 1281 673 esse
1320 619 1552 673 constat
1580 613 1776 686 (Mon.
1808 614 2043 688 Ancyr.
2069 615 2161 673 ed.
2203 605 2560 673 Mommsen²
2590 629 2659 688 p.
2700 612 2835 685 50).
2852 605 2900 695 ¹)

600 708 796 771 Libris
843 729 911 772 ea
950 709 1293 789 complexus
1330 717 1424 770 est
1463 708 1750 770 tredecim
1782 711 1977 783 (Suet.
2006 713 2043 770 l.
2070 729 2117 770 S.
2160 711 2331 771 Suid.
2361 711 2403 770 J
2417 727 2485 785 p.
2525 709 2653 769 851
2696 711 2901 786 Bhdy)

598 809 1026 887 inscripsitque
1072 817 1300 887 patrem
1349 827 1420 868 ex
1467 815 1636 887 parte
1694 809 1959 868 imitatus
2006 804 2455 868 ‘Commentarii
2513 809 2674 868 uitae
2736 803 2904 868 suae’

601 907 709 983 (cf.
742 907 827 983 fr.
867 907 1024 992 526.
1063 906 1122 966 8.
1163 907 1264 967 13.
1306 907 1408 966 14.
1450 907 1552 966 17.
1594 905 1730 983 18),
1778 908 2029 966 fortasse
2074 904 2299 966 addens
2348 903 2447 965 ‘ad
2482 906 2807 983 Agrippam
2846 913 2905 966 et

598 1001 1025 1065 Maecenatem’
1055 1005 1162 1081 (fr.
1195 1006 1284 1082 6),
1313 1016 1380 1065 ut
1416 1012 1478 1065 et
1514 1012 1750 1082 gratum
1788 1005 2053 1064 animum
2090 1005 2457 1082 signiticaret
2492 1011 2553 1064 et
2588 1002 2661 1063 ad
2694 1022 2901 1064 eorum

597 1103 939 1162 testimonia
996 1105 1396 1163 narrationem
1445 1121 1613 1163 suam
1673 1103 1944 1162 referret.
2017 1101 2221 1180 Ipsum
2269 1121 2417 1181 opus
2464 1121 2585 1162 non
2630 1101 2903 1179 habebat,

599 1218 706 1260 cur
752 1208 1092 1278 excusaret,
1139 1219 1274 1260 nam
1323 1203 1501 1260 etiam
1550 1208 1677 1261 tum
1724 1199 1837 1260 hoc
1883 1199 2135 1260 fiduciae
2181 1203 2381 1280 potius
2438 1218 2671 1260 morum
2722 1217 2901 1278 quam

598 1297 975 1376 adrogantiae
1023 1317 1155 1358 esse
1205 1300 1380 1372 (Tac.
1419 1301 1571 1375 Ayr.
1613 1299 1682 1372 1)
1722 1299 1917 1378 potuit
1954 1297 2233 1358 arbitrari
2269 1297 2365 1358 uel
2402 1297 2601 1358 uideri
2638 1316 2703 1358 se
2744 1297 2901 1358 arhi-

597 1399 760 1474 trari,
808 1415 918 1456 nec
965 1395 1112 1457 illud
1159 1415 1190 1456 a
1238 1395 1667 1458 consuetudine
1707 1395 2062 1457 abhorrebat
2098 1395 2322 1475 Rutilii,
2362 1396 2589 1474 Scauri,
2626 1395 2900 1457 Caesaris

597 1493 929 1572 dictatoriS,
990 1502 1057 1555 ut
1112 1494 1396 1572 quasdam
1452 1513 1550 1555 res
1607 1493 1857 1554 tacendo
1904 1493 2300 1573 oblitteraret,
2356 1494 2499 1555 alias
2550 1493 2904 1556 obscuraret

599 1591 698 1652 uel
735 1599 994 1652 mutaret
1029 1592 1124 1652 uel
1166 1591 1512 1653 defenderet
1546 1591 1645 1652 uel
1685 1601 1931 1671 augeret
1966 1592 2064 1653 uel
2104 1601 2434 1654 exornaret.
2493 1600 2663 1653 erant
2700 1601 2900 1654 autem

601 1689 803 1769 multa,
852 1689 925 1750 ad
971 1708 1140 1770 quae,
1192 1699 1259 1751 ut
1305 1709 1439 1751 cum
1489 1690 1714 1751 Seneca
1770 1689 1978 1769 loquar
2023 1693 2129 1764 (de
2176 1695 2340 1753 clem.
2384 1692 2424 1752 I
2454 1691 2587 1768 11),
2634 1693 2764 1770 ipse
2810 1693 2898 1752 in-

597 1790 761 1849 uitus
808 1788 1010 1849 oculos
1059 1788 1455 1869 retorquebat,
1501 1790 1760 1849 maxime
1808 1807 1905 1848 res
1952 1808 1985 1849 a
2032 1787 2225 1849 tribus
2269 1791 2423 1850 uiris
2468 1797 2695 1868 gestae,
2752 1809 2897 1869 quas

592 1893 879 1965 quantum
917 1889 1047 1966 ipse
1085 1895 1436 1965 aspernatus
1484 1889 1563 1946 sit
1609 1895 1783 1966 atque
1834 1905 1866 1946 a
1914 1905 2019 1948 sua
2065 1905 2319 1967 persona
2358 1889 2652 1966 reiecerit,
2702 1888 2772 1948 fr.
2814 1884 2891 1948 11
2949 1948 2959 1958 ,

594 1992 798 2063 aperte
848 1984 1290 2046 demonstratur
1336 1986 1533 2059 (Plew
1578 1988 1615 2044 l.
1652 2003 1700 2045 s.
1727 2004 1795 2062 p.
1836 1986 1968 2046 116
1986 1990 2121 2062 sqq.
2170 1984 2274 2046 sed
2322 1993 2541 2065 quanta
2588 2004 2723 2046 cum
2772 1996 2897 2047 arte

592 2083 654 2142 in
713 2100 780 2143 ea
839 2101 903 2142 re
959 2085 1194 2144 uersari
1251 2085 1536 2162 potuerit,
1585 2101 1657 2143 ex
1706 2091 2092 2144 monumento
2139 2084 2447 2162 Ancyrano
2496 2083 2895 2146 manufestum

593 2187 685 2240 est
731 2182 1126 2253 (Geschichtl.
1167 2182 1308 2242 Lite.
1349 2182 1391 2241 I
1415 2199 1482 2257 p.
1523 2182 1658 2240 456
1682 2199 1767 2256 sq.
1842 2182 2271 2242 Gardthausen
2318 2184 2476 2256 Auo.
2517 2182 2559 2241 I
2592 2200 2660 2258 p.
2703 2182 2894 2243 1284.

593 2279 670 2338 II
695 2297 763 2355 p.
793 2278 929 2356 87),
969 2277 1125 2358 quod
1163 2296 1384 2339 annum
1423 2281 1929 2358 septuagesimum
1973 2297 2153 2357 agens
2200 2281 2550 2358 composuit,
2596 2297 2735 2340 cum
2785 2277 2895 2340 ‘di-

591 2377 814 2454 gnitate
850 2375 1128 2437 omnibus
1166 2373 1519 2456 praestaret’
1551 2377 1747 2450 (Mon.
1776 2379 1929 2438 Ano.
1961 2395 2012 2438 c.
2050 2377 2184 2451 34).
2231 2376 2407 2438 latius
2444 2376 2647 2438 hercle
2694 2376 2895 2438 liberi-

589 2493 779 2554 usque
838 2477 1075 2535 iuuenis
1131 2473 1639 2553 quadragenarius
1688 2476 1751 2534 in
1812 2477 1936 2535 uita
1995 2493 2101 2535 sua
2146 2475 2529 2554 proponenda
2573 2477 2894 2554 exspatiari

589 2579 846 2652 poterat,
902 2575 962 2632 in
1021 2591 1162 2652 qua,
1216 2581 1285 2633 ut
1338 2572 1509 2652 plura
1556 2575 1783 2634 recenti
1828 2572 2058 2634 inuidia
2112 2573 2463 2652 flagrabant,
2514 2575 2597 2634 ita
2644 2571 2718 2633 ad
2764 2591 2895 2634 eam

590 2670 1081 2750 exstinguendam
1120 2670 1289 2750 plura
1328 2671 1590 2732 remedia
1630 2669 2043 2751 suppetebant,
2086 2689 2202 2731 non
2240 2671 2416 2732 modo
2455 2673 2681 2749 ingenii
2718 2679 2893 2750 atque

590 2770 927 2847 sagacitatis
983 2768 1087 2830 sed
1144 2771 1322 2830 etiam
1377 2771 1522 2831 artis
1569 2767 1808 2830 dicendi
1855 2787 1927 2829 ex
1976 2769 2281 2830 rhetorum
2330 2767 2642 2848 disciplina
2690 2771 2890 2848 petita.

589 2865 792 2946 ltaque
839 2885 992 2946 quae
1038 2870 1100 2927 in
1146 2866 1345 2927 indice
1393 2866 1632 2927 silentio
1678 2869 1931 2946 transiit,
1978 2869 2039 2927 in
2079 2869 2204 2928 uita
2242 2869 2480 2946 copiose
2518 2875 2895 2944 exposuerat,

591 2963 794 3026 diuino
851 2965 1099 3026 consilio
1155 2984 1220 3026 se
1275 2973 1472 3026 ortum
1520 2966 1636 3042 (fr.
1673 2966 1743 3038 2)
1793 2972 1853 3025 et
1898 2973 2204 3026 seruatum
2252 2983 2384 3026 esse
2432 2964 2549 3041 (fr.
2603 2959 2716 3048 10)
2766 2967 2889 3026 ani-

589 3081 864 3141 mamque
921 3066 1106 3142 patris
1167 3063 1437 3124 Caesaris
1491 3065 1654 3124 inter
1701 3062 1945 3124 deorum
1995 3062 2418 3124 immortalium
2466 3064 2709 3123 numina
2760 3081 2892 3124 esse

589 3169 889 3240 receptam
939 3161 1054 3237 (fr.
1095 3163 1184 3239 4),
1231 3179 1484 3241 quacum
1533 3162 1761 3222 ratione
1809 3161 1933 3221 sere
1981 3163 2283 3240 congruit,
2340 3160 2498 3240 quod
2552 3160 2675 3222 illic
2723 3180 2891 3222 exer-

589 3261 775 3320 citum
822 3261 1057 3338 priuato
1105 3259 1351 3319 consilio
1401 3261 1751 3338 priuataque
1799 3260 2066 3338 impensa
2104 3278 2137 3319 a
2176 3278 2238 3319 se
2288 3266 2697 3338 comparatum
2737 3278 2891 3320 rem-

589 3375 706 3436 que
751 3356 1048 3436 publicam
1100 3356 1500 3418 dominatione
1549 3357 1823 3418 factionis
1870 3375 2215 3436 oppressam
2264 3359 2328 3418 in
2372 3356 2712 3419 libertatem
2757 3360 2888 3418 uiu-

591 3453 840 3516 dicatam
891 3473 1025 3516 esse
1063 3455 1348 3534 gloriatus
1387 3462 1479 3515 est
1517 3458 1598 3528 (c.
1631 3449 1701 3539 1)
1742 3457 2058 3534 omniaque
2096 3453 2169 3516 ad
2216 3473 2281 3516 se
2326 3473 2614 3533 suamque
2653 3454 2889 3516 laudem

591 3555 912 3614 reuocauit.
991 3551 1203 3614 deinde
1251 3572 1387 3613 cum
1433 3552 1557 3614 illic
1603 3571 1703 3614 res
1750 3573 1783 3614 a
1830 3571 1893 3614 se
1942 3560 2138 3632 gestas
2186 3552 2548 3632 capitulatim
2597 3555 2772 3632 quasi
2818 3573 2887 3614 ex

591 3653 902 3730 superiore
959 3651 1086 3712 loco
1147 3651 1538 3731 perlustraret
1592 3659 1655 3712 et
1708 3651 2267 3731 comprehenderet,
2324 3651 2421 3711 hic
2477 3669 2579 3710 eas
2626 3669 2724 3728 eo,
2772 3670 2889 3730 quo

588 3757 788 3827 gestae
853 3757 1024 3810 erant
1085 3748 1294 3810 ordine
1359 3749 1831 3830 persequebatur
1894 3758 1954 3811 et
2016 3757 2153 3810 ante
2218 3749 2421 3810 oculos
2486 3767 2718 3828 eorum,
2785 3751 2889 3828 qui

587 3845 886 3926 legerent,
942 3846 1295 3926 explicabat,
1357 3848 1514 3928 quod
1591 3857 1656 3909 ut
1733 3849 2023 3927 efficeret,
2102 3848 2417 3908 Caesarem
2489 3849 2755 3908 imitatus
2812 3865 2886 3908 ne

589 3945 955 4006 orationibus
1012 3945 1252 4025 quidem
1301 3963 1507 4008 carere
1554 3947 1769 4024 uoluit,
1818 3965 2068 4027 quarum
2117 3945 2451 4026 exemplum
2500 3946 2885 4006 artificiosum

770 4173 820 4238 1)
859 4169 1060 4224 Nescio
1099 4187 1210 4239 quo
1247 4170 1368 4225 iure
1397 4170 1600 4226 Nissen
1632 4171 1690 4225 in
1719 4188 1859 4226 mus.
1890 4171 2066 4224 Rhen.
2095 4177 2161 4225 41
2192 4189 2246 4240 p.
2269 4176 2371 4224 492
2400 4169 2577 4224 libros
2604 4187 2783 4239 usque
2812 4171 2886 4225 ad

588 4267 797 4304 annum
827 4252 1038 4322 2⁷l⁷2⁷
1079 4250 1114 4304 i.
1145 4267 1192 4305 e.
1225 4269 1399 4320 usque
1431 4252 1502 4305 ad
1532 4252 1913 4322 principatum
1942 4251 2307 4304 constitutum
2338 4249 2675 4319 pertinuisse
2713 4250 2883 4306 dicat.
