3234 5034
959 361 1021 427 Q.
1059 362 1522 417 HORTENSIVS
1559 364 1949 419 HORTALVS
2556 360 2599 427 9

909 528 986 615 Q.
1022 528 1513 604 HORTENSI
1566 530 1996 605 HORTALI

1258 674 1639 737 ANNALES

485 791 550 859 1.
603 798 806 859 Vellei.
839 799 918 858 II
946 799 1048 874 16,
1066 800 1103 860 1
1143 798 1484 861 Italicorum
1513 808 1709 862 autem
1740 801 1987 861 fuerunt
2012 799 2391 861 celeberrimi
2420 797 2602 860 duces

308 894 484 973 [bello
525 895 826 973 Marsico]
867 895 992 957 Silo
1029 896 1360 977 Popaedius
1409 905 1518 959 etc.
1554 932 1652 958 -—.
1700 896 1906 977 Neque
1954 914 2063 976 ego
2098 896 2460 959 uerecundia
2502 895 2601 957 do-

303 995 536 1055 mestici
574 995 883 1073 sanguinis
921 993 1140 1073 gloriae
1170 995 1512 1075 quidquam,
1552 996 1693 1057 dum
1729 1014 1943 1058 uerum
1981 996 2197 1075 refero,
2233 994 2602 1056 subtraham:

302 1092 522 1171 quippe
567 1090 822 1153 multum
867 1092 1097 1154 Minatii
1132 1092 1326 1173 Magii,
1365 1096 1524 1155 ataui
1563 1097 1698 1173 mei,
1734 1093 2176 1173 Aeculanensis‚
2218 1091 2603 1154 tribuendum

249 1204 274 1246 ⁵
302 1196 394 1251 est
458 1192 806 1269 memoriae,
873 1192 977 1271 qui
1041 1210 1228 1271 nepos
1292 1191 1457 1253 Decii
1520 1192 1724 1272 Magii,
1799 1192 2231 1273 Campanorum
2295 1192 2603 1271 principis,

300 1286 681 1349 celeberrimi
741 1296 802 1349 et
846 1288 1182 1351 fidelissimi
1226 1292 1362 1369 uiri,
1419 1298 1641 1352 tantam
1696 1290 1808 1352 hoc
1872 1289 2027 1352 bello
2082 1288 2363 1351 Romanis
2424 1288 2604 1349 fidem

299 1388 622 1465 praestitit,
678 1393 746 1448 ut
799 1406 934 1449 cum
991 1387 1249 1468 legione,
1299 1407 1476 1469 quam
1531 1390 1661 1469 ipse
1716 1391 1780 1449 in
1825 1388 2095 1469 Hirpinis
2152 1389 2604 1467 conscripserat,

298 1483 738 1547 Herculaneum
789 1486 967 1547 simul
1013 1506 1148 1548 cum
1197 1486 1262 1547 T.
1301 1486 1470 1547 Didio
1519 1494 1777 1567 caperet,
1821 1487 2133 1566 Pompeios
2176 1504 2311 1547 cum
2348 1485 2412 1545 L.
2442 1483 2603 1546 Sulla
2642 1507 2711 1557 90

300 1590 672 1663 oppugnaret
717 1583 1151 1665 Compsamque
1197 1593 1534 1665 occuparet.
1611 1587 1781 1647 cuius
1830 1584 1901 1645 de
1946 1583 2274 1646 uirtutibus
2320 1602 2457 1643 cum
2505 1582 2606 1643 alii
2622 1579 2729 1646 ‘iffi

219 1698 276 1737 ιο
301 1690 428 1742 tum
492 1683 749 1743 maxime
817 1682 1074 1745 dilucide
1137 1681 1205 1754 Q.
1251 1682 1608 1745 Hortensius
1674 1686 1737 1744 in
1801 1682 2113 1744 annalibus
2176 1683 2302 1743 suis
2357 1680 2603 1743 rettulit.

299 1782 474 1841 cuius
521 1778 611 1840 illi
654 1782 862 1861 pietati
905 1780 1144 1861 plenam
1189 1781 1444 1861 populus
1490 1781 1791 1844 Romanus
1836 1782 2087 1861 gratiam
2135 1780 2365 1843 rettulit
2407 1782 2607 1860 ipsum

297 1879 530 1939 uiritim
577 1880 821 1940 ciuitate
870 1878 1157 1959 donando,
1205 1880 1354 1941 duos
1401 1880 1554 1943 filios
1602 1882 1733 1941 eius
1780 1879 2036 1945 creando
2086 1886 2420 1959 praetcrea,
2468 1896 2605 1941 cum

299 1978 436 2037 seni
483 1975 676 2038 adbuc
721 1985 1088 2041 crearentur.

1539 2105 1693 2112 ψ-

905 2230 1000 2301 Μ.
1059 2228 1491 2303 TERENTI
1546 2176 2018 2303 VARRONIS

983 2372 1092 2433 DE
1140 2374 1498 2434 FAMILIIS
1545 2372 1927 2434 TROIANIS

487 2506 552 2575 l.
602 2514 777 2575 Seru.
808 2516 896 2575 ad
942 2516 1114 2591 Very.
1146 2517 1296 2577 Aen.
1325 2516 1404 2575 II
1435 2516 1566 2577 166
1611 2514 1736 2576 Hoc
1776 2514 2177 2593 [Palladium]
2219 2533 2357 2577 cum
2395 2522 2603 2594 postea

217 2625 272 2667 15
298 2610 619 2672 Diomedes
673 2611 922 2673 baberet
969 2606 1066 2695 (ut
1109 2612 1349 2693 quidam
1397 2612 1629 2692 dicunt,
1675 2611 1834 2693 quod
1881 2620 1941 2674 et
1976 2613 2269 2693 Vergilius
2318 2631 2388 2672 ex
2436 2620 2605 2692 parte

303 2710 492 2789 tangit
547 2717 610 2769 et
654 2708 836 2770 Varro
891 2710 1236 2791 plenissime
1295 2704 1496 2794 dicit),
1551 2710 1803 2772 credens
1860 2710 1976 2772 sihi
2039 2730 2159 2772 non
2213 2728 2347 2773 esse
2387 2719 2605 2790 >aptum

303 2816 549 2887 propter
586 2826 694 2868 sua
731 2807 1015 2887 pericula,
1051 2808 1269 2887 quibus
1312 2827 1637 2888 numquam
1685 2812 2013 2873 cariturum
2048 2810 2353 2890 responsis
2390 2826 2603 2887 cogno-

301 2915 492 2985 uerat,
522 2907 640 2966 nisi
678 2904 951 2967 Troianis
988 2905 1314 2967 Palladium
1343 2905 1721 2985 reddidisset,
1760 2910 2093 2969 transeunti
2127 2925 2237 2987 per
2273 2905 2603 2967 Calabriam

301 3006 539 3065 Aeneae
587 3003 806 3065 offerre
855 3012 1099 3065 conatus
1146 3013 1253 3066 est.
1302 3004 1408 3066 sed
1455 3023 1592 3066 cum
1641 3024 1705 3066 se
1752 3004 1851 3066 ille
1897 3004 2093 3066 uelato
2140 3005 2332 3085 capite
2381 3004 2605 3065 sacrifi-

221 3118 278 3157 20
305 3120 452 3163 cans
507 3103 932 3180 conuertisset,
987 3100 1208 3164 Nautes
1263 3102 1504 3182 quidam
1561 3105 1791 3183 accepit
1838 3102 2249 3165 simulacrum.
2295 3102 2455 3164 unde
2502 3101 2607 3161 Mi-

305 3218 532 3261 neruae
581 3217 748 3261 sacra
797 3219 914 3261 non
960 3199 1107 3262 Iulia
1153 3220 1298 3279 gens
1343 3200 1566 3281 habuit,
1615 3200 1721 3262 sed
1766 3200 2133 3262 Nautiorum.

493 3354 550 3408 1.
557 3308 763 3409 Seru.
795 3354 870 3407 ad
906 3354 1058 3425 Ver-9.
1091 3355 1230 3409 Aen.
1272 3356 1325 3409 V
1355 3358 1463 3411 704
1515 3354 1679 3421 Quod
1736 3358 1925 3409 autem
1982 3352 2124 3409 dicit
2172 3353 2384 3408 ‘Pallas
2441 3369 2607 3423 quem

308 3424 547 3492 docuit'‚
585 3427 817 3548 propter
851 3423 996 3479 illud
1032 3426 1186 3494 quod
1224 3443 1396 3497 supra.
1433 3425 1695 3491 diximus,
1732 3426 1981 3497 fingitur,
2020 3425 2157 3494 quia.
2190 3425 2313 3496 ipse
2342 3426 2608 3498 [Nautes]

307 3496 550 3551 Romam
585 3494 686 3550 Pal
715 3494 905 3549 adium
943 3444 1165 3552 detulit.
1213 3498 1364 3552 unde
1408 3496 1749 3573 Nautiorum
1788 3500 1891 3585 [etc
1928 3500 2131 3554 Hamb.
2159 3498 2427 3553 Laurent.
2466 3501 2609 3567 (cum

493 3638 560 3726 1,
609 3648 666 3705 4.
725 3646 1148 3707 Asculanensis
1194 3643 1452 3727 (apogr.)
1465 3643 1900 3726 A(merbachii)
1940 3648 2023 3709 ed.
2053 3668 2152 3723 pr.
2183 3668 2285 3708 em.
2318 3649 2611 3709 Gellarius

311 3738 369 3795 9.
420 3734 752 3813 Gosamque
787 3734 848 3795 A
887 3736 972 3796 ed.
990 3756 1092 3810 pr.
1121 3755 1224 3797 em.
1255 3738 1497 3797 Vossius
1726 3741 1827 3799 10.
1874 3738 2251 3815 dilucideque
2290 3738 2355 3815 Q.
2393 3737 2478 3798 ed.
2507 3756 2607 3813 pr.

309 3824 630 3902 dilucideq.
672 3844 788 3902 que
835 3823 893 3883 A
931 3843 1037 3885 em.
1064 3826 1316 3901 Lipsius
1544 3831 1575 3886 1
1590 3832 1645 3887 1.
1691 3827 1785 3886 1111
1820 3827 1879 3887 A
1950 3829 2055 3888 ine
2102 3828 2189 3888 ed.
2216 3847 2313 3902 pr.
2360 3827 2501 3887 fidei
2546 3831 2610 3887 et

314 3914 668 3990 Oudendorp
853 3917 953 3975 12.
999 3915 1311 3976 ciuitatem
1347 3914 1405 3974 A

496 3996 564 4083 l,
615 4004 716 4064 15.
763 4006 834 4063 ut
871 4024 925 4081 q.
956 4005 1182 4077 dicunt,
1221 4004 1438 4081 quibus
1473 4036 1550 4047 —·
1582 4004 1951 4080 reddidisset,
1987 4026 2096 4082 per
2124 4004 2249 4065 Cal.
2278 4007 2417 4066 add.
2436 4008 2607 4067 schol.

311 4095 588 4155 Dmoiolis
797 4095 898 4154 16.
944 4112 1072 4155 esse
1116 4112 1227 4153 om.
1263 4095 1384 4155 cod.
1413 4088 1610 4169 112·sz
1701 4094 1943 4170 piacula.
1988 4096 2197 4155 Maius
2398 4097 2497 4155 19.
2544 4112 2607 4155 se

309 4200 418 4242 om.
445 4182 631 4241 Fuzd.
659 4183 828 4257 Ilipa.
995 4184 1096 4244 20.
1141 4182 1489 4243 reuertisset
1533 4184 1714 4244 fuld.
1909 4185 2010 4244 21.
2058 4184 2171 4242 iuli
2214 4177 2411 4259 Lim.1

313 4265 701 4350 Nautiorum]
759 4272 936 4333 Ma.
989 4276 1312 4333 nautorum
1363 4273 1534 4348 In'ps.
1572 4272 1791 4333 Hamb.
1828 4272 2091 4345 Fri-sina.
2134 4274 2401 4347 Teyerns.

311 4361 650 4421 Nautarum
697 4361 992 4437 Mythoyr.
