3234 5034
597 368 912 416 CLXXVIII
1097 364 1194 419 DE
1234 364 1697 419 SCRIPTORVM
1734 364 1923 419 VITIS
1959 364 2055 419 ΕΤ
2094 364 2409 421 SCRIPTIS

593 534 796 612 priore
853 550 996 593 suae
1050 534 1211 593 uitae
1266 540 1436 611 parte
1493 551 1542 593 c.
1585 528 1821 611 1—14,
1864 528 1898 591 7
1957 534 2165 593 nescio
2228 549 2406 611 quem
2472 540 2777 593 auctorem
2844 534 2915 592 in

593 630 871 692 manibus
951 630 1257 709 habuisse,
1333 633 1436 709 qui
1509 628 1796 691 Hadriani
1867 632 2055 691 uitam
2126 632 2345 709 partim
2428 631 2926 709 transcripsisset

591 730 810 808 partim
852 730 1228 807 correxisset,
1264 726 1404 790 ‘Die
1442 730 1670 805 Script.
1699 730 1755 789 h.
1786 731 1860 790 Α.
1878 723 1894 749 ’
1929 747 1986 807 p.
2022 724 2145 789 121
2180 747 2305 808 sqq.
2344 726 2619 808 pluribus
2656 731 2920 807 exposui

595 827 704 905 (cs.
737 828 983 901 Schulz‚
1031 827 1162 887 Das
1208 827 1410 888 Leben
1457 828 1781 888 Hadrian-s·
1812 844 1881 904 p.
1922 827 1959 886 1
1990 829 2147 903 sqq.)
2162 820 2213 909 ¹)

877 1119 1442 1194 IMPERATOR,
1494 1120 1573 1193 L.
1627 1118 2135 1193 SEPTIMIVS
2192 1118 2622 1193 SEVERVS

1183 1258 1372 1326 (natus
1412 1272 1460 1310 a..
1495 1262 1615 1323 146,
1652 1256 1961 1324 imperat-or
2000 1259 2321 1324 iss—211.)

770 1404 882 1467 Hic
929 1403 1278 1484 Leptitanus
1325 1403 1660 1466 studiorum
1707 1404 2115 1485 philosophiae
2162 1423 2231 1466 ac
2279 1404 2520 1466 dicendi
2566 1423 2742 1466 causa
2786 1404 2917 1465 Ro-

591 1522 776 1582 mam,
836 1502 1050 1564 deinde
1106 1501 1368 1563 Athenas
1423 1506 1680 1583 petierat
1735 1512 1911 1582 atque
1968 1505 2150 1565 etiam
2207 1502 2511 1565 doctrinae
2566 1512 2919 1582 uacauerat,

590 1604 940 1683 priusquam
996 1618 1108 1681 per
1159 1600 1408 1661 militiae
1471 1602 1667 1662 officia
1730 1603 2050 1680 imperium
2116 1603 2435 1681 arriperet,
2500 1599 2659 1682 quod
2720 1603 2917 1662 armis

593 1709 946 1780 occupatum
1003 1706 1071 1761 ut
1127 1700 1304 1760 etiam
1362 1698 1578 1761 litteris
1636 1700 2043 1778 confirmaret,
2091 1695 2199 1760 ‘De
2262 1702 2387 1760 uita
2453 1696 2587 1760 sua'
2642 1701 2917 1779 scripsit,

593 1817 742 1877 quos
807 1797 994 1858 libros
1067 1806 1318 1876 propter
1386 1797 1566 1859 fidem
1639 1797 1885 1859 laudant
1950 1797 2299 1878 Spartianus
2356 1800 2495 1870 (uit.
2543 1796 2655 1874 18,
2702 1798 2771 1871 6)
2839 1805 2919 1859 et

592 1895 870 1958 Aurelius
907 1896 1109 1955 Victor
1147 1896 1352 1969 (Cae-9.
1382 1896 1488 1972 20,
1517 1896 1654 1974 22),
1701 1895 1801 1955 hic
1848 1898 2025 1956 etiam
2072 1902 2319 1975 propter
2364 1904 2657 1956 ornatum.
2719 1902 2915 1974 atque

591 1994 733 2055 huic
780 1992 1022 2074 quidem
1069 1994 1184 2053 arti
1231 1992 1507 2054 nolumus
1555 1993 1919 2071 obtrectare,
1966 2011 2162 2074 neque
2209 1995 2372 2054 enim
2417 1992 2603 2055 uerba
2649 1995 2781 2073 ipsa
2826 1993 2918 2055 ad

590 2110 700 2153 nos
756 2098 1181 2171 peruenerunt,
1238 2100 1306 2153 ut
1359 2109 1436 2152 ne
1485 2090 1810 2153 decernere
1857 2090 2101 2171 quidem
2146 2094 2474 2172 possimuS,
2519 2100 2655 2153 utra
2699 2091 2915 2170 lingua

591 2208 736 2251 usus
784 2192 889 2271 sit3
936 2187 1086 2250 fides
1133 2196 1330 2251 tamen
1377 2187 1695 2250 admodum
1745 2189 1921 2250 dubia
1971 2200 2065 2251 est
2109 2192 2407 2269 etiamque
2445 2189 2517 2251 ab
2555 2192 2685 2270 ipso
2722 2190 2915 2269 Spar-

591 2291 752 2349 tiano
801 2289 1193 2367 imminuitur,
1242 2304 1380 2348 cum
1426 2286 1590 2348 addit
1638 2284 1853 2349 ‘solum
1902 2295 2101 2349 tamen
2136 2290 2353 2349 uitium
2393 2286 2759 2349 crudelitatis
2800 2306 2917 2348 ex·

594 2383 853 2465 cusans’,
900 2388 938 2445 i.
978 2405 1029 2446 e.
1069 2384 1348 2447 refellens
1396 2386 1592 2459 (Plew
1648 2386 2132 2457 Ouellenunters.
2156 2404 2223 2463 p.
2265 2385 2352 2446 28
2377 2388 2515 2465 sq),
2560 2404 2675 2465 qua
2722 2404 2917 2447 excu-

593 2486 821 2545 satione
868 2485 1124 2544 maxime
1163 2502 1315 2562 opus
1352 2483 1467 2543 fuit
1501 2484 1565 2543 in
1605 2481 1974 2544 debellandis
2011 2483 2339 2545 Pescennio
2377 2482 2561 2562 Nigro
2598 2490 2659 2545 et
2694 2482 2919 2545 Clodio

591 2581 821 2643 Albino.
897 2583 1098 2661 itaque
1147 2580 1388 2664 Cassius
1443 2581 1551 2642 Dio
1607 2581 1787 2641 huius
1842 2588 2099 2642 mortem
2144 2600 2397 2643 narrans
2444 2577 2632 2661 λέγω,
2685 2583 2917 2662 inquit,

593 2676 715 2760 οὐχ
745 2675 869 2741 ὅσα
898 2674 934 2741 ὁ
965 2678 1307 2758 Σεουῆρος
1336 2678 1624 2758 ἔγραψεν
1652 2673 1795 2741 ἀλλ’
1834 2675 1957 2739 ὅσα
1988 2675 2255 2758 ἀληθῶς
2284 2673 2545 2758 ἐγένετο
2572 2680 2707 2758 (75,
2729 2680 2787 2757 7,
2808 2680 2914 2754 3).

593 2776 700 2839 sed
747 2795 948 2838 mores
996 2795 1231 2856 quoque
1279 2795 1488 2837 eorum
1534 2778 1890 2855 grauissime
1936 2779 2247 2838 insecutus
2284 2785 2371 2838 est
2415 2778 2531 2856 (fr.
2558 2778 2619 2838 2.
2648 2779 2708 2840 3.
2736 2778 2799 2837 5.
2828 2779 2915 2851 6)

592 2878 808 2955 iusque
848 2894 1024 2936 suum
1063 2876 1242 2935 etiam
1280 2877 1546 2935 ominum
1585 2872 1971 2935 multitudine
2010 2873 2301 2936 stabiliuit
2338 2876 2446 2953 (fr.
2478 2877 2570 2955 1),
2604 2875 2919 2955 idemque,

591 2982 660 3035 ut
717 2972 804 3035 ‘in
867 2973 1118 3034 historia
1181 2974 1342 3034 uitae
1405 2968 1701 3051 priuatae’
1753 2970 1824 3033 de
1890 2974 2092 3051 priore
2154 2991 2341 3036 uxore
2407 2973 2703 3035 Marciana
2757 2966 2915 3057 (hoc

593 3074 754 3135 enim
809 3089 1026 3132 uerum
1081 3088 1298 3131 nomen
1355 3070 1492 3148 fuit,
1549 3088 1669 3131 non
1728 3063 1976 3153 Marcia)
2033 3078 2259 3131 taceret
2313 3072 2454 3144 (uit.
2491 3073 2551 3147 3,
2590 3072 2681 3150 2),
2736 3080 2915 3133 certa

593 3187 771 3231 causa
828 3167 1118 3230 adductus
1174 3175 1292 3246 est,
1347 3186 1483 3229 nam
1539 3169 1687 3230 haec
1736 3170 1791 3228 ei
1839 3168 1991 3229 filias
2036 3177 2381 3248 pepererat,
2428 3169 2600 3249 filios,
2645 3188 2911 3249 quorum

593 3285 812 3347 genere
878 3265 1245 3346 gloriabatur
1307 3268 1463 3340 (uid.
1513 3267 1677 3328 Aelii
1732 3268 1949 3327 Mauri
1995 3267 2111 3344 fr.)
2178 3265 2391 3346 altera,
2455 3266 2604 3329 Iulia
2675 3265 2913 3327 Domna

594 3366 838 3439 (Gesch.
880 3365 1022 3426 Litt.
1062 3366 1105 3425 Ι
1128 3383 1196 3441 p.
1237 3364 1370 3424 375
1395 3367 1530 3441 sq).

771 3463 947 3524 Plura
1004 3461 1076 3523 de
1133 3464 1263 3524 eius
1317 3462 1568 3524 historia
1622 3481 1732 3542 pro
1789 3471 1953 3523 certo
2012 3480 2234 3542 ponere
2288 3480 2407 3523 non
2463 3461 2621 3523 licet.
2702 3480 2911 3542 neque

593 3564 757 3623 enim
803 3562 1131 3639 fragmenta
1176 3560 1332 3621 ultra
1387 3562 1580 3622 uictos
1637 3570 1920 3640 tyrannos
1975 3561 2297 3640 pertinent,
2354 3559 2428 3621 de
2484 3578 2601 3639 qua
2660 3559 2911 3640 quidem

592 3668 760 3740 parte
833 3662 994 3720 uitae
1067 3660 1432 3738 posteriores
1501 3660 1828 3739 scriptores
1891 3660 2148 3719 maxime
2212 3657 2533 3737 habebant,
2599 3676 2707 3719 cur
2770 3676 2910 3719 eam

777 3886 827 3953 1)
865 3886 1229 3953 Apuleium
1272 3886 1336 3938 in
1371 3886 1623 3953 epitomis
1656 3884 2018 3939 historiarum
2052 3882 2375 3938 Priscianus
2412 3882 2464 3935 H
2498 3900 2553 3952 p.
2583 3888 2689 3939 482
2717 3882 2785 3938 Κ.
2826 3882 2913 3937 ci-

592 3964 743 4018 tauit
795 3964 885 4033 (ex
941 3963 1134 4033 eisque
1183 3964 1524 4019 ‘Aeneanica
1566 3964 1745 4035 μηδ’)
1802 3963 2155 4032 eundemque
2204 3964 2291 4017 ‘in
2344 3963 2601 4033 epitoma’
2648 3963 2675 4016 I
2710 3981 2765 4034 p.
2798 3968 2915 4019 850

593 4046 690 4115 (set
725 4061 850 4099 eum
892 4047 1168 4100 sestertius
1203 4044 1532 4113 dipondium
1565 4045 1860 4111 semissem,
1906 4046 2206 4113 quinarius
2240 4045 2602 4114 quinum-s,
2636 4044 2915 4100 demaine
2948 4058 2955 4063 ·

595 4125 833 4179 decussis
877 4126 1146 4193 ualebat),
1199 4126 1350 4179 unde
1407 4124 1625 4179 Schanz
1660 4123 1766 4178 111¹
1803 4142 1858 4193 p.
1892 4130 1995 4179 134
2032 4140 2189 4191 eum,
2245 4124 2345 4194 qui
2398 4124 2915 4194 metamorphoseis

594 4204 772 4271 finxit,
821 4203 995 4258 etiam
1039 4204 1100 4258 in
1144 4204 1384 4261 historia
1429 4203 1729 4259 scribenda.
1772 4207 2063 4259 uersatum
2110 4220 2232 4259 esse
2278 4203 2572 4271 conclusit,
2616 4204 2717 4259 sed
2752 4204 2914 4259 malo

593 4286 735 4339 haec
781 4284 1100 4353 fragmenta.
1144 4284 1204 4338 in
1249 4284 1572 4353 fabularum
1617 4284 2035 4339 romanensium
2080 4301 2314 4339 numero
2349 4300 2585 4355 ponere,
2625 4300 2660 4337 a.
2697 4284 2917 4355 quibus

593 4382 729 4419 usus
766 4382 822 4418 u.
865 4363 1274 4419 ‘historiarum’
1313 4382 1424 4419 non
1465 4365 1733 4419 abhorret
1772 4364 1989 4436 (Gesch.
2020 4366 2155 4421 Litt.
2186 4365 2238 4418 H
2273 4383 2328 4435 p.
2360 4370 2466 4419 204
2486 4368 2605 4435 sq.).
