3234 5034
648 345 738 409 50
1421 344 1785 399 TANVSIVS
1822 343 2173 400 Gmssmvs

545 554 560 575 .
643 506 986 592 ἐπιβαλεῖν
1031 518 1176 592 γῆν.
1249 507 1361 573 καὶ
1415 510 1496 573 τὰ
1551 510 1703 595 περὶ
1759 520 1893 575 τῶν
1948 508 2333 592 ἐλεφάντων
2386 507 2695 592 μυθώδη.
2780 504 2943 591 φησὶ

642 608 772 691 γὰρ
827 609 1032 673 τᾶλλα
1088 604 1214 689 μὲν
1274 610 1484 693 θηρία
1547 608 1827 691 φεύγειν
1886 608 1963 672 τὸ
2020 616 2187 690 πῦρ,
2252 608 2411 682 τοὺς
2466 604 2525 670 δ’
2582 603 2947 690 ἐλέφαντας

638 710 954 790 πολεμεῖν
1007 704 1116 771 καὶ
1171 705 1579 790 ἀμύνεσθαι,
1636 708 1813 771 διότι
1866 708 1991 789 τὴν
2050 706 2224 788 ὕλην
2278 706 2549 789 φθείρει
2568 724 2583 738 ·
2648 706 2819 783 πρὸς
2872 698 2945 767 δὲ

637 806 798 881 τοὺς
834 802 1238 888 ἀνθρώπους
1283 804 1729 889 διαμάχεσθαι
1774 806 2233 879 κατασκόπους
2277 801 2787 887 προπέμποντας
2838 798 2946 865 καὶ

640 902 802 967 ὅταν
849 903 1080 967 ἴδωσιν
1127 902 1422 979 ἐκείνους
1467 904 1773 988 φεύγειν·
1838 899 1947 966 καὶ
1997 902 2243 978 αὐτοὺς
2288 900 2561 965 ἐπειδὰν
2604 901 2946 984 τραύματα
2970 914 2994 953 ⁶

517 1066 585 1114 66
640 1000 956 1083 λάβωσιν,
1004 1002 1339 1083 [κετηρίαν
1381 1005 1761 1086 προτείνειν
1804 1001 2095 1075 κλάδους
2139 1000 2180 1084 ἢ
2224 1000 2521 1083 βοτάνην
2566 997 2608 1081 ἢ
2654 1002 2867 1063 κόνιν.

497 1138 604 1205 655

494 2244 602 2323 ΕΞ

495 2333 599 2382 699

820 1097 884 1165 2.
935 1104 1098 1163 Suet.
1145 1104 1310 1164 Caes.
1350 1104 1392 1164 9
1457 1102 1769 1183 Siquidem
1825 1110 1961 1163 ante
2016 1120 2237 1181 paucos
2294 1100 2423 1161 dies
2432 1148 2451 1179 ,
2506 1119 2686 1181 quam
2740 1098 2945 1161 aedili·

637 1206 822 1261 tatem
889 1202 1072 1262 iniret
1135 1200 1456 1279 [CaesarL
1517 1203 1690 1262 uenit
1752 1203 1813 1261 in
1878 1202 2281 1279 suspicionem
2354 1201 2735 1279 conspirasse
2810 1216 2945 1258 cum

639 1298 712 1359 Μ.
761 1298 976 1360 Crasso
1031 1298 1358 1377 consulari,
1413 1302 1558 1360 item
1603 1299 1667 1360 P.
1714 1298 1873 1359 Sulla
1929 1306 1989 1359 et
2035 1297 2098 1358 L.
2138 1298 2425 1359 Autronio
2480 1305 2617 1377 post
2671 1296 2943 1377 designa-

639 1399 862 1458 tionem
901 1396 1242 1459 consulatus
1280 1397 1539 1459 ambitus
1576 1397 2004 1472 condemnatiS,
2040 1404 2109 1457 ut
2146 1397 2442 1476 principio
2490 1397 2632 1456 anni
2670 1404 2943 1456 senatum
2968 1404 3021 1444 1⁰

639 1494 1019 1557 adorirentur
1074 1504 1136 1556 et
1189 1494 1500 1556 trucidatis
1538 1514 1689 1576 quos
1734 1495 2017 1575 placitum
2064 1502 2241 1574 esset,
2288 1494 2645 1555 dictaturam
2692 1492 2944 1554 Crassus

638 1592 977 1672 inuaderet,
1033 1595 1164 1673 ipse
1219 1593 1292 1654 ab
1349 1612 1420 1655 eo
1475 1595 1759 1673 magister
1816 1594 2084 1674 equitum
2142 1592 2445 1653 diceretur
2504 1594 2945 1672 constitutaque

639 1691 714 1752 ad
759 1691 1074 1753 arbitrium
1125 1691 1427 1771 republica
1465 1691 1663 1752 Sullae
1701 1700 1765 1753 et
1796 1692 2085 1752 Autronio
2124 1690 2469 1752 consulatus
2509 1693 2945 1751 restitueretur.

637 1790 1038 1851 Meminerunt
1101 1790 1282 1851 huius
1343 1792 1770 1852 coniurationis
1834 1789 2132 1850 Tanusius
2197 1788 2485 1851 Geminus
2549 1791 2613 1849 in
2680 1788 2945 1867 historia,

637 1888 873 1949 Marcus
919 1886 1167 1949 Bibulus
1211 1889 1276 1949 in
1324 1888 1562 1967 edictis,
1608 1887 1671 1950 C.
1710 1886 1889 1949 Curio
1945 1896 2117 1968 pater
2161 1888 2223 1947 in
2270 1886 2659 1947 orationibus.
2700 1922 2785 1929 —
2835 1886 2943 1946 Ta·
2974 1903 3027 1943 ιε

638 1989 850 2047 nusius
906 1985 1088 2047 adicit
1141 1986 1423 2047 Crassum
1476 1988 1841 2067 paenitentia
1894 1985 1992 2046 uel
2050 1992 2213 2049 metu
2260 1984 2419 2045 diem
2466 1983 2639 2047 caedi
2684 1983 2945 2045 destina·

638 2093 763 2145 tum
811 2103 930 2145 non
978 2084 1176 2145 obisse
1223 2092 1284 2145 et
1327 2083 1553 2145 idcirco
1598 2103 1675 2145 ne
1714 2084 2027 2145 Caesarem
2074 2082 2317 2163 quidem
2364 2084 2621 2162 signum,
2670 2081 2831 2162 quod
2875 2081 2945 2143 ab

638 2203 710 2244 eo
759 2182 887 2244 dari
935 2191 1316 2261 conuenerat,
1365 2182 1618 2244 dedisse.

818 2276 935 2344 3³¹³.
987 2283 1142 2342 Plut.
1189 2283 1358 2342 Caes,
1395 2282 1482 2341 22
1549 2278 1877 2353 Τανύσιος
1922 2276 1998 2341 δὲ
2045 2276 2219 2359 λέγει
2266 2278 2557 2341 Κάτωνα
2602 2284 2727 2369 ,τῆς
2786 2278 2948 2357 βου-

637 2381 757 2459 λῆς
795 2373 900 2441 ἐπὶ
939 2384 1016 2461 τῇ
1057 2377 1206 2461 νίκῃ
1239 2378 1580 2457 [Vsipetum
1616 2378 2195 2456 Tencterorumque]
2225 2372 2679 2458 ψηφιζομένης
2716 2372 2952 2458 ἑορτὰς
2978 2392 3033 2433 so

637 2472 746 2539 καὶ
792 2476 1039 2549 θυσίας
1085 2472 1565 2558 ἀποφήνασθαι
1609 2475 1903 2557 γνώμην,
1950 2472 2039 2549 ὡς
2086 2470 2399 2539 ἐκδοτέον
2446 2468 2584 2536 ἐστὶ
2620 2472 2745 2535 τὸν
2784 2474 2947 2535 Καί-

638 2588 810 2657 σαρα
872 2584 1011 2648 τοῖς
1073 2573 1437 2655 βαρβάροις
1493 2570 2028 2655 ἀφοσιουμένους
2074 2572 2149 2635 τὸ
2196 2570 2731 2655 παρασπόνδημα
2778 2570 2951 2649 ὑπὲρ

636 2680 750 2753 τῆς
796 2672 1050 2744 πόλεως
1093 2667 1203 2733 καὶ
1249 2671 1371 2753 τὴν
1417 2668 1588 2753 ἀρὰν
1634 2670 1728 2745 εἰς
1775 2670 1892 2733 τὸν
1938 2676 2157 2734 αι”τιον
2203 2666 2583 2752 τρέποντας.

637 2898 775 2952 αὐτὸ
795 2899 900 2968 [sic
915 2898 1099 2964 Niese,
1129 2898 1302 2951 αὐτοῦ
1330 2898 1510 2967 codd]
1529 2896 1694 2967 τιμήν
1722 2916 1781 2951 τε
1809 2898 1906 2951 καὶ
1934 2896 2131 2966 φήμην
2158 2897 2485 2966 συνηύξησε.
2520 2896 2673 2951 Ptin.
2692 2914 2749 2951 n.
2768 2898 2820 2951 h.
2838 2898 2959 2953 1⁷2

635 2969 804 3023 Lixos
841 2967 935 3022 uel
972 2967 1390 3022 fabulosissime
1429 2968 1679 3037 antiquis
1708 2970 1953 3022 narrata..
2001 2967 2087 3022 ibi
2121 2966 2283 3038 regia.
2312 2966 2517 3021 Antaei
2548 2970 2957 3037 certamenque

637 3058 764 3094 cum
801 3039 1042 3094 Hercule
1079 3041 1138 3093 et
1173 3038 1547 3108 Hesperidum
1585 3038 1751 3093 horti.
1792 3044 1885 3106 (ex
1910 3057 1970 3094 eo
1999 3040 2172 3095 Solin.
2202 3044 2295 3106 24,
2324 3043 2403 3108 3.)
2434 3040 2627 3108 Pomp.
2662 3039 2822 3095 Mela
2852 3042 2891 3095 1
2918 3046 2959 3095 5

637 3111 816 3181 Tinge
855 3110 1126 3181 oppidum
1162 3114 1430 3181 peruetus
1468 3113 1526 3165 et
1561 3110 1637 3164 ab
1676 3113 1912 3176 Antaeo,
1950 3112 2017 3163 ut
2054 3112 2259 3179 ferunt,
2298 3110 2610 3165 conditum.

815 3181 876 3236 8.
915 3183 1290 3237 Antecesserat
1329 3182 1582 3237 Caesaris
1628 3184 1807 3251 ipsius
1851 3184 2247 3237 testt‘monium:
2285 3182 2315 3237 ὁ
2345 3180 2449 3249 μὲν
2478 3184 2703 3248 Καῖσαρ
2734 3180 2797 3235 ἐν
2824 3192 2959 3245 ταῖς

637 3250 945 3323 ἐφημερίσι.
1007 3254 1089 3319 Cf.
1121 3254 1268 3322 App.
1302 3254 1428 3308 cett.
1461 3257 1534 3307 18
1563 3270 1623 3322 p.
1656 3258 1726 3307 54
1756 3254 1949 3308 Mend.
1993 3252 2319 3321 Οὐσιπέται,
2358 3252 2533 3313 ἔθνος
2574 3251 2961 3320 Γερμανικόν,

635 3326 734 3378 καὶ
768 3321 1048 3413 Ταγμρέαι
1078 3328 1306 3379 δοκοῦσι
1336 3322 1597 3391 πρότεροι
1628 3325 1914 3393 σφετέροις
1942 3324 2207 3380 ἱππεῦσιν
2236 3322 2593 3385 ὀκτακοσίοις
2617 3323 2961 3392 τρέψασθαι

635 3406 745 3450 τῶν
777 3400 1062 3461 Καισαρος
1099 3392 1314 3449 ἱππέων
1353 3394 1409 3457 ἐς
1444 3392 1939 3466 πεντακισχιλίους,
1978 3395 2007 3449 ὁ
2048 3396 2111 3451 δὲ
2150 3400 2372 3464 Καῖσαρ
2412 3396 2608 3458 αὐτοῖς
2643 3398 2961 3467 πρεσβευο-

637 3467 824 3535 μένοις
880 3467 937 3528 ἐς
992 3466 1168 3521 αὐτὸν
1218 3464 1554 3532 ἐπιθέσθαι,
1609 3468 1741 3528 τοὺς
1794 3465 2055 3538 πρέσβεις
2109 3468 2436 3538 κατασχών,
2490 3467 2587 3521 καὶ
2643 3470 2707 3521 τὸ
2754 3466 2965 3530 πάθος

638 3535 874 3600 ἐκείνοις
904 3537 959 3599 ἐς
986 3536 1138 3599 τέλος
1164 3535 1459 3605 αἰφνίδιον
1491 3538 1634 3593 οὕτω
1665 3542 2095 3609 συνενεχθῆναι,
2114 3540 2189 3600 ὡς
2216 3536 2637 3605 τεσσαράκοντα
2664 3537 2969 3607 μυριάδας

637 3609 848 3663 τούτων
895 3616 1262 3678 συγκοπῆναι.
1333 3607 1572 3664 Κάτωνά
1617 3628 1677 3661 τε
1733 3608 1795 3663 ἐν
1833 3606 2013 3681 Ῥώμῃ
2069 3618 2182 3665 τῶν
2236 3630 2319 3671 τις
2376 3606 2753 3680 συγγραφέων
2810 3612 2964 3681 φησὶ

637 3682 863 3751 γνώμην
895 3679 1202 3749 ἐσενεγκεῖν
1233 3678 1498 3733 ἐκδοῦναι
1533 3689 1649 3741 τοῖς
1688 3679 1995 3752 βαρβάροις
2030 3682 2131 3735 τὸν
2158 3679 2421 3749 Καίσαρα
2450 3683 2524 3743 ὡς
2554 3681 2756 3751 ἐναγὲς
2784 3680 2967 3753 ἔργον

639 3750 695 3812 ές
733 3748 1345 3821 διαπρεσβευσαμένους
1391 3750 1789 3819 ἐργασάμενον.
1857 3752 1887 3807 ὁ
1926 3752 1989 3807 δὲ
2030 3756 2252 3818 Καῖσαρ
2301 3751 2363 3807 ἐν
2408 3762 2533 3815 ταῖς
2580 3752 2763 3815 ἰδίαις
2806 3754 2963 3809 ἀνα-

639 3830 886 3890 γραφαῖς
921 3830 1032 3875 τῶν
1063 3821 1352 3891 ἐφημέρων
1385 3821 1559 3892 ἔργων
1590 3825 1729 3892 φησὶ
1756 3826 1867 3879 κτλ.
1908 3825 2257 3880 Communem
2282 3826 2492 3891 fontem
2517 3825 2695 3891 fuisse
2720 3826 2971 3883 coniecit

645 3894 881 3947 Thouret
919 3892 1098 3959 (stud.
1129 3894 1286 3962 Lips.
1317 3894 1359 3946 I
1381 3910 1439 3961 p.
1471 3898 1582 3949 350
1599 3900 1737 3963 sqq.)
1780 3896 1837 3949 G.
1872 3896 2129 3965 Oppimn,
2162 3898 2228 3951 P.
2264 3897 2389 3952 Otto
2419 3896 2741 3964 (Strabonis
2778 3896 2963 3963 ἱστορ.

637 3964 919 4032 ὑπομνημ.
955 3965 1029 4030 fr.
1052 3982 1110 4032 p.
1139 3968 1254 4018 285
1273 3970 1410 4033 sqq.)
1440 3966 1774 4021 Strabonem.
1814 3968 2084 4022 Pluribus
2118 3970 2263 4022 hanc
2296 3970 2512 4034 famam
2538 3969 2789 4036 explieat
2817 3970 2967 4024 Plu-

637 4036 859 4091 tarchus
890 4036 1006 4090 Cat.
1027 4037 1160 4090 min.
1183 4040 1271 4101 51,
1299 4038 1482 4107 tanqit
1505 4054 1673 4106 comp.
1696 4038 1824 4092 Nic.
1847 4044 1896 4093 α
1926 4040 2115 4093 Crassi
2132 4043 2185 4105 4,
2204 4046 2495 4107 praeterea
2510 4038 2657 4094 Suet.
2685 4038 2845 4095 Cae-3.
2866 4044 2965 4096 24.

819 4256 876 4315 5.
923 4251 1339 4334 <φεύγοντας>
1385 4257 1629 4335 φεύγειν
1682 4255 1783 4317 καὶ
1828 4255 2067 4334 αὐτούς,
2119 4254 2360 4318 ἐπειδὰν
2407 4256 2473 4319 δὲ
2518 4260 2683 4335 mdy.
2721 4268 2971 4324 secutus

639 4360 770 4402 swm
815 4364 948 4404 omn
991 4345 1196 4403 Niesio
1242 4345 1402 4403 codd.
1587 4348 1645 4405 6.
1692 4345 1985 4426 ἷκετήριον
2030 4348 2171 4415 libra·
