3234 5034
1136 317 1193 373 C.
1225 317 1532 372 CLODIVS
1570 316 1854 372 LICINVS
2507 321 2654 367 cvlt

512 485 705 546 Omisi
756 489 819 546 in
868 487 1319 546 enumeratione
1366 503 1593 561 eorum,
1633 487 1736 564 qui
1774 483 2007 564 Hygino
2041 487 2139 546 usi
2177 493 2334 563 sunt,
2371 485 2648 562 Plinium,

333 588 434 666 qui
490 587 553 645 in
608 584 905 645 naturalis
959 583 1244 645 historiae
1301 582 1601 644 indicibus
1658 583 1948 644 librorum
1998 597 2222 644 Ill—vl
2271 591 2332 645 et.
2375 597 2646 644 x--xxu

332 702 469 744 eum
517 684 745 760 citauit,
795 681 975 762 idque
1022 683 1083 743 in
1122 681 1217 742 his
1256 689 1390 742 ante
1432 679 1493 741 L.
1524 679 1798 742 Veterem
1845 681 2268 760 geographum‚
2306 683 2368 742 in
2406 694 2644 742 1v—vt.

330 794 456 841 xvl
494 789 631 860 post
670 779 1011 842 Cornelium
1041 778 1349 858 Nepotem,
1388 781 1491 858 qui
1530 779 1677 840 item
1717 779 1788 839 de
1827 779 2184 859 geographia
2221 779 2481 859 scripsit,
2520 785 2646 840 tum

330 882 491 941 intra
557 879 668 939 hos
734 881 897 958 ipsos
966 877 1153 938 libros
1217 896 1396 956 opere
1460 895 1579 938 non
1649 878 1981 956 significato
2047 879 2242 938 sexies
2307 877 2444 952 (13,
2499 878 2644 937 134.

328 979 437 1056 16,
476 978 627 1039 230.
678 977 781 1052 18,
818 976 969 1038 232.
1018 977 1121 1051 19,
1158 975 1261 1036 88.
1308 976 1415 1050 20,
1455 975 1601 1036 116.
1651 976 1756 1052 21,
1785 976 1890 1050 53,
1929 974 2009 1051 cf.
2040 976 2306 1052 Spenyel
2339 993 2411 1037 m.
2443 976 2654 1048 Bhen„

328 1078 439 1150 46,
470 1076 607 1150 67),
654 1081 1069 1136 uerumtamen
1117 1092 1411 1154 nusquam
1459 1075 1782 1152 uestigium
1829 1073 2017 1134 ullum
2064 1072 2354 1134 librorum
2401 1073 2644 1144 histori-

326 1191 541 1234 corum
592 1180 856 1252 apparet,
902 1174 1084 1234 immo
1132 1171 1351 1252 quibus
1397 1170 1545 1233 locis
1592 1189 1726 1233 eum
1777 1173 2012 1250 citauit,
2061 1171 2124 1232 hi
2171 1188 2380 1232 omnes
2425 1170 2498 1232 ad
2546 1189 2647 1232 na·

325 1281 501 1334 turas
546 1269 847 1348 arborum,
896 1271 1155 1349 frugum,
1202 1269 1537 1349 plantarum
1580 1271 1889 1351 pertinent
1926 1278 1987 1331 et
2023 1288 2094 1330 ex
2135 1269 2306 1330 libris
2345 1265 2452 1330 ‘De
2493 1271 2647 1347 agri·

326 1365 594 1431 cultura'
640 1371 933 1448 originem
982 1367 1201 1428 ducere
1247 1365 1548 1446 uidentur,
1597 1366 1756 1446 quod
1801 1369 2113 1428 uicinitate
2151 1366 2544 1429 Sasernarum
2585 1375 2645 1428 et

326 1461 703 1551 (Tremellii)
745 1465 985 1528 Scrofae
1032 1468 1095 1527 in
1143 1465 1341 1527 indice
1379 1464 1670 1526 librorum
1709 1479 1772 1526 Χ.
1803 1479 1894 1526 11.
1925 1478 2091 1526 xvu.
2130 1479 2305 1525 xvm
2341 1463 2644 1544 probatur.

326 1573 539 1628 contra
592 1566 654 1626 in
704 1563 923 1624 librum
970 1577 1049 1624 111
1095 1564 1265 1644 plura
1314 1582 1385 1624 ex
1423 1562 1645 1624 Italicis
1693 1565 1824 1624 eius
1861 1563 2050 1624 fluere
2089 1569 2430 1643 potuerunt,
2481 1562 2650 1624 uelut

324 1682 483 1744 quae
552 1681 624 1723 ex
694 1660 969 1723 Cornelio
1026 1659 1357 1723 Alexandro
1424 1661 1463 1738 ξ
1518 1657 1646 1721 124
1712 1660 1782 1721 de
1849 1659 2350 1722 Orumbouiorum
2416 1662 2646 1739 origine

326 1762 703 1822 reseruntur.

984 2015 1057 2089 C.
1099 2015 1493 2090 CLODIVS
1549 2015 1930 2090 LICINVS
1952 2011 2001 2102 ¹)

514 2195 786 2258 Clodium
860 2195 1131 2256 Licinum
1198 2193 1599 2256 ‘consularem
1674 2191 2052 2255 historicum'
2121 2196 2509 2274 cognouimus
2573 2215 2644 2257 ex

326 2296 619 2356 Suetonio
668 2295 779 2373 (fr.
818 2293 907 2372 2),
956 2295 1059 2372 qui
1106 2295 1385 2372 quoniam
1435 2291 1732 2372 Hyginum
1790 2291 1862 2353 ab
1911 2311 1982 2353 eo
2027 2311 2218 2372 usque
2267 2291 2341 2354 ad
2393 2303 2645 2355 mortem

326 2392 667 2454 liberaliter
712 2398 1109 2452 sustentatum
1158 2408 1290 2452 esse
1338 2390 1588 2468 rettulit,
1636 2389 1736 2450 ille
1783 2409 1902 2450 non
1951 2389 2228 2476 diuersus
2275 2409 2406 2452 esse
2453 2401 2648 2471 potest

326 2509 361 2553 a
396 2490 643 2552 consule
674 2489 925 2551 suffecto
952 2507 1003 2548 a.
1022 2483 1233 2570 4s757
1267 2488 1328 2550 C.
1351 2488 1555 2549 Clodio
1586 2487 1708 2549 Lic.
1732 2489 2011 2565 (Prosop.
2033 2490 2150 2565 Ip.
2169 2489 2303 2549 416
2330 2507 2388 2550 n.
2409 2483 2646 2571 919).2)

327 2588 603 2650 eiusdem
663 2597 863 2648 tamen
918 2587 1180 2648 nominis
1237 2596 1443 2648 auctor
1498 2585 1640 2647 libri
1696 2587 1858 2647 tertii
1916 2603 2114 2647 rerum
2168 2585 2564 2648 Romanarum
2614 2607 2645 2648 a

326 2687 505 2748 Liuio
553 2689 617 2746 in
666 2684 821 2746 libro
869 2698 1042 2745 xxlx
1090 2687 1327 2762 citatur,
1372 2683 1531 2745 unde
1579 2693 1716 2744 ante
1754 2685 1912 2745 hunc
1952 2682 2172 2745 librum
2211 2683 2437 2746 editum
2478 2685 2644 2746 illum

326 2788 393 2845 in
431 2783 753 2845 scribendo
790 2790 1097 2844 uersatum
1136 2801 1267 2844 esse
1307 2791 1637 2862 appareret,
1675 2783 1714 2843 i.
1736 2799 1786 2842 e.
1818 2791 1954 2842 ante
1990 2799 2212 2842 annum
2249 2782 2376 2843 fere
2412 2779 2644 2863 19s135

330 2885 421 2956 (u.
450 2883 591 2944 Liu.
622 2881 928 2942 XXVIII
960 2881 1063 2958 12,
1095 2881 1228 2955 12),
1276 2879 1337 2940 id
1384 2880 1542 2960 quod
1590 2897 1726 2941 cum
1775 2879 2156 2940 consulatu
2202 2879 2476 2942 historici
2526 2899 2643 2942 non

328 2981 618 3041 concinit.
695 2977 909 3039 deinde
966 2979 1113 3040 haec
1170 2997 1269 3039 res
1327 2979 1505 3038 etiam
1553 2976 1747 3038 alieno
1798 2977 1925 3038 loco
1971 2979 2198 3039 inserta
2245 2986 2338 3038 est
2383 2979 2645 3058 aliasque

328 3077 739 3139 dubitationes
794 3083 853 3136 et
911 3074 983 3136 de
1042 3075 1223 3136 rebus
1270 3083 1325 3136 et
1386 3074 1458 3137 de
1505 3074 1710 3136 uerbis
1758 3083 1977 3153 mouet,
2023 3083 2092 3136 ut
2139 3083 2300 3138 recte
2345 3077 2410 3136 Α.
2451 3075 2645 3137 Luchs

326 3179 393 3236 in
435 3173 699 3235 editione
736 3175 939 3253 priore
978 3176 1201 3235 maiore
1238 3174 1393 3234 hanc
1430 3173 1868 3253 paragraphum
1905 3174 2078 3234 uncis
2115 3172 2446 3253 incluserit,
2474 3191 2645 3255 prae-

326 3275 542 3334 sertim
610 3291 745 3332 cum
813 3274 875 3332 in
932 3270 1162 3333 duobus
1228 3271 1534 3332 codicibus
1592 3271 1828 3332 deesset
1876 3273 2488 3349 (Proleqy.p.t1r11
2509 3276 2645 3349 sq).

327 3371 561 3433 adiecta
620 3371 805 3448 igitur
859 3377 950 3431 est
1009 3372 1139 3430 siue
1186 3369 1258 3430 ab
1306 3372 1437 3450 ipso
1486 3369 1657 3431 Liuio
1705 3388 1856 3451 opus
1905 3388 2078 3431 suum
2127 3369 2457 3449 perfectum
2505 3389 2644 3451 sup·

324 3468 532 3549 plente
588 3465 689 3528 uel
744 3465 1063 3528 adnotante
1111 3467 1220 3544 (cf.
1260 3469 1477 3544 Belle‘q.
1519 3469 1559 3527 I
1585 3487 1654 3544 p.
1697 3471 1872 3543 cxm)
1925 3469 2055 3528 siue
2113 3487 2144 3528 a
2199 3467 2454 3548 quodam
2511 3470 2643 3529 uiro

326 3567 506 3628 docto
554 3565 790 3643 legente
839 3565 1200 3642 (Holzapsel
1228 3583 1297 3642 p.
1339 3567 1471 3638 62).

512 3662 686 3724 Nunc
730 3681 897 3741 uero,
944 3665 1225 3742 quoniam
1272 3665 1585 3743 inscriptio
1634 3665 1780 3724 satis
1829 3681 1960 3724 rara
2009 3663 2268 3725 stabilita
2309 3671 2416 3742 est,
2464 3667 2643 3724 etiam

516 3837 569 3904 1)
616 3834 689 3888 M.
730 3833 900 3889 Hertz
956 3834 1045 3888 De
1090 3835 1469 3890 historicormn
1518 3833 1676 3890 Rom.
1725 3835 1976 3903 reliquiis
2025 3838 2405 3904 quaestionum
2457 3838 2644 3905 capita

320 3918 588 3988 quinque.
636 3914 757 3969 Ind.
788 3913 917 3970 lect.
950 3912 1179 3968 Vratisl.
1210 3917 1348 3968 aest.
1382 3919 1517 3969 1871
1557 3933 1611 3984 p.
1645 3921 1800 3969 3-9.
1853 3915 1911 3968 L.
1943 3913 2241 3984 Holzapfel
2271 3916 2510 3985 L'opera
2536 3923 2643 3970 sto-

322 3999 449 4052 n‘oa
489 3996 553 4049 di
592 3993 782 4050 Clodio
826 3993 1039 4062 Licino,
1076 3993 1298 4049 Rivista.
1334 3995 1393 4048 di
1433 3996 1609 4048 storia.
1645 3995 1839 4050 antica.
1875 3995 2118 4068 1[1895]
2147 4013 2201 4066 p.
2233 4001 2472 4062 61—673
2512 4013 2643 4050 cau-

321 4077 445 4132 tius
484 4074 774 4129 Cicborius
813 4091 905 4144 ap.
935 4073 1311 4143 Pauly-Wiss.
1340 4073 1419 4128 IV
1456 4093 1501 4130 c.
1536 4080 1763 4129 77-79.

514 4158 569 4224 2)
606 4154 803 4209 Soltau
834 4155 1075 4222 (Liviue’
1107 4153 1327 4225 Quellen
1360 4174 1420 4226 p.
1452 4160 1547 4224 45)
1586 4155 1696 4210 hoc
1733 4171 1872 4225 opus
1911 4155 2344 4226 grammaticum
2374 4155 2464 4210 uel
2495 4156 2642 4210 anti-

320 4235 596 4306 quarium
634 4251 755 4290 esse
792 4235 986 4304 posuit
1022 4235 1464 4304 scriptoremque
1504 4235 1575 4289 ab
1614 4233 1884 4290 historico
1914 4235 2217 4305 diuersum,
2249 4238 2312 4290 at
2338 4234 2454 4289 uid.
2475 4235 2641 4289 Holz-

322 4313 493 4386 apsel
530 4331 583 4383 p.
613 4319 680 4367 63
701 4333 783 4382 sq.
