3234 5034
1097 347 1172 402 M.
1203 345 1508 402 TVLLIVS
1545 345 1805 402 CICERO
2508 371 2605 418 xv

290 525 478 581 etiam
540 521 824 580 debuerit
880 519 1204 579 historiam
1263 516 1456 590 diana
1515 531 1671 576 uoce
1714 519 2161 593 pronuntiare,
2220 521 2445 594 quippe
2502 521 2609 593 qui

295 621 642 679 oratoriam
689 617 1096 692 eloquentiam
1131 615 1348 674 rudem
1386 631 1428 673 a
1462 613 1803 674 maioribus
1838 620 2155 690 acceptam
2177 618 2611 692 perpoliuerit,

277 716 740 793 philosophiam
814 720 958 774 ante
1029 729 1166 774 eum
1238 715 1604 788 incomptam
1671 711 1959 772 Latinam
2018 729 2136 773 sua
2202 713 2609 790 consor-marii

291 817 594 875 oratione.
640 830 722 874 ex
759 829 878 888 quo
915 813 1146 886 dubim,
1183 813 1436 872 interitu
1473 813 1606 870 eius
1642 817 1849 870 utrum
1884 827 1987 871 res
2008 811 2271 887 publica
2298 829 2381 872 an
2420 813 2608 873 histo·

295 917 402 973 ria
446 915 649 987 maqis
685 912 904 972 doleat.
979 911 1079 970 cui
1125 907 1289 969 laudi
1333 925 1442 970 uos
1489 906 1733 987 quidem
1780 907 1977 969 facere
2024 925 2143 969 non
2184 927 2505 988 possumus
2542 919 2611 971 ut

293 1009 725 1072 adsentiamur.
799 1025 938 1070 nam
997 1024 1150 1087 quae
1206 1007 1337 1068 eius
1392 1007 1594 1086 opinio
1654 1005 1727 1068 de
1781 1006 2027 1066 historia
2084 1006 2224 1086 fuit,
2280 1027 2433 1087 qnae
2478 1011 2607 1088 ipse

295 1106 368 1168 de
427 1107 857 1168 commentario
914 1123 1024 1167 suo
1082 1103 1394 1182 gloriatur,
1451 1105 1562 1164 arti
1613 1122 1779 1183 eum,
1824 1110 1894 1164 ut
1938 1123 2081 1166 suae
2128 1107 2340 1168 aetatis
2384 1105 2608 1167 iudicio

293 1212 674 1284 occupatum,
719 1205 910 1282 magis
956 1220 1134 1284 quam
1180 1203 1425 1264 ueritati
1471 1203 1841 1263 seruiturum
1886 1201 2073 1264 fuisse
2122 1211 2369 1266 constat.
2386 1198 2439 1287 ²)

475 1301 839 1382 Appendicis
875 1299 1006 1362 loco
1043 1319 1206 1361 nunc
1244 1302 1424 1361 etiam
1459 1307 1889 1380 poematum,
1928 1318 2081 1380 quae
2120 1319 2301 1382 supra
2338 1305 2609 1382 tractaui,

295 1402 630 1480 fragmenta
669 1397 1060 1478 enumerabo,
1097 1400 1453 1478 praesertim
1482 1417 1639 1472 ‚cum
1686 1415 1762 1458 ne
1810 1397 2210 1460 Baehrensius
2258 1399 2499 1479 quidem
2546 1402 2607 1461 in

293 1499 674 1579 Fragmentis
738 1505 1048 1577 poetarum
1111 1496 1516 1558 Romanorum
1591 1503 1758 1557 recte
1822 1515 1889 1557 ea
1956 1495 2311 1558 distinxerit.
2412 1517 2607 1578 neque

295 1608 502 1660 tamen
549 1599 679 1658 sine
727 1595 1112 1657 dubitatione.
1187 1597 1408 1656 etenim
1457 1596 1585 1674 ipse
1634 1594 1707 1656 de
1753 1593 1940 1658 Mario
1984 1596 2049 1656 in
2084 1598 2390 1675 prooemio
2428 1595 2609 1658 libro·

292 1715 434 1758 rum
482 1695 555 1756 de
604 1694 835 1776 legibus
882 1695 956 1768 (I
994 1694 1053 1772 1,
1082 1694 1152 1769 4)
1201 1693 1350 1755 alias
1395 1695 1458 1754 in
1504 1693 1753 1755 historia
1798 1692 2203 1754 obseruandas
2249 1711 2381 1756 esse
2427 1694 2607 1774 legeS,

293 1794 444 1856 alias
491 1796 554 1854 in
599 1800 872 1873 poemate
922 1793 1212 1873 exposuit,
1260 1809 1398 1852 cum
1443 1792 1508 1851 in
1554 1791 1655 1852 illa
1702 1793 1901 1852 omnia
1948 1790 2024 1854 ad
2068 1793 2383 1853 ueritatem
2422 1793 2608 1854 refer—

295 1899 529 1971 rentur,
574 1892 638 1952 in
684 1891 798 1952 hoc
845 1889 917 1951 ad
966 1888 1420 1952 delectationem
1465 1889 1778 1970 pleraque,
1825 1888 1987 1951 idem
2031 1897 2229 1951 tamen
2275 1909 2489 1970 poema
2536 1891 2608 1952 de

295 1989 614 2052 consulatu
651 2009 758 2052 suo
805 1991 964 2050 inter
1010 1985 1308 2070 ἱστορικά
1353 1995 1631 2049 numerat
1666 1989 1784 2062 (ad
1814 1988 1938 2050 Att.
1976 1988 2021 2048 I
2058 1989 2163 2064 19,
2197 1988 2330 2062 10).
2414 1987 2607 2050 delec-

294 2091 586 2150 tationem
643 2095 844 2149 autem
899 2089 1154 2148 maxime
1211 2085 1350 2148 inde
1405 2085 1673 2167 petebat,
1730 2085 1889 2166 quod
1943 2104 2042 2149 res
2090 2089 2153 2147 in
2206 2094 2369 2148 terra
2413 2095 2609 2167 gestas

296 2206 438 2249 cum
497 2183 856 2248 caelestibus
915 2185 1226 2246 coniunxit
1277 2191 1340 2246 et
1393 2202 1572 2265 saepe
1628 2183 1831 2246 multis
1887 2183 2091 2246 uerbis
2148 2184 2291 2247 deos
2348 2185 2609 2267 deasque

295 2285 614 2366 loquentes
660 2284 822 2364 i'ecit⁷
865 2283 1035 2344 uelut
1078 2283 1354 2345 Vraniam
1401 2284 1464 2343 in
1512 2282 1699 2344 altero
1746 2282 1926 2362 libro,
1973 2282 2274 2364 Calliopen
2322 2286 2385 2345 in
2430 2286 2609 2346 tertio

297 2386 380 2445 de
438 2385 792 2458 consulatu,
848 2380 1181 2462 Apollinem
1240 2383 1305 2441 in
1369 2380 1556 2442 altero
1623 2381 1700 2442 de
1765 2385 2132 2458 temporibus
2184 2388 2339 2460 suis,
2405 2383 2607 2445 Iouem

295 2483 499 2561 ipsum
545 2483 610 2542 in
670 2487 966 2559 extremo,
1028 2477 1204 2559 ‘quae
1265 2477 1382 2540 sibi
1443 2486 1687 2541 secutus
1747 2477 2036 2560 quaedam
2084 2479 2449 2542 Graecorum
2508 2501 2607 2542 ex·

296 2579 494 2659 empla
539 2575 920 2659 permiserat'
962 2577 1202 2652 (Quint.
1232 2579 1340 2639 XI
1370 2578 1429 2652 1,
1458 2578 1595 2653 24).
1656 2596 1772 2658 qua
1819 2579 2146 2639 imitatione
2194 2597 2304 2658 per
2348 2598 2413 2640 se
2462 2579 2606 2640 ridi-

297 2677 452 2757 cula,
471 2678 588 2757 ipsi
609 2676 1008 2738 uehementer
1027 2674 1274 2756 probata
1305 2674 1450 2737 duas
1479 2694 1578 2737 res
1607 2675 1925 2738 adsecutus
1954 2685 2063 2756 est,
2082 2685 2151 2738 ut
2179 2685 2239 2738 et
2268 2676 2475 2738 diuino
2505 2696 2608 2740 ore

297 2775 530 2855 largius
566 2793 632 2836 se
669 2777 867 2855 ipsum
905 2773 1174 2837 laudaret
1209 2772 1533 2854 laudesque
1572 2777 1743 2854 quasi
1785 2773 2071 2837 diuinitus
2109 2777 2373 2836 sanciret
2411 2783 2473 2837 et
2510 2795 2608 2838 res

299 2875 482 2936 etiam
519 2873 908 2935 inferioribus
937 2871 1306 2952 temporibus
1345 2880 1558 2952 gestas,
1597 2874 1651 2932 si
1678 2872 1959 2953 placeret,
1996 2874 2323 2953 praesagiis
2354 2876 2607 2936 carmini

300 2991 410 3034 suo
437 2974 754 3033 insereret.
798 2971 968 3033 uelut
993 2970 1056 3031 A.
1079 2969 1396 3032 Gabinium
1424 2978 1486 3032 et
1511 2970 1574 3032 L.
1593 2970 1891 3051 Pisonem,
1917 2989 2053 3032 cum
2080 2979 2322 3050 praeter
2338 2970 2608 3034 Clodium

299 3071 560 3132 maxime
599 3069 796 3132 exsilii
833 3077 1108 3132 auctores
1146 3069 1415 3148 fuissent,
1453 3071 1538 3130 ita
1582 3068 1794 3130 ulcisci
1832 3071 2156 3149 constituit,
2192 3078 2261 3131 ut
2296 3072 2359 3130 in
2396 3088 2608 3133 secun·

303 3167 446 3230 dum
491 3167 714 3230 librum
761 3171 840 3230 de
886 3170 1258 3246 temporibus
1292 3166 1625 3246 Apollinem
1662 3166 1997 3229 includeret
2034 3164 2374 3248 ‘dicentem,
2417 3169 2610 3250 qualis

300 3267 536 3330 reditus
591 3265 846 3328 duorum
896 3269 1322 3347 imperatorum
1371 3265 1608 3327 futurus
1655 3273 1833 3345 esset,
1885 3284 2139 3345 quorum
2185 3265 2334 3328 alter
2380 3269 2607 3329 exerci-

301 3375 429 3427 tum
458 3363 825 3446 perdidisset
851 3357 1066 3448 (Piso),
1095 3364 1247 3426 alter
1270 3363 1645 3426 uendidisset
1666 3357 1893 3448 (Gab.)'
1926 3367 2043 3438 (ad
2073 3365 2240 3442 afr.
2261 3366 2375 3426 ΙῙΙ
2396 3367 2455 3442 1,
2474 3367 2607 3441 24).

300 3463 400 3525 hic
447 3465 612 3525 enim
659 3463 890 3524 reditus
928 3481 1000 3524 ex
1037 3463 1366 3542 prouinciis
1406 3461 1751 3524 foedissime
1787 3461 2006 3523 habitis
2044 3481 2093 3523 a.
2124 3458 2383 3527 54s700
2421 3463 2609 3526 factus

303 3569 411 3623 est.
505 3559 766 3640 denique
823 3567 894 3622 ut
955 3559 1026 3622 de
1087 3561 1216 3641 ipsa
1274 3562 1444 3640 poesi
1501 3560 1576 3622 ad
1638 3559 2029 3622 Ribbeckium
2090 3562 2291 3635 (Ro‘m.
2332 3563 2531 3624 Dicht.
2577 3565 2620 3624 I

303 3660 438 3720 296
461 3662 620 3735 sqq.)
669 3676 976 3738 reuocem,
1031 3661 1226 3738 primo
1283 3661 1548 3721 carmine
1597 3677 1663 3720 se
1708 3667 1777 3720 ut
1822 3657 2034 3721 ducem
2077 3666 2459 3740 tutoremque
2506 3660 2609 3722 bo·

305 3775 550 3836 norum,
611 3775 865 3836 quorum
925 3753 1164 3818 ‘famam
1225 3753 1572 3837 laudesque'
1640 3775 1879 3837 semper
1938 3759 2225 3836 auxisset,
2282 3757 2609 3821 celebrauit

303 3855 794 3935 praedicauitque
837 3853 1142 3936 multaque
1189 3857 1252 3917 in
1300 3873 1370 3916 eo
1408 3856 1633 3936 scripta
1671 3873 1802 3916 esse
1843 3849 2445 3936 ’ἀριστοκρατικῶς’
2485 3857 2607 3937 glo·

305 3956 496 4016 riatur
532 3955 652 4028 (ad
682 3953 804 4014 Ati.
845 3953 924 4015 ΙῙ
951 3954 1012 4031 3,
1042 3955 1132 4028 4).
1205 3956 1336 4034 ipsa
1377 3961 1578 4016 tamen
1627 3971 1807 4034 opera
1852 3953 2095 4033 indigna
2133 3954 2247 4016 fuit
2284 3961 2445 4015 tanto
2488 3958 2609 4017 uiri

305 4053 547 4114 nomine
556 4098 575 4131 ,
631 4053 966 4131 arrogantia
1022 4059 1082 4113 et
1137 4051 1454 4114 insolentia
1497 4055 1699 4113 nimia.
1772 4054 1974 4132 itaque
2020 4051 2121 4112 alii
2168 4047 2506 4136 ([Sallust]
2542 4059 2608 4117 in

487 4208 540 4276 1)
575 4203 704 4261 Vid.
745 4204 958 4260 Berndt
1014 4195 1154 4262 Uber
1206 4207 1416 4262 C'ieeros
1461 4207 1695 4262 Ansicht
1741 4223 1849 4262 von
1891 4205 1989 4262 der
2028 4206 2351 4262 Geschichte.
2414 4207 2608 4278 Progr.

306 4303 494 4355 gymn.
533 4285 868 4341 Attendorn.
909 4291 1064 4341 1880.
1147 4286 1196 4342 J.
1226 4287 1476 4358 Zingler‚
1523 4289 1613 4343 De
1652 4287 1906 4344 Cicerone
1949 4289 2205 4342 historico
2250 4289 2607 4358 quaestiones.

306 4364 450 4421 Dine.
479 4365 667 4422 BeroL
699 4371 856 4422 1900.
933 4365 997 4424 H.
1028 4366 1194 4423 Peter
1233 4369 1420 4424 Gesch.
1451 4367 1645 4423 Litter.
1678 4368 1703 4421 1
1744 4372 1810 4423 10
1830 4385 1933 4437 sq..
1968 4366 2021 4421 Π
2060 4371 2176 4422 181.
