3234 5034
441 1609 546 1687 ,22

445 1699 544 1747 779

581 316 668 381 94
1061 315 1476 370 AGRIPPINA.
1517 348 1584 357 —
1623 314 2028 371 CORNELIVS
2066 315 2394 371 BOGCHVS

762 488 799 553 7
815 492 878 555 *.
928 494 1083 555 Ptin.
1133 512 1193 553 n.
1239 494 1297 554 h.
1341 494 1432 554 VI
1461 492 1593 553 128
1640 492 1784 553 Tam
1839 494 2107 554 uicinum
2162 494 2443 554 Arsaniae
2498 493 2683 554 fluere
2738 510 2881 553 eum

581 590 948 669 [TiqridemJ
1017 592 1081 651 in
1147 593 1388 670 regione
1443 591 1715 651 Archene
1771 590 2051 652 Claudius
2106 590 2325 652 Caesar
2388 600 2592 653 auctor
2636 599 2746 669 est,
2794 598 2881 669 ut,

580 708 716 750 cum
753 690 1116 769 intumuere,
1173 690 1473 750 confluant
1527 707 1640 749 nec
1698 696 1894 749 tamen
1940 691 2306 750 misceantur
2350 689 2657 769 leuiorque
2704 690 2882 750 Arsa-

579 790 710 848 nias
775 789 1002 848 innatet
1066 801 1284 847 ΜΜΜΜ
1358 788 1545 848 ferme
1622 790 1837 868 spatio,
1910 807 2047 848 mox
2112 787 2342 849 diuisus
2406 790 2469 848 in
2534 787 2880 867 Euphraten

579 895 900 965 mergatur.
2910 902 2937 942 s

761 979 878 1046 8²⁸.
929 984 1083 1046 Ptin.
1123 1002 1181 1045 n.
1219 986 1276 1045 h.
1323 985 1448 1046 VII
1474 985 1562 1045 35
1609 983 1893 1045 Claudius
1939 984 2155 1045 Caesar
2200 984 2411 1045 scribit
2456 984 2882 1064 hippocentau-

583 1101 715 1144 rum
763 1084 824 1142 in
873 1081 1176 1143 Thessalia
1221 1090 1427 1145 natum
1483 1082 1695 1143 eodem
1752 1082 1847 1143 die
1901 1084 2207 1161 interisse,
2262 1091 2323 1143 et
2376 1102 2486 1143 nos
2540 1084 2883 1162 principatu

583 1182 713 1242 eius
761 1180 1018 1242 adlatum
1055 1180 1144 1240 illi
1191 1199 1264 1241 ex
1311 1181 1572 1261 Aegypto
1618 1182 1681 1241 in
1732 1180 1909 1241 melle
1955 1180 2235 1242 uidimus,

851 1465 1444 1539 AGRIPPINAE
1503 1466 1889 1539 CLAVDII
1946 1466 2625 1540 COMMENTARII

769 1640 830 1709 l.
885 1647 1024 1707 Tac.
1063 1664 1205 1707 ann.
1251 1646 1397 1706 IIII
1424 1646 1511 1706 53
1557 1646 1631 1706 At
1676 1646 1998 1725 Agrippina
2044 1647 2325 1726 peruicax
2380 1624 2503 1707 irae
2558 1654 2619 1707 et
2674 1646 2887 1707 morbo

585 1746 850 1824 corporis
905 1743 1229 1824 implicata,
1290 1762 1426 1804 cum
1479 1745 1708 1805 uiseret
1763 1762 1891 1805 eam
1939 1743 2156 1805 Caesar
2204 1744 2225 1821 Ῐ
2237 1743 2538 1822 Tiberius]
2549 1790 2567 1823 ,
2622 1744 2889 1824 profusis
2922 1772 2979 1812 ιο

545 1843 688 1916 ,diu
745 1861 813 1902 ac
870 1860 979 1922 per
1034 1841 1336 1902 silentium
1393 1841 1657 1903 lacrimis
1712 1861 1849 1903 mox
1905 1841 2193 1903 inuidiam
2250 1850 2310 1902 et
2364 1860 2573 1921 preces
2622 1841 2889 1904 orditur:

467 2592 553 2669 37-

450 2682 553 2731 790

587 1941 937 2002 subueniret
983 1939 1306 2019 solitudini,
1346 1939 1511 2001 daret
1549 1942 1847 2019 maritum,
1885 1940 2143 2001 habilem
2180 1938 2373 2001 adhuc
2410 1942 2711 2001 iuuentam
2749 1940 2891 2019 sibi,

587 2058 780 2119 neque
836 2038 982 2098 aliut
1035 2038 1238 2118 probis
1295 2056 1472 2118 quam
1530 2058 1603 2099 ex
1660 2040 2037 2099 matrimonio
2084 2038 2403 2120 solacium3
2450 2057 2583 2099 esse
2630 2040 2689 2099 in
2736 2040 2890 2099 ciui-

589 2146 706 2199 tate
753 2142 860 2212 qui
888 2182 1352 2198 ...........
1392 2134 1731 2197 Germanici
1785 2138 2099 2216 coniugem
2156 2156 2224 2197 ac
2278 2136 2499 2197 liberos
2556 2138 2687 2197 eius
2733 2140 2889 2197 reci-

587 2254 733 2316 pere
781 2234 1184 2312 dignarentur.
1251 2233 1357 2295 sed
1395 2233 1612 2295 Caesar
1652 2254 1773 2295 non
1810 2236 2072 2315 ignaruS,
2110 2244 2395 2314 quantum
2434 2254 2503 2297 ex
2546 2253 2609 2296 re
2647 2235 2891 2315 publica
2928 2264 2983 2304 ις

589 2342 920 2414 peteretur,
967 2351 1041 2393 ne
1101 2342 1296 2393 tamen
1353 2333 1699 2394 offensionis
1757 2341 1857 2393 aut
1902 2344 2097 2395 metus
2144 2331 2491 2395 manifestus
2539 2334 2709 2411 soret,
2756 2336 2892 2395 sine

590 2451 874 2511 responso
941 2449 1296 2510 quamquam
1363 2433 1681 2492 instantem
1748 2431 2005 2511 reliquit.
2089 2431 2148 2492 id
2205 2449 2341 2510 ego,
2406 2452 2438 2491 a
2494 2416 2893 2512 scriptoribus

591 2530 886 2591 annalium
932 2547 1051 2590 non
1099 2528 1397 2609 traditum,
1445 2532 1685 2609 repperi
1732 2531 1792 2589 in
1842 2532 2285 2591 commentariis
2322 2530 2676 2610 Agrippinae
2716 2531 2893 2601 tiliae,

771 2623 888 2691 2³³⁸.
941 2630 1094 2688 Ptin.
1135 2648 1190 2687 η.
1229 2630 1285 2689 h.
1331 2628 1456 2687 VII
1479 2628 1583 2687 46
1648 2626 1943 2687 Neronem
1992 2662 2075 2669 —
2120 2630 2451 2707 principem
2500 2662 2583 2670 ———
2634 2628 2893 2708 pedibus

591 2728 856 2806 genitum
905 2725 1114 2786 scribit
1159 2743 1373 2804 parens
1421 2727 1549 2787 eius
1597 2726 1935 2805 Agrippina.
2926 2757 2989 2797 ,ο

1499 2920 1619 2927 -—-——
1643 2922 1652 2926 -

1065 3064 1517 3137 CORNELII
1569 3030 1917 3137 Boooffl
1972 3064 2423 3139 HISTORIA

779 3238 892 3307 1²⁸².
943 3246 1126 3305 Solin.
1175 3245 1234 3319 2,
1275 3244 1359 3304 18
1423 3243 1764 3324 Delphicam
1828 3251 2025 3304 autem
2092 3242 2373 3324 Sibyllam
2436 3252 2572 3305 ante
2637 3244 2897 3307 Troiana

593 3342 746 3404 bella
801 3344 1182 3403 uaticinatam
1227 3340 1496 3403 Bocchus
1551 3349 1833 3421 autumat,
1889 3343 2061 3403 cuius
2114 3340 2405 3422 plurimos
2459 3360 2676 3403 uersus
2724 3345 2893 3423 operi

596 3461 704 3502 suo
751 3440 1072 3501 Homerum
1121 3441 1447 3501 inseruisse
1493 3441 1847 3501 manifestat.

777 3630 832 3685 7.
871 3630 1093 3685 Similia
1120 3630 1401 3685 mirabilia
1431 3629 1496 3684 de
1521 3630 1624 3683 hac
1648 3630 1867 3700 reqione
1893 3628 2049 3698 apud
2066 3629 2387 3684 Str-abanan
2408 3630 2507 3684 XI
2524 3634 2664 3695 14,8
2685 3648 2747 3700 p.
2764 3636 2894 3687 529.

695 3774 706 3785 ι
777 3700 834 3773 1,
873 3707 957 3756 21.
998 3701 1135 3757 Rem
1181 3704 1445 3771 excerpsit
1488 3700 1742 3755 Isidorus
1782 3702 1915 3771 on'q.
1954 3700 2111 3755 VIII
2144 3704 2199 3767 8,
2235 3704 2269 3754 3
2317 3702 2524 3755 Bocchi
2566 3704 2897 3758 auctoritate

597 3791 810 3829 omn-ssa.

781 3952 846 4038 7,
897 3962 953 4018 2.
1002 3960 1245 4019 archoni
1289 3960 1409 4019 cod.
1438 3960 1633 4019 Paris.

782 4040 846 4127 l,
899 4049 996 4107 13.
1044 4048 1276 4124 probris
1303 4049 1570 4108 Petersen
1712 4052 1810 4107 14.
1857 4050 1963 4124 qui
2007 4048 2136 4107 diui
2180 4048 2440 4127 Augusti
2476 4052 2719 4125 neptem
2756 4068 2898 4125 sup-

589 4139 780 4212 plewit
821 4139 1099 4197 lacunam
1145 4138 1260 4211 (14
1304 4138 1428 4211 fere
1471 4136 1826 4211 litterarum)
1878 4136 2131 4197 Orollius
2169 4138 2273 4214 qui
2309 4138 2450 4197 diuo
2487 4137 2771 4215 August-o
2809 4159 2903 4199 or·

597 4232 724 4286 tam
753 4226 958 4286 Haase
1141 4227 1242 4285 15.
1289 4246 1359 4285 ex
1404 4247 1468 4286 re
1513 4224 1596 4303 p.]
1648 4246 1717 4285 ex
1763 4243 1825 4285 se
1866 4226 2075 4287 Wurm
2122 4245 2192 4285 ea.
2235 4246 2300 4286 re
2328 4228 2588 4302 Maduiy

784 4308 848 4393 1,
899 4318 1000 4391 22,
1044 4315 1240 4375 boccis
1266 4316 1458 4375 Paris.
1489 4318 1571 4376 M
1743 4315 2015 4392 perhibet
2058 4316 2219 4375 codd.
2248 4318 2417 4377 class.
2445 4316 2571 4374 III
