3234 5034
517 1470 624 1547 ΕΞ

520 1559 624 1607 689

667 290 712 352 4
1470 291 1545 347 M.
1574 291 1883 348 TVLLIVS
1922 291 2179 348 CICERO

1325 495 1421 567 M.
1471 496 1757 569 TVLLI
1814 495 2313 569 CICERONIS

1431 658 1538 717 nn
1588 656 1981 719 CONSILIIS
2030 658 2205 719 sv1s

847 810 913 877 1.
962 820 1182 877 Ascon.
1223 819 1310 878 ad
1358 818 1479 877 Cic.
1519 822 1583 877 in
1633 826 1751 893 toy.
1791 820 1969 879 caud.
1995 836 2063 895 p.
2090 819 2177 878 74
2214 818 2381 878 [ct-S.
2455 816 2616 896 Dico,
2660 836 2717 897 p.
2756 836 2825 895 c.,
2870 835 2965 877 su·

663 916 900 993 periore
947 924 1121 976 nocte
1168 914 1478 975 cuiusdam
1515 914 1775 979 hominis
1820 914 2039 976 nobilis
2077 923 2139 976 et
2172 914 2347 977 ualde
2390 917 2453 975 in
2490 914 2602 975 hoc
2638 913 2967 994 largitionis

663 1022 912 1091 quaestu
964 1012 1120 1073 docti
1166 1022 1228 1073 et
1276 1014 1498 1091 cogniti
1555 1012 1796 1073 domum
1844 1012 2157 1073 Catilinam
2215 1021 2276 1074 et
2318 1014 2638 1073 Antonium
2686 1031 2821 1074 cum
2878 1031 2965 1073 se·

665 1109 1008 1189 questribus
1056 1112 1182 1171 suis
1229 1110 1629 1189 conuenisse]
1697 1112 1813 1172 Aut
1850 1110 1910 1172 C.
1941 1110 2213 1171 Caesaris
2251 1120 2354 1172 aut
2388 1110 2461 1172 M.
2492 1109 2692 1171 Crassi
2730 1110 2967 1171 domum

664 1208 974 1286 significat.
1031 1211 1256 1270 etenim
1295 1210 1574 1269 acerrimi
1608 1228 1677 1269 ac
1712 1211 2115 1289 potentissimi
2152 1209 2396 1270 fuerunt
2431 1207 2755 1269 Ciceronis·
2785 1208 2965 1269 refra·
2990 1226 3014 1267 s

663 1315 916 1385 gatoreS,
963 1325 1100 1367 cum
1135 1309 1309 1386 petiit
1346 1306 1739 1385 consulatum,
1778 1305 1935 1387 quod
1974 1310 2104 1368 eius
2142 1308 2204 1366 in
2246 1306 2374 1367 dies
2411 1304 2651 1367 ciuilem
2690 1324 2965 1367 crescere

665 1403 1009 1483 dignitatem
1048 1404 1627 1467 animaduertebant:
1674 1414 1735 1467 et
1768 1404 1884 1465 hoc
1919 1406 2047 1485 ipse
2076 1404 2285 1466 Cicero
2322 1406 2385 1465 in
2422 1405 2791 1485 expositione
2828 1420 2965 1463 con-

663 1501 932 1562 siliorum
981 1520 1222 1563 suorum
1271 1504 1592 1585 significat3
1640 1506 1771 1564 eius
1818 1521 2053 1583 quoque
2102 1504 2554 1582 coniurationiS,
2601 1520 2753 1581 quae
2800 1500 2967 1561 Cotta

661 1607 726 1660 et
767 1599 1067 1680 Torquato
1113 1620 1264 1662 coss,
1312 1610 1447 1662 ante
1495 1620 1715 1662 annum
1763 1620 1940 1680 quam
1986 1600 2134 1663 haec
2183 1601 2543 1679 dicerentur,
2600 1600 2748 1660 sacta
2798 1606 2891 1659 est
2935 1618 2965 1657 a

661 1696 910 1759 Catilina
959 1708 1021 1760 et
1064 1699 1298 1778 Pisone,
1345 1702 1542 1778 arguit
1585 1699 1660 1760 M.
1698 1698 1981 1760 Crassum
2025 1708 2329 1761 auctorem
2376 1698 2579 1760 fuisse.
2992 1718 3039 1757 ιο

842 1792 908 1859 2.
959 1794 1273 1859 Plutarch.
1311 1798 1509 1859 Crass
1549 1798 1637 1857 13
1664 1825 1733 1845 -—--
1769 1798 1969 1858 Conm.
2004 1802 2226 1873 yraeci
2270 1798 2347 1858 de
2393 1814 2555 1858 cons.
2587 1796 2671 1874 fr.
2706 1796 2740 1855 1
2756 1843 2770 1857 .

840 1888 910 1958 3.
965 1897 1201 1957 Charis,
1233 1897 1276 1956 I
1297 1915 1365 1974 p.
1398 1897 1529 1957 146
1561 1897 1637 1956 K.
1688 1892 2194 1975 ‘Vectigaliorum'
2234 1894 2441 1956 Cicero
2480 1894 2556 1955 ad
2580 1894 2875 1973 Atticum3
2909 1899 2970 1952 at

661 1994 819 2053 enim
867 1995 929 2053 in
967 1995 1194 2055 ratione
1234 1993 1616 2055 consiliorum
1656 2011 1920 2073 suorum,
1967 1992 2074 2053 sed
2110 2001 2173 2054 et
2210 1992 2282 2053 de
2320 1992 2450 2072 lege
2486 1993 2715 2072 agraria
2754 1986 2967 2051 ‘uecti-

659 2088 923 2169 galium’.

838 2183 907 2252 4.
956 2193 1278 2266 Λαμπετίη.
1309 2198 1528 2252 contra
1559 2191 1672 2251 Iul.
1705 2192 1911 2265 Pelay.
1937 2182 1992 2249 V
2011 2191 2070 2265 5,
2098 2190 2188 2249 23
2208 2190 2541 2265 (MiqneX
2563 2190 2601 2248 1
2630 2206 2683 2249 c.
2706 2188 2965 2263 797qu
2992 2211 3039 2255 1⁵

658 2287 848 2348 Aures
895 2306 1130 2367 quoque
1176 2287 1434 2349 hominis
1472 2307 1589 2367 quo
1639 2287 1811 2348 modo
1860 2289 1917 2347 ei
1962 2286 2252 2348 subderes
2299 2288 2585 2347 inuenisti
2622 2293 2683 2346 et
2716 2286 2965 2345 erexisti

659 2388 788 2446 eius
828 2384 1316 2463 [pulcherrimae
1345 2384 1645 2464 famulae]
1686 2387 2163 2447 uetustissimum
2202 2383 2443 2465 quidem
2484 2384 2587 2445 sed
2626 2382 2807 2464 plane
2845 2382 2966 2463 glo-

659 2485 1056 2545 riosissimum
1101 2482 1367 2564 titulum,
1414 2501 1910 2561 commemorem,
1958 2481 2117 2561 quod
2162 2485 2227 2543 in
2274 2484 2639 2562 expositione
2686 2481 2967 2542 consilio·

659 2600 792 2642 rum
839 2600 1083 2644 suorum
1122 2580 1353 2643 Tullius
1399 2584 1614 2661 posuit,
1661 2583 1799 2661 quia
1838 2599 1974 2643 cum
2010 2579 2303 2642 uinolenti
2340 2579 2751 2665 adolescentes
2796 2578 2966 2641 tibia-

658 2698 791 2740 rum
832 2682 1010 2742 etiam
1049 2686 1246 2759 cantu,
1282 2688 1354 2741 ut
1378 2680 1460 2760 fit,
1499 2682 1786 2760 instincti,
1823 2679 2096 2741 mulieris
2122 2678 2376 2759 pudicae
2414 2679 2574 2739 fores
2603 2678 2967 2757 frangerent,
2992 2704 3041 2743 ιο

659 2778 1038 2839 admonuisse
1093 2777 1424 2859 tibicinam,
1485 2786 1553 2839 ut
1607 2776 1939 2858 spondeum
1995 2785 2263 2857 caneret,
2318 2776 2677 2857 Pythagoras
2722 2775 2967 2854 dicitur,

659 2875 815 2955 quod
863 2896 998 2938 cum
1045 2875 1144 2937 illa
1192 2876 1460 2956 fecisset,
1511 2875 1787 2937 tarditate
1832 2875 2147 2937 modorum
2195 2883 2255 2935 et
2299 2877 2590 2953 grauitate
2637 2882 2854 2935 cantus
2900 2874 2967 2933 il·

658 2973 850 3035 lorum
897 2975 1192 3036 furentem
1237 2973 1625 3054 petulantiam
1672 2973 1985 3035 resedisse.

837 3172 895 3227 1.
928 3172 1011 3241 Of.
1041 3180 1418 3243 armamentum
1446 3174 1565 3227 eius
1589 3173 1862 3227 motionis
1889 3176 1965 3241 (a.
1990 3172 2216 3243 64s690)
2244 3172 2464 3227 habitae
2482 3188 2543 3241 p.
2561 3174 2662 3227 74:
2697 3170 2965 3226 Coiersnt

657 3242 807 3297 enim
827 3242 1038 3315 <ambo
1056 3244 1094 3315 [
1091 3244 1129 3298 i.
1145 3262 1188 3299 e.
1207 3244 1453 3300 Catilina
1471 3245 1851 3315 &Antonin-s]
1868 3243 1976 3317 ut>
1998 3242 2319 3299 Ciceronem
2338 3241 2635 3297 consulatu
2656 3240 2964 3310 deicerent,

658 3312 1012 3370 adiutoribus
1059 3315 1148 3370 usi
1193 3314 1526 3369 firmissimis
1563 3316 1637 3371 M.
1670 3314 1869 3370 Crasso
1916 3318 1975 3369 et
2019 3312 2077 3370 C.
2106 3314 2360 3370 Caesare.
2430 3314 2552 3369 Via.
2592 3313 2967 3381 Lidttenseldt

657 3388 746 3442 De
774 3388 974 3442 Ascon.
1007 3388 1144 3455 font.
1177 3404 1237 3456 p.
1265 3390 1356 3441 21.

836 3456 897 3513 4.
945 3459 1098 3513 Boet.
1138 3458 1204 3513 de
1239 3460 1366 3513 inst.
1405 3474 1540 3513 mus.
1579 3460 1620 3511 Ι
1650 3464 1682 3512 1
1710 3475 1766 3527 p.
1807 3462 1911 3513 184
1948 3458 2029 3513 ed.
2069 3458 2282 3513 Friedl.
2321 3456 2423 3512 Cui
2474 3456 2623 3511 enim
2676 3460 2771 3511 est
2821 3454 2965 3509 illud

662 3530 672 3539 '
759 3532 932 3598 otum,
969 3528 1120 3598 quod
1149 3529 1502 3600 Pythagoras
1541 3528 1757 3583 ebrium
1796 3527 2217 3583 adulescentem
2252 3526 2795 3583 Tauromenitanum
2832 3526 2961 3581 sub·

655 3546 886 3671 fflrygfl
928 3600 1082 3655 modi
1127 3617 1265 3656 sono
1309 3599 1610 3655 incitatum
1656 3599 1904 3669 spondeo
1950 3598 2272 3655 succinente
2317 3597 2631 3653 reddiderit
2674 3596 2963 3653 mitiorem

657 3675 718 3725 et
760 3671 848 3725 sui
894 3674 1242 3742 compotem?
1289 3688 1424 3725 nam
1471 3688 1598 3724 curn
1646 3674 1891 3725 scortum
1936 3670 1997 3723 in
2042 3669 2239 3725 riualis
2288 3668 2454 3726 domo
2504 3671 2655 3726 esset
2704 3668 2963 3723 clausum

659 3746 830 3811 atque
857 3742 958 3797 ille
985 3742 1176 3797 furens
1205 3744 1434 3797 domum
1460 3742 1639 3797 uellet
1665 3743 1977 3810 amburere,
2015 3758 2253 3811 eumque
2281 3740 2635 3811 Pythagoras
2664 3740 2961 3795 stellarum

660 3832 870 3883 cursus,
907 3818 974 3868 ut
1001 3814 1055 3869 ei
1081 3831 1219 3883 mos,
1255 3818 1561 3869 nocturnus
1589 3812 1911 3884 inspiceret,
1939 3813 2038 3867 ubi
2066 3810 2349 3868 intellexit
2376 3829 2514 3868 sono
2538 3811 2780 3883 Phrygii
2809 3812 2961 3867 modi

845 4013 868 4077 1
881 4060 906 4099 ,
955 4020 1012 4078 5.
1060 4020 1116 4078 ei
1162 4020 1320 4079 enim
1369 4020 1685 4079 Buecheler
1955 4020 2011 4077 8.
2060 4012 2216 4097 eius]
2264 4035 2439 4077 sexus
2484 4034 2687 4092 apoqr.
2734 4018 2958 4079 Sozam.

659 4102 865 4187 Cotta]
913 4112 1082 4168 cocta
1125 4108 1388 4183 Sanqall.
1575 4110 1674 4167 10.
1720 4109 1989 4184 pisonem
2034 4126 2128 4182 ap.
2164 4106 2291 4167 Soz.
2383 4167 2411 4193 ο

837 4190 906 4277 3,
961 4201 1056 4256 12.
1109 4200 1206 4258 13.
1255 4201 1343 4257 ait
1389 4200 1546 4257 enim
1591 4197 1911 4257 Fabricius

837 4279 910 4365 4,
963 4289 1060 4345 22.
1108 4288 1376 4348 canentis
1423 4286 1706 4346 Boethius
1950 4288 2051 4346 23.
2098 4286 2431 4345 consedisse
2479 4284 2763 4345 Boethius

3156 4622 3191 4995 -nun--L-——mv
3189 4528 3191 4597 .-,,
3189 4456 3191 4483 ..
3189 4234 3192 4261 -.
3189 4116 3192 4125 -
