3234 5034
840 339 1243 398 RVBELLIVS
1279 339 1619 400 BLANDVS
1658 376 1721 385 —
1762 339 2048 400 VALENS
2464 340 2586 406 161

1009 509 1460 585 RVBELLII
1515 510 1779 585 BLAN
1780 509 1882 584 DI

1224 669 1665 734 HISTORIAE

473 808 538 879 l.
587 816 763 877 Seru.
793 811 1012 877 ancias
1050 819 1137 878 ad
1175 816 1349 894 Very.
1373 834 1586 894 yeorq.
1626 816 1671 877 Ῑ
1698 815 1830 876 103
1884 813 2037 876 Sane
2077 813 2383 877 Rubellius
2419 813 2591 877 Blan-

298 913 406 975 dus
469 922 530 974 et
576 913 1000 993 Quadrigarius
1055 914 1326 976 historici
1385 914 1590 975 dicunt
1636 913 1961 992 Gargarum
2008 913 2231 976 flumen
2276 916 2481 975 uocari
2526 916 2590 974 in
2638 913 2705 968 fr.
2734 921 2801 968 91

297 1010 514 1072 finibus
568 1010 876 1094 Thurinis3
933 1012 1117 1073 fuisse
1177 1021 1235 1074 et
1288 1011 1571 1094 oppidum
1618 1011 1945 1092 mediocre,
1992 1012 2148 1092 quod
2196 1011 2385 1092 Garga
2430 1032 2590 1073 nunc

294 1111 466 1171 uicus
526 1118 642 1188 est,
699 1127 876 1189 quem
933 1110 1118 1172 Troes
1175 1110 1414 1186 obscuri
1479 1119 1717 1172 centum
1784 1111 2211 1190 quinquaginta
2270 1113 2471 1189 ignoto
2532 1119 2592 1170 et

244 1230 267 1270 ε.
292 1209 522 1269 incerto
569 1207 719 1269 duce
765 1207 1133 1288 insederunt,
1180 1209 1411 1270 scilicet
1454 1211 1692 1270 nomine
1732 1228 1765 1270 a
1800 1211 2029 1270 uertice
2066 1207 2241 1270 Idaeo
2288 1207 2590 1288 translato,

293 1326 326 1366 a
371 1325 491 1386 quo
539 1307 750 1368 ciuitas
800 1308 978 1369 etiam
1023 1308 1085 1368 in
1133 1306 1354 1368 finibus
1399 1307 1631 1368 Troicis
1677 1306 1935 1386 Gargara
1980 1307 2326 1387 appellatur.

1068 1555 1442 1630 AEMILII
1498 1555 1811 1630 SVRAE

892 1719 997 1779 DE
1043 1717 1292 1779 ANNIS
1337 1718 1634 1779 POPVLI
1679 1719 1998 1781 ROMANI

471 1853 537 1923 l.
590 1861 768 1922 Vetus
800 1863 983 1938 ylo-rs.
1018 1863 1106 1924 ad
1144 1862 1283 1923 Vell.
1314 1863 1357 1923 Ι
1385 1863 1446 1938 6,
1475 1863 1519 1922 6
1562 1860 1848 1923 Aemilius
1879 1862 2027 1923 Sura
2068 1861 2140 1922 de
2177 1862 2349 1923 annis
2385 1860 2589 1942 populi

291 1956 571 2020 Romani:
637 1960 863 2040 Assyrii
915 1961 1218 2040 principes
1273 1960 1537 2020 omnium
1594 1962 1863 2039 gentium
1930 1978 2133 2021 rerum
2196 1961 2366 2040 potiti
2433 1967 2590 2036 sunt,

294 2055 508 2118 deinde
581 2055 765 2138 Medi,
837 2065 1042 2138 postea
1113 2057 1356 2138 Persae,
1432 2056 1647 2118 deinde
1710 2057 2085 2141 Macedones3
2160 2057 2372 2120 exinde
2448 2057 2589 2118 duo·

222 2178 268 2218 ιο
291 2152 402 2216 bus
471 2153 714 2234 regibus
778 2153 1047 2236 Philippo
1114 2163 1173 2217 et
1235 2155 1539 2236 Antioche,
1604 2157 1708 2235 qui
1773 2176 1806 2218 a
1870 2155 2288 2219 Macedonibus
2353 2157 2590 2218 oriundi

291 2259 488 2331 erant,
545 2251 702 2315 haud
756 2252 941 2314 multo
1000 2262 1136 2335 post
1191 2253 1606 2333 Carthaginem
1671 2253 1975 2316 subactam
2042 2253 2293 2316 deuictis
2360 2273 2589 2316 summa

292 2351 530 2430 imperii
593 2349 668 2412 ad
722 2351 1008 2432 populum
1070 2352 1400 2426 Romanum
1463 2353 1759 2432 peruenit.
1842 2354 2001 2415 inter
2061 2353 2174 2413 hoc
2240 2361 2474 2434 tempus
2531 2361 2591 2413 et

292 2449 529 2509 initium
597 2451 754 2528 regis
811 2448 950 2511 Nini
1003 2451 1406 2531 Assyriorum,
1462 2452 1566 2530 qui
1619 2451 1899 2532 princeps
1955 2468 2158 2513 rerum
2214 2453 2437 2531 potitus
2484 2461 2589 2526 ese,

291 2547 593 2608 intersunt
638 2550 778 2608 anni
825 2561 1264 2610 unccccxcv.

1199 2796 1680 2872 VALENTIS

1033 2958 1416 3021 HISTORIA
1464 2959 1850 3022 CAESARIS

220 3141 264 3181 15
474 3093 542 3163 l.
589 3102 805 3163 Ioann.
837 3101 986 3180 Lyd.
1017 3102 1092 3163 de
1128 3120 1308 3164 mens,
1339 3102 1492 3163 IIII
1519 3103 1649 3163 102
1673 3121 1740 3180 p.
1773 3103 1901 3163 142
1940 3102 2022 3162 W.
2082 3097 2346 3181 Οὐάλης
2384 3096 2477 3182 δέ,
2516 3096 2588 3174 ὃς

289 3192 398 3258 καὶ
463 3194 663 3271 αὐτὸς
724 3196 804 3260 τὰ
868 3197 1205 3281 Καίσαρος
1266 3193 1543 3282 ἔγραψε,
1609 3195 1819 3283 φησὶν
1874 3199 2149 3282 ἄριστον
2203 3196 2325 3280 μὲν
2382 3195 2587 3260 αὐτὸν

289 3290 398 3356 καὶ
445 3291 995 3377 πρεπωδέστατον
1031 3293 1106 3358 ἐν
1139 3293 1409 3378 μεγέθει
1447 3293 1783 3378 γενέσθαι,
1820 3293 1915 3360 ἔτι
1962 3297 2093 3378 μὴν
2138 3293 2248 3360 καὶ
2294 3295 2588 3377 κομήτην

291 3389 442 3477 (τὴν
479 3387 554 3455 δὲ
588 3393 802 3476 κόμην
835 3394 1126 3477 πατρίως
1163 3393 1234 3457 οἱ
1263 3389 1565 3477 Ῥωμαῖοι
1601 3395 1945 3478 καισᾶριεν
1980 3390 2585 3478 προσαγορεύουσι)

288 3491 404 3554 καί
447 3505 654 3574 φησιν
701 3489 790 3566 ὡς
835 3489 946 3555 διὰ
992 3493 1068 3557 τὸ
1115 3490 1181 3568 ἐξ
1219 3492 1421 3575 αὐτῆς
1457 3491 1700 3568 κάλλος
1736 3495 1998 3578 Καῖσαρ
2035 3491 2584 3576 προσηγορεύετο.

471 3683 540 3770 l,
584 3693 640 3750 3.
677 3693 860 3752 fuisse
900 3695 961 3751 et
992 3693 1160 3753 Thilo
1205 3694 1416 3753 fuisset
1443 3694 1685 3754 Lemou.
1735 3693 1811 3753 ad
1846 3693 2001 3753 illud
2038 3695 2219 3753 fuisse
2248 3693 2587 3753 Masuicius

291 3785 346 3840 4.
394 3780 557 3858 quod
602 3785 888 3856 exspectat
934 3782 1102 3842 Thilo
1285 3783 1340 3842 5.
1387 3783 1522 3843 ideo
1559 3784 1801 3844 Lemou.

473 3864 540 3950 l,
575 3875 608 3930 7
639 3889 766 3948 sqq.
805 3871 974 3931 Haec
999 3872 1198 3941 uerba,
1227 3889 1380 3946 quae
1405 3875 1472 3932 in
1499 3877 1761 3933 contextu
1789 3873 1874 3933 ed.
1903 3875 2197 3946 principis
2230 3873 2516 3946 leytmtur,
2547 3889 2586 3930 a

288 3964 420 4021 uiro
469 3959 629 4020 docto
683 3961 936 4034 quodam
983 3961 1188 4020 addita
1239 3979 1358 4022 esse
1413 3963 1566 4022 uidit
1609 3963 1676 4021 P.
1716 3963 2034 4022 Delbenius
2070 3962 2585 4036 probaueruntqne

291 4052 548 4110 editores.
735 4051 834 4109 13.
883 4050 1020 4110 Nisi
1066 4051 1152 4110 ed.
1188 4069 1279 4124 pr.
1461 4054 1552 4111 est
1589 4052 1725 4111 add.
1757 4052 2087 4112 Mommsen

1203 4281 1679 4288 ’.ξ-Ἥ

397 4465 520 4506 Hm.
547 4463 678 4504 Rom.
705 4463 787 4504 rel.
814 4463 888 4514 11,
917 4461 986 4502 od.
1015 4462 1196 4503 Peter.
2092 4451 2153 4498 ll
