3234 5034
634 355 945 408 cxxxxvl
1132 353 1231 413 DE
1268 353 1730 414 senmonvu
1767 353 1956 414 VITIS
1990 354 2086 414 m·
2123 353 2438 416 scalpris

632 528 721 588 eis
766 527 973 606 fuisse,
1017 545 1273 606 cumque
1318 529 1382 588 in
1428 530 1517 589 eis
1562 527 1758 590 trihus
1795 527 2064 607 ducibuS,
2111 531 2215 608 qui
2252 527 2406 608 apud
2443 528 2760 608 Iosephum
2796 529 2932 590 Tito

630 623 1125 705 assentiebantur,
1178 628 1471 687 Antonius
1515 626 1780 688 lulianus
1821 645 1943 688 non
1987 629 2344 708 nominetur,
2399 645 2652 707 eumque
2701 630 2931 689 seueri-

630 731 815 784 tatem
852 731 979 785 tum
1016 726 1079 784 in
1117 724 1369 785 concilio
1406 727 1666 786 suasisse
1713 735 2015 804 sequatur,
2051 723 2304 786 eundem
2346 725 2417 786 de
2453 724 2686 787 Iudaeis
2723 735 2932 786 contra

628 821 947 902 losephum
994 825 1349 884 sententiam
1396 841 1565 884 suam
1610 827 1826 885 tuitum
1873 826 2006 885 ueri
2051 823 2246 886 simile
2292 831 2384 884 est
2428 834 2487 884 et
2533 843 2566 884 a
2611 824 2817 885 Tacito
2863 833 2933 886 ut

630 922 819 1000 magis
865 920 1145 982 idoneum
1192 930 1495 983 auctorem
1540 923 1604 981 in
1649 940 1824 983 usum
1873 920 1946 982 de
1991 921 2102 982 hac
2148 941 2214 982 re
2259 930 2534 984 uocatum
2572 940 2706 984 esse
2745 924 2928 996 (Ber-

628 1037 787 1096 nays
829 1022 867 1080 l.
903 1037 951 1080 s.
976 1039 1045 1096 p.
1078 1020 1209 1082 173
1224 1039 1313 1097 sq.
1366 1021 1725 1082 Gutschmid
1768 1021 1874 1098 Op.
1905 1022 2006 1081 IV
2020 1039 2089 1098 p.
2119 1021 2400 1097 345sq.).

1218 1359 1299 1444 Q.
1346 1357 1808 1433 ASOONIVS
1863 1359 2348 1433 PEDIANVS

806 1519 915 1581 Hic
962 1528 1171 1581 auctor
1207 1521 1567 1581 curiositatis
1607 1519 2096 1600 diligentissimae
2142 1541 2174 1580 a
2213 1521 2496 1583 Suetonio
2543 1523 2604 1581 in
2652 1520 2805 1582 libro
2855 1521 2928 1582 de

630 1616 934 1679 historicis
980 1618 1183 1680 latinis
1230 1620 1391 1679 inter
1426 1618 1822 1680 Fenestellam
1869 1627 1930 1679 et
1974 1618 2232 1681 Plinium
2269 1621 2552 1680 maiorem
2594 1622 2930 1681 recensitus

630 1725 773 1797 erat,
839 1715 911 1777 ab
975 1715 1337 1797 Hieronymo
1412 1715 1485 1777 ad
1542 1736 1592 1778 a.
1641 1713 1814 1778 2091
1863 1716 2002 1778 Abr.
2041 1747 2108 1766 =
2161 1712 2417 1784 761829
2480 1737 2536 1797 p.
2597 1713 2726 1780 159
2791 1717 2928 1778 Scb.

634 1815 701 1887 Q.
764 1816 1069 1877 Asconius
1128 1817 1439 1877 Pedianus
1496 1817 1766 1877 scribtor
1823 1817 2153 1878 historicus
2214 1819 2422 1877 clarus
2474 1818 2755 1896 habetur,
2823 1821 2932 1892 qui

627 1913 926 1975 LXXIII
962 1919 1185 1975 aetatis
1240 1933 1393 1976 suae
1447 1932 1614 1975 anno
1671 1921 1888 1991 captus
1939 1917 2267 1976 luminibus
2311 1915 2456 1975 XII
2478 1923 2699 1992 postea
2747 1920 2930 1976 annis

626 2017 691 2073 in
754 2030 984 2074 summo
1048 2017 1312 2074 omnium
1376 2015 1607 2074 honore
1672 2019 2065 2074 consenescit.
2177 2013 2287 2073 fuit
2363 2031 2508 2074 uere
2587 2012 2928 2092 historicus,

626 2110 814 2171 multo
860 2113 1049 2190 magis
1096 2130 1271 2191 quam
1310 2113 1413 2191 qui
1460 2110 1635 2172 modo
1673 2113 1909 2172 tractati
1947 2117 2090 2172 sunt
2124 2114 2688 2173 commentariorum
2737 2113 2926 2191 scrip-

626 2217 788 2271 tores
835 2217 1010 2289 atque
1058 2208 1395 2289 religiosius
1444 2228 1619 2289 quam
1659 2207 2021 2270 Graecorum
2057 2208 2359 2289 DidymuS,
2403 2227 2651 2289 eamque
2689 2208 2928 2271 laudem

626 2315 871 2388 propter
898 2310 1357 2369 commentarios
1386 2310 1722 2369 orationum
1751 2307 2077 2386 Ciceronis,
2105 2327 2254 2388 quos
2284 2327 2333 2368 a.
2355 2302 2833 2388 54s807——57s8
2847 2305 2927 2368 10

628 2404 701 2465 ad
738 2405 891 2466 filios
927 2408 1110 2485 misit,
1148 2408 1279 2468 iure
1317 2405 1565 2486 obtinet,
1602 2406 1820 2486 quibus
1859 2409 2006 2467 scite
2045 2405 2354 2467 Ciceronis
2391 2423 2627 2466 errores
2663 2408 2926 2467 oratorio

626 2521 792 2564 more
840 2507 1190 2566 commissos
1237 2504 1309 2566 ad
1355 2504 1710 2566 historicum
1752 2512 1994 2565 reuocat
2032 2506 2126 2579 (in
2167 2505 2367 2567 Pison.
2393 2524 2462 2582 p.
2493 2505 2576 2563 11
2617 2506 2928 2585 K.-Scn.);

626 2601 825 2663 locum
872 2611 1069 2664 tamen
1106 2605 1169 2664 in
1205 2603 1317 2664 hac
1356 2601 1708 2664 collectione
1743 2605 1868 2664 uita
1908 2602 2173 2664 Sallustii
2211 2605 2268 2663 ei
2306 2601 2532 2682 tribuit,
2579 2605 2694 2664 etsi
2733 2617 2926 2664 unum

626 2701 757 2761 eius
804 2700 1201 2780 fragmentum
1251 2701 1430 2764 dubia
1475 2699 1990 2763 Pseudo-Acronis
2035 2703 2385 2762 auctoritate
2433 2701 2662 2762 nititur.
2679 2695 2730 2786 ¹)

1214 3003 1287 3078 O.
1334 3004 1719 3079 PLINIVS
1776 2998 2339 3091 SECVNDVS&

802 3165 888 3226 De
932 3167 1057 3227 uita
1106 3165 1407 3245 disputare
1454 3183 1575 3227 non
1624 3173 1715 3226 est
1759 3165 1940 3228 huius
1986 3165 2142 3228 libri.
2217 3183 2504 3247 apponam
2554 3166 2934 3244 Suetonium,

626 3265 730 3343 qui
796 3281 934 3324 eum
998 3265 1159 3326 inter
1221 3263 1541 3325 historicos
1599 3267 2002 3326 enumerauit:
2065 3264 2137 3325 de
2193 3267 2307 3326 uir.
2365 3263 2447 3325 ill.
2493 3283 2550 3344 p.
2589 3260 2676 3326 92
2697 3283 2784 3344 sq.
2829 3263 2932 3324 Rs.

627 3362 866 3423 Plinius
928 3362 1248 3424 Secundus
1322 3365 1794 3425 Nouocomensis
1865 3365 2244 3439 equestribus
2315 3366 2548 3426 militiis
2621 3366 2938 3424 industrie

618 3459 873 3537 functus
896 3465 1377 3538 procurationes
1412 3479 1652 3537 quoque
1687 3463 2204 3538 splendidissimas
2240 3470 2300 3523 et
2335 3465 2658 3523 continuas
2691 3479 2938 3522 summa

806 3658 853 3712 1)
893 3649 1150 3704 Ceterum
1177 3669 1229 3704 u.
1253 3649 1451 3705 Gesch.
1472 3650 1606 3705 Litt.
1636 3651 1663 3704 1
1690 3669 1745 3720 p.
1770 3656 1873 3706 114
1893 3669 2012 3721 sqq.
2070 3650 2297 3721 Prosop.
2327 3649 2458 3720 imp.
2488 3649 2649 3704 Rom.
2681 3651 2706 3704 Ι
2740 3668 2794 3719 p.
2819 3657 2937 3706 158

622 3747 677 3784 n.
710 3735 828 3784 994.
894 3729 1389 3800 Pauly-wissowa
1416 3729 1679 3786 Realenc.
1709 3731 1762 3785 H
1798 3749 1852 3801 p.
1886 3737 2038 3786 1524.

803 3813 856 3881 2)
893 3811 1057 3865 Nunc
1104 3810 1391 3865 difficilem
1437 3812 1508 3866 de
1544 3811 1733 3866 Taciti
1778 3811 2103 3866 auctoribus
2149 3812 2538 3880 quaestionem
2597 3810 2937 3882 aggredi013

624 3889 818 3959 itaque
874 3891 1047 3946 semel
1102 3891 1403 3962 scriptores
1456 3890 1808 3962 praecipuos,
1865 3891 1964 3960 qui
2019 3909 2144 3947 eam
2191 3894 2596 3961 tractauerunt,
2654 3891 2937 3960 adposui:

623 3971 683 4025 F.
713 3971 903 4026 Hirzel
960 3972 1309 4042 Comparatio
1365 3989 1575 4040 eorum,
1625 3991 1765 4043 quae
1809 3974 1876 4028 de
1922 3975 2342 4044 imperatoribus
2389 3973 2570 4028 Galba
2619 3979 2669 4028 et
2720 3973 2940 4028 Othone

622 4052 799 4106 relata
836 4053 1061 4124 leyimue
1097 4054 1249 4122 apud
1292 4054 1561 4122 Tacibmn,
1598 4055 1978 4121 Plutarchum,
2017 4055 2354 4123 Suetonium,
2390 4055 2630 4109 Dionem
2671 4053 2940 4109 Cassium

624 4133 899 4199 instincta,
925 4131 1117 4204 Progr.
1139 4132 1348 4205 Sbuttg.
1374 4139 1526 4188 1851.
1584 4133 1686 4190 Th.
1707 4133 2079 4190 Wiedemann
2112 4135 2202 4190 De
2235 4135 2442 4200 Tacite,
2469 4133 2746 4200 Suetonio,
2786 4134 2938 4190 Plu-

624 4213 827 4280 tarcho,
868 4214 1055 4268 Cassio
1091 4213 1306 4280 Dione,
1350 4216 1708 4284 scriptoribus
1753 4217 1881 4284 imp.
1929 4215 2138 4270 Galbae
2175 4221 2224 4270 et
2266 4215 2505 4270 Othonis.
2562 4212 2708 4268 Diss.
2739 4213 2939 4270 Berol.

627 4297 780 4347 1857.
846 4291 912 4346 Η.
944 4292 1109 4348 Peter
1155 4294 1265 4348 Die
1307 4295 1529 4366 Quellen
1568 4295 1862 4350 Plutarchs
1899 4297 1961 4350 in
1999 4295 2105 4349 den
2142 4295 2550 4367 Bioyraphieen
2587 4293 2686 4348 der
2721 4294 2942 4350 Romet-

622 4376 806 4445 (1865)
842 4391 896 4444 p.
937 4379 1005 4428 28
1026 4391 1145 4442 sqq.
1212 4373 1521 4429 Mommsen
1581 4375 1637 4430 G.
1691 4375 1912 4431 Tacitus
1966 4393 2020 4430 u.
2075 4375 2303 4432 Cluvius
2357 4375 2573 4443 Rufus,
2628 4371 2818 4430 Herm.
2849 4373 2934 4430 lv
