3234 5034
1023 337 1079 393 C.
1110 337 1421 392 LICINIVS
1462 333 1835 390 MVCIANVS
2320 357 2454 404 cxx
2461 357 2582 405 χχι

458 507 721 568 Litteras
760 513 955 568 autem
994 523 1129 568 eum
1167 505 1423 567 coluisse
1468 503 1632 567 solus
1668 504 1907 567 Tacitus
1953 507 2014 565 in
2065 504 2294 584 dialogo
2330 511 2585 566 testatur

294 609 369 682 (e.
402 607 547 680 37):
596 607 821 668 Nescio
868 623 949 666 an
997 609 1281 666 uenerint
1326 609 1391 666 in
1436 621 1654 666 manus
1689 612 1928 666 uestras
1963 605 2120 666 haec
2157 611 2389 680 uetera,
2427 621 2584 678 quae

292 713 347 768 et
386 709 449 766 in
498 706 997 780 antiquariorum
1044 704 1421 765 bibliothecis
1474 704 1684 763 adhue
1737 710 1983 764 manent
2035 709 2094 764 et
2139 720 2278 764 eum
2319 705 2586 763 maxime

292 821 329 864 a
366 802 662 864 Muciano
711 803 1181 878 contrahuntur,
1237 819 1315 862 ac
1358 804 1482 862 iam
1528 803 1826 875 undecim,
1887 809 1954 862 ut
1999 805 2232 878 opinor,
2293 803 2586 861 Actorum

292 903 459 962 libris
518 909 579 962 et
638 903 837 962 tribus
896 902 1314 977 Epistularum
1375 903 1705 977 composita
1765 907 1824 960 et
1881 901 2048 961 edita
2103 906 2262 960 sunt.
2354 917 2434 959 ex
2490 899 2586 959 his

292 1003 557 1076 intelleqi
596 1007 803 1076 potest
867 999 969 1060 Cn.
1018 999 1367 1075 Pompeium
1413 1005 1471 1058 et
1502 997 1583 1058 M.
1623 998 1906 1058 Crassum
1952 1015 2073 1059 non
2122 999 2360 1058 uiribus
2407 999 2586 1060 modo

293 1107 348 1159 et
391 1101 585 1159 armis
634 1099 748 1158 sed
804 1100 1049 1173 inqenio
1109 1113 1345 1173 quoque
1404 1104 1463 1157 et
1517 1099 1800 1158 oratione
1853 1099 2136 1174 ualuisse,
2197 1096 2484 1158 Lentulos
2529 1101 2587 1156 et

294 1197 565 1258 Metellos
618 1205 677 1258 et
724 1195 1009 1256 Lucullos
1063 1203 1121 1256 et
1186 1195 1477 1256 Curiones
1530 1201 1591 1255 et
1646 1203 1911 1256 ceteram
1954 1211 2288 1270 procerum
2341 1211 2586 1255 manum

292 1298 539 1356 multum
586 1298 649 1356 in
697 1296 792 1355 his
836 1296 1057 1356 studiis
1101 1310 1325 1370 operae
1372 1309 1682 1368 curaeque
1711 1296 2016 1369 posuisse,
2071 1311 2185 1354 nec
2231 1309 2587 1368 quemquam

294 1396 411 1454 illis
458 1394 829 1470 temporibus
882 1395 1167 1468 maqnam
1211 1395 1553 1468 potentiam
1606 1393 1742 1452 sine
1797 1393 2008 1466 aliqua
2055 1393 2400 1466 eloquentia
2447 1407 2588 1452 con·

293 1499 581 1552 secutum.
647 1508 765 1569 quo
810 1487 1053 1569 quidem
1100 1506 1297 1569 opere,
1344 1489 1515 1550 cuius
1562 1507 1610 1549 a.
1653 1483 1888 1554 75l828
1935 1487 2212 1550 undecim
2259 1487 2396 1548 libri
2445 1487 2590 1550 editi

298 1597 479 1668 erant,
520 1588 620 1649 alii
658 1587 1170 1667 exspectabantur,
1200 1589 1329 1650 siue
1368 1605 1475 1648 suo
1512 1589 1644 1666 ipse
1679 1588 1922 1665 ingenio
1959 1585 2205 1648 indulsit
2241 1588 2372 1648 siue
2409 1588 2586 1648 etiam

298 1686 635 1766 Vespasiani
680 1685 973 1748 uoluntati
1019 1693 1145 1747 tum
1194 1685 1547 1746 documenta
1603 1684 1876 1765 Capitolii
1923 1704 1972 1746 a.
2009 1680 2264 1766 69s822
2311 1684 2588 1746 incendio

297 1785 587 1846 combusti
654 1786 1023 1846 restituentis
1089 1785 1336 1859 (Gesclt.
1375 1784 1517 1845 Litt.
1557 1784 1601 1844 I
1625 1803 1694 1861 p.
1732 1784 1864 1843 253
1889 1786 2035 1860 sq.),
2099 1785 2258 1845 inter
2321 1785 2588 1844 curiosos

297 1891 455 1944 certe
502 1891 562 1944 et
608 1884 973 1962 antiquarios
1032 1899 1168 1944 eum
1224 1881 1491 1944 habitum
1548 1898 1682 1942 esse
1730 1888 1960 1942 constat
2017 1873 2162 1964 (quo
2209 1901 2346 1943 cum
2393 1881 2588 1942 studio

296 2000 411 2043 non
458 1981 759 2061 discrepat
802 1979 961 2060 quod
1018 1999 1087 2042 eo
1144 1987 1383 2042 auctore
1428 1980 1823 2059 Vespasianus
1877 1978 2258 2060 philosophos
2315 1997 2384 2040 ex
2440 1979 2590 2041 urbe

297 2080 533 2160 expulit,
580 2081 700 2141 Dio
747 2081 850 2155 66,
889 2073 1004 2164 13)
1052 2096 1182 2158 nec,
1238 2097 1371 2140 cum
1428 2079 1609 2140 nimia
1658 2097 1761 2139 sua
1811 2078 2024 2142 fiducia
2069 2079 2446 2157 imperatoris
2493 2097 2590 2140 oc-

300 2177 511 2240 cultam
542 2177 901 2240 simultatem
938 2178 1228 2240 mouisset
1264 2178 1456 2252 (Suet.
1504 2178 1668 2256 Vesp.
1701 2177 1834 2255 13),
1871 2178 1992 2238 otio
2031 2178 2296 2238 caruisse
2332 2175 2589 2256 uidetur,

300 2275 479 2356 quod,
534 2285 603 2338 ut
632 2294 895 2356 asemper
940 2286 1067 2338 erat
1111 2277 1316 2337 uarius
1326 2323 1343 2354 ,
1400 2283 1570 2336 antea
1627 2277 1690 2336 in
1745 2277 1946 2336 nimiis
2001 2275 2406 2356 uoluptatibus
2451 2294 2590 2336 con-

302 2383 635 2454 sumpserat
684 2375 861 2449 (Tac.
900 2374 969 2453 1,
1024 2375 1159 2452 to),
1220 2381 1345 2434 tum
1394 2372 1466 2435 ad
1512 2372 1740 2434 litteras
1796 2372 2196 2435 conuertebat.
2269 2375 2386 2435 iam
2445 2392 2592 2436 uero

302 2473 547 2534 aliorum
594 2473 841 2552 gloriam
887 2471 1089 2534 inuide
1138 2471 1568 2551 aemulabatur,
1633 2473 1886 2534 maxime
1933 2489 2166 2551 eorum,
2225 2475 2324 2552 qui
2373 2474 2592 2534 uicinis

302 2573 625 2652 prouinciis
651 2572 974 2651 praepositi
1010 2579 1213 2632 essent
1249 2571 1424 2645 (Tae.
1452 2572 1510 2632 h.
1541 2571 1622 2631 II
1640 2571 1699 2631 5.
1731 2570 1810 2648 cf.
1839 2571 1954 2631 III
1973 2571 2076 2631 53.
2110 2571 2271 2633 Suet.
2306 2572 2474 2648 Vesp.
2503 2573 2592 2645 6).

300 2671 495 2750 itaque
542 2671 761 2731 mirum
808 2676 986 2749 esset,
1044 2671 1097 2730 si
1144 2687 1280 2749 non,
1338 2677 1403 2730 ut
1450 2669 1553 2729 Cn.
1600 2668 1922 2730 Domitium
1970 2667 2364 2730 Corbulonem
2420 2668 2594 2732 laude

302 2789 403 2852 sua
466 2776 774 2848 aequaret,
837 2767 997 2829 idem
1073 2769 1529 2830 commentarios
1602 2769 2052 2848 composuisset.
2161 2767 2302 2828 hinc
2365 2767 2592 2828 Plinius

302 2885 503 2928 eorum
550 2869 789 2928 nomina
834 2869 897 2927 in
943 2865 1241 2927 indicibus
1290 2865 1575 2928 librorum
1623 2867 1670 2925 V
1717 2874 1777 2927 et
1824 2865 1893 2926 v1
1941 2867 2263 2944 coniunxit,
2312 2867 2414 2945 qui
2462 2868 2590 2946 qui-

304 2965 431 3028 dem
478 2964 831 3026 Corbulonis
878 2983 975 3026 res
1022 2963 1177 3026 bello
1223 2973 1419 3044 gestas
1464 2983 1583 3026 non
1629 2966 1828 3026 minus
1875 2967 2076 3026 tacuit.

474 3063 683 3125 Editos
728 3072 923 3124 autem
970 3064 1078 3125 hos
1126 3065 1582 3126 commentarios
1631 3081 1764 3124 esse
1812 3070 1946 3124 ante
1997 3057 2266 3144 77s'830‚
2315 3054 2592 3142 quoniam

302 3161 605 3224 Mucianus
668 3163 731 3223 in
796 3163 1043 3224 historia
1108 3162 1361 3224 naturali
1438 3169 1561 3224 tum
1626 3163 1886 3241 primum
1959 3160 2224 3222 absoluta
2297 3168 2365 3222 ut
2437 3162 2597 3222 inter

303 3269 563 3322 mortuos
610 3267 911 3340 tractatur,
958 3267 1189 3324 certum
1236 3269 1343 3339 est,
1380 3262 1581 3322 minus
1618 3259 1784 3340 illud,
1832 3258 1990 3340 quod
2035 3267 2172 3340 post
2216 3257 2454 3338 Lyciam
2493 3258 2592 3319 ad-

305 3361 693 3420 ministratam
751 3377 819 3420 eo
876 3368 1167 3439 tempore,
1222 3377 1339 3439 quo
1398 3358 1617 3420 Romae
1669 3358 1875 3438 procul
1933 3359 2186 3437 negotiis
2242 3356 2596 3419 uersabatur

306 3450 369 3540 (i.
406 3476 457 3518 e.
506 3465 641 3518 ante
688 3475 737 3519 a.
777 3451 1083 3542 67s820),
1130 3457 1335 3518 Brunn
1368 3477 1437 3535 p.
1475 3458 1565 3518 26
1586 3476 1672 3533 sq.
1719 3459 1942 3536 statuit,
2006 3457 2258 3517 maxime
2325 3474 2453 3516 eam
2520 3455 2594 3516 ob

306 3574 554 3636 causam,
601 3555 759 3636 quod
808 3573 904 3616 res
950 3576 983 3617 a
1028 3555 1297 3617 Muciano
1344 3554 1592 3617 traditae
1640 3557 1796 3617 intra
1843 3554 2001 3616 illam
2046 3555 2418 3635 prouinciam
2457 3573 2594 3614 con-

305 3655 637 3716 tinerentur
670 3673 864 3734 neque
900 3653 1020 3716 ulla
1058 3654 1130 3715 ad
1169 3654 1397 3734 Syriam
1428 3646 1705 3738 (excepto
1745 3655 1813 3714 fr.
1845 3647 1915 3737 8)
1955 3645 2354 3736 pertineret¹)
2415 3655 2595 3713 immo

306 3755 489 3831 magis
518 3752 590 3814 ad
618 3752 679 3813 id
717 3761 951 3832 tempus
988 3752 1227 3831 inclino,
1266 3772 1383 3832 quo
1423 3751 1533 3813 suh
1571 3752 1929 3832 Vespasiano
1967 3771 2000 3812 a
2037 3753 2162 3812 uita
2197 3750 2436 3830 publica
2471 3769 2594 3811 om-

305 3851 441 3912 nino
488 3869 553 3912 se
601 3860 938 3933 receperat;
986 3869 1121 3926 nam
1168 3850 1396 3912 Plinius
1443 3868 1577 3912 eum
1625 3869 1746 3912 non
1794 3849 1984 3912 solum
2031 3845 2384 3912 ‘ueteribus’
2433 3849 2503 3910 fr.
2550 3845 2595 3910 4

308 3954 363 4008 et
404 3943 445 4008 5
492 3951 769 4029 opposuit
814 3956 916 4010 aut
960 3945 1274 4030 ‘proxime’
1320 3948 1545 4010 uidisse
1584 3967 1700 4029 res,
1748 3967 1895 4028 quas
1944 3947 2378 4028 descripsisset,
2433 3946 2594 4008 addi-

310 4043 391 4106 dit
433 4047 541 4125 (fr.
567 4048 623 4108 7.
644 4047 759 4122 24)
799 4046 904 4108 sed
942 4049 1120 4108 etiam
1158 4044 1549 4126 ‘nuperrime’
1588 4065 1688 4108 eas
1725 4045 2060 4127 prodidisse
2099 4047 2208 4125 (fr.
2237 4046 2372 4122 23).
2439 4045 2596 4126 quod

309 4153 495 4205 autem
542 4153 663 4206 tam
712 4163 887 4225 saepe
926 4163 1060 4207 eum
1108 4154 1409 4207 auctorem
1456 4148 1634 4206 etiam
1674 4147 2020 4225 nominauit,
2049 4147 2239 4225 ipsius
2275 4145 2596 4205 memoriae

480 4355 531 4424 1)
568 4351 729 4406 Nihil
768 4353 909 4408 cert-i
946 4353 1095 4408 Oder
1130 4354 1277 4408 Pha.
1306 4353 1497 4424 Suppl.
1532 4355 1656 4410 VII
1677 4371 1736 4422 p.
1765 4357 1880 4410 292
1914 4353 2168 4422 protulit.
