3234 5034
447 447 552 526 E-

449 538 552 586 τοο

449 1604 554 1683 ἐδ-

451 1692 552 1741 709

589 302 676 366 68
1389 303 1448 358 C.
1479 302 1675 357 ASINI
1711 302 2090 357 POLLIONIS

772 463 881 532 2³¹².
931 471 1089 531 Plut.
1135 470 1304 531 Caes,
1342 471 1432 531 46
1478 464 1579 554 (a)
1650 466 1734 531 ‘0
1780 462 1855 532 δὲ
1902 469 2195 551 Καῖσαρ,
2249 466 2341 543 ὡς
2393 466 2469 533 ἐν
2521 476 2614 555 τῷ
2664 467 2897 552 χάρακι

589 572 712 629 τοῦ
768 566 1121 648 Πομπηίου
1181 566 1542 649 γενόμενος
1589 566 1763 646 [post
1803 586 2086 645 pugnam
2142 568 2559 647 Pharsaliam]
2616 566 2777 641 τούς
2828 588 2899 631 τε

588 660 935 745 κειμένους
978 664 1261 745 νεκροὺς
1305 663 1432 745 ἤδη
1480 674 1616 727 τῶν
1664 664 2003 745 πολεμίων
2047 657 2185 728 εἶδε
2226 664 2339 727 καὶ
2384 665 2541 740 τοὺς
2586 666 2681 729 ἔτι
2728 686 2899 728 κτει-

587 757 936 843 νομένους,
974 752 1158 825 εἶπεν
1194 761 1324 844 ἄρα
1360 758 1702 837 στενάξας·
1751 760 1770 789 ‘
1784 764 1999 826 Τοῦτο
2038 756 2527 845 ἐβουλήθησαν,
2565 762 2660 839 εἰς
2694 763 2899 827 τοῦτό

587 880 668 941 με
715 856 1006 941 ἀνάγκης
1048 857 1500 941 ὑπηγάγοντο,
1546 859 1660 923 ἴνα
1700 859 1902 934 Γάιος
1938 860 2203 944 Καῖσαρ
2242 859 2281 925 ὁ
2317 862 2671 943 μεγίστους
2706 858 2901 924 πολέ-
2960 882 2986 923 s

587 979 756 1037 μους
799 956 1254 1038 κατορθώσας,
1302 958 1362 1021 εἰ
1408 957 1801 1040 προηκάμην
1844 957 1927 1021 τὰ
1962 956 2439 1042 στρατεύματα,
2479 956 2607 1023 κᾶν
2642 959 2901 1023 κατεδι-

588 1054 898 1135 κάσθην’.
975 1053 1194 1118 Ταῦτά
1233 1071 1398 1139 φησι
1437 1057 1757 1120 Πολλίων
1790 1052 2118 1131 Ἀσίννιος
2152 1056 2235 1119 τὰ
2270 1054 2526 1139 ῥήματα
2555 1052 2903 1139 Ῥωμαϊστὶ

588 1152 714 1235 μὲν
785 1148 1342 1235 ἀναφθέγξασθαι
1415 1154 1536 1217 τὸν
1598 1154 1909 1236 Καίσαρα
1978 1154 2161 1237 παρὰ
2231 1154 2351 1217 τὸν
2422 1155 2570 1219 τότε
2642 1154 2905 1239 καιρόν,

580 1246 958 1333 Ἑλληνιστὶ
1014 1246 1078 1315 δ’
1133 1247 1246 1315 ὑπ’
1299 1248 1508 1315 αὐτοῦ
1554 1250 1957 1335 γεγράφθαι.
2050 1246 2146 1337 (b)
2205 1254 2358 1316 Τῶν
2402 1249 2462 1317 δ’
2518 1250 2905 1317 ἀποθανόν-

589 1370 726 1411 των
788 1348 947 1423 τοὺς
1007 1351 1363 1425 πλείστους
1426 1346 1685 1424 οἰκέτας
1748 1346 2068 1431 γενέσθαι
2132 1346 2283 1433 περὶ
2347 1350 2471 1432 τὴν
2529 1350 2907 1432 κατάληψιν
2940 1374 2993 1413 10

589 1453 712 1510 τοῦ
751 1445 1037 1529 χάρακος
1075 1444 1572 1529 ἀναιρεθέντας,
1612 1446 2017 1528 στρατιώτας
2053 1442 2127 1511 δὲ
2164 1448 2466 1529 [Pompei]
2505 1447 2593 1531 μὴ
2631 1452 2907 1523 πλείους

593 1540 1053 1628 ἑξακισχιλίων
1095 1554 1342 1613 πεσεῖν,

771 1638 889 1707 3*.
958 1647 1121 1706 Suet.
1177 1645 1343 1706 Caes,
1397 1647 1482 1706 55
1566 1642 1760 1724 ‘Apud
1826 1642 2071 1706 milites'
2137 1664 2374 1726 quoque
2440 1642 2526 1707 ‘in
2590 1643 2907 1727 Hispania’

407 1758 472 1811 fr.
507 1764 574 1813 22
599 1740 964 1820 [orationem
1010 1742 1322 1820 Caesaris]
1362 1742 1521 1804 idem
1563 1744 1864 1821 Augustus
1898 1745 2004 1804 uix
2050 1745 2241 1823 ipsius
2276 1752 2462 1824 putat,
2509 1764 2660 1823 quae
2702 1752 2907 1805 tamen

592 1824 832 1920 duplex*
864 1840 1088 1901 fertur:
1147 1858 1267 1901 una
1312 1843 1484 1920 quasi
1529 1843 1733 1920 priore
1778 1840 1978 1902 habita
2024 1842 2273 1921 proelio,
2320 1842 2502 1903 altera
2548 1844 2909 1922 posteriore,
2942 1872 2997 1911 15

589 1958 708 2018 quo
754 1940 996 1999 Asinius
1043 1937 1228 1998 Pollio
1284 1956 1360 1999 ne
1419 1946 1653 2017 tempus
1708 1937 1952 2017 quidem
2000 1939 2384 2009 contionandi
2436 1937 2715 2001 habuisse
2763 1958 2907 1999 eum

592 2035 737 2096 dicit
783 2035 978 2096 subita
1023 2036 1284 2096 hostium
1332 2038 1694 2097 incursione.

768 2128 890 2196 4³⁸.
940 2135 1105 2195 Suet.
1153 2134 1322 2195 Caes.
1361 2134 1450 2193 56
1511 2133 1700 2195 Pollio
1749 2134 1989 2211 Asinius
2037 2152 2249 2214 parum
2296 2132 2616 2214 diligenter
2660 2152 2909 2214 parum-

592 2250 708 2311 que
764 2233 995 2310 integra
1051 2233 1306 2292 ueritate
1367 2234 1729 2311 compositos
1784 2240 1955 2311 putat
2014 2231 2507 2311 [commentarios
2568 2230 2912 2311 Caesaris}

593 2348 730 2390 cum
769 2327 988 2389 Caesar
1023 2327 1307 2408 pleraque
1345 2337 1406 2389 et
1442 2348 1594 2409 quae
1634 2348 1744 2409 per
1790 2328 1936 2390 alios
1984 2337 2155 2391 erant
2200 2337 2385 2409 gesta,
2432 2336 2661 2390 temere
2706 2328 2911 2390 credi-

595 2426 750 2488 derit
806 2434 867 2487 et
921 2444 1071 2506 quae
1127 2444 1238 2506 per
1293 2444 1386 2506 se,
1445 2427 1545 2487 uel
1610 2426 1881 2488 consulto
1941 2426 2040 2488 uel
2105 2430 2283 2489 etiam
2348 2428 2636 2488 memoria
2699 2426 2913 2505 lapsus

591 2542 906 2604 perperam
945 2523 1219 2603 ediderit,
1249 2527 1668 2604 existimatque
1697 2527 2131 2605 rescripturum
2161 2534 2220 2586 et
2248 2533 2659 2587 correcturum
2698 2526 2914 2586 fuisse.

772 2676 872 2733 22.
925 2678 1148 2733 Sueton.
1193 2680 1343 2735 Caes.
1385 2683 1458 2734 30
1504 2678 1669 2743 Quod
1712 2677 2066 2747 probabilius
2112 2678 2253 2732 facit
2290 2680 2592 2751 ‚Asinius
2646 2678 2917 2747 Pollio,

592 2748 922 2804 Pharsalica
969 2749 1090 2804 acie
1137 2766 1330 2804 caesos
1415 2748 1820 2821 rofligatosque
1868 2750 2221 2804 aduersarios
2267 2749 2709 2819 prospicientem
2760 2750 2917 2805 haec

594 2836 722 2874 eum
768 2820 1102 2892 [Gaesarem]
1149 2820 1224 2875 ad
1272 2838 1372 2875 uer
1414 2839 1510 2874 um
1555 2820 1764 2875 dixisse
1812 2820 2084 2876 referens:
2145 2821 2289 2875 ‘Hoc
2340 2821 2665 2876 uoluerunt:
2722 2822 2915 2876 tantis

593 2891 761 2945 rebus
814 2890 990 2961 gestis
1038 2891 1212 2946 Gaius
1259 2892 1466 2947 Caesar
1513 2893 1919 2946 condemnatus
1958 2908 2155 2960 essem,
2191 2892 2304 2947 nisi
2342 2892 2417 2946 ab
2454 2892 2703 2947 exercitu
2740 2892 2916 2946 auxi-

593 2962 733 3017 lium
761 2962 1073 3032 petissem'.
1116 2964 1200 3031 Cf.
1226 2965 1373 3019 ane.
1397 2964 1442 3017 b.
1464 2965 1571 3018 eiu.
1593 2965 1638 3017 I
1656 2968 1728 3017 13
1760 2963 1979 3017 Docent
1998 2964 2295 3035 [senatores
2320 2966 2544 3019 urbium
2571 2965 2918 3019 Italicarum

595 3036 812 3089 Attium
853 3035 1082 3105 Varum]
1122 3033 1211 3087 sui
1247 3034 1448 3089 iudicii
1483 3052 1602 3089 rem
1629 3052 1742 3089 non
1774 3050 1923 3100 esee;
1961 3051 2144 3104 neque
2182 3051 2241 3089 se
2278 3050 2460 3104 neque
2496 3034 2743 3103 reliquos
2781 3052 2917 3089 mu-

593 3103 810 3175 nicipes
865 3104 991 3175 pati
1044 3122 1209 3175 posse
1267 3104 1323 3160 C.
1364 3105 1661 3160 Caesarem
1705 3106 2104 3175 imperatorem
2154 3106 2299 3161 bene
2336 3105 2407 3161 de
2451 3122 2514 3161 re
2553 3124 2610 3176 p.
2638 3105 2917 3161 meritum

595 3175 772 3230 tantis
809 3176 976 3230 rebus
1007 3178 1182 3246 gestie
1211 3176 1420 3247 oppido
1449 3176 1858 3246 moenibusque
1925 3176 2189 3231 rohiberi.
2247 3178 2355 3233 Cic.
2379 3194 2487 3248 pro
2514 3179 2713 3248 Πρω.
2734 3182 2789 3244 6,
2808 3181 2915 3231 18.

773 3246 875 3303 21).
923 3249 1073 3303 Plut.
1104 3250 1294 3317 Pomp.
1329 3252 1402 3302 72
1437 3242 1655 3319 Ἐφυγε
1703 3248 1767 3303 δὲ
1813 3268 1887 3303 κα
1956 3248 2025 3302 τὰ
2071 3248 2241 3303 λοιπὰ
2276 3246 2553 3317 τάγματα,
2590 3248 2686 3303 καὶ
2722 3246 2916 3317 φόνος

597 3317 658 3373 ἐν
693 3322 770 3390 τῷ
808 3317 1163 3392 στρατοπέδῳ
1200 3321 1375 3382 πολὺς
1409 3317 1626 3389 ἐγένετο
1667 3319 2111 3389 σκηνοφυλάκων
2147 3320 2243 3374 καὶ
2289 3317 2686 3387 θεραπόντων·
2734 3337 2916 3386 στρα-

594 3390 793 3451 τιώτας
829 3386 892 3443 δὲ
929 3388 1140 3457 μόνους
1191 3388 1591 3481 ἑξακισχιλίους
1636 3399 1825 3445 πεσεῖν
1871 3408 2045 3460 φησιν
2084 3388 2417 3453 Ἀσίννιος
2466 3388 2770 3445 Πολλίων
2807 3410 2916 3459 με·

590 3481 682 3550 μα
735 3459 982 3529 ημένος
1021 3458 1294 3531 ἐκείνην
1331 3480 1452 3531 την
1489 3460 1711 3532 μάχην
1748 3464 1911 3530 μετὰ
1947 3459 2309 3531 Καίσαρος.
2334 3464 2568 3531 =App.
2600 3462 2920 3518 b.c.1182

597 3538 686 3585 Απ
713 3536 906 3587 θανον
952 3530 1016 3585 δὲ
1057 3564 1122 3572 -
1163 3532 1223 3587 ἐκ
1267 3531 1331 3587 δὲ
1378 3542 1490 3587 τῶν
1538 3530 1843 3603 Πομπηίου
1891 3534 2186 3604 βουλευταὶ
2231 3531 2334 3601 μὲν
2382 3530 2535 3601 δέκα,
2576 3566 2643 3573 -
2680 3542 2794 3587 τῶν
2839 3534 2919 3588 δὲ

595 3600 956 3672 καλουμένων
1003 3601 1218 3658 ἱππέων
1256 3604 1404 3673 ἀμφὶ
1439 3604 1855 3673 τεσσαράκοντα
1891 3614 2003 3659 τῶν
2042 3604 2361 3671 ἐπιφανῶν·
2404 3604 2465 3659 ἐκ
2502 3602 2565 3658 δὲ
2602 3612 2702 3673 τῆς
2736 3602 2921 3675 ἄλλης

597 3682 859 3742 στρατιᾶς
898 3674 952 3727 οὶ
989 3672 1090 3744 μὲν
1119 3671 1444 3743 ἐπαίροντές
1472 3691 1615 3743 φασι
1643 3673 1971 3745 δισμυρίους
2001 3674 2091 3730 ἐπὶ
2118 3673 2603 3746 πεντακισχιλίοις,
2622 3670 2923 3741 Ἀσίνιος

595 3743 668 3800 δὲ
711 3743 1044 3812 Πολλίων,
1079 3746 1209 3801 ὑπὸ
1247 3742 1550 3814 Καίσαρι
1582 3752 1703 3814 τῆς
1738 3744 1956 3817 μάχης
1998 3744 2267 3817 ἐκείνης
2313 3755 2731 3817 στρατηγῶν,
2780 3744 2919 3813 ἑξα-

597 3818 898 3887 κισχιλίους
935 3816 1258 3886 ἀναγράφει
1295 3816 1531 3886 νεκροὺς
1567 3818 1881 3885 εὑρεθῆναι
1915 3827 2027 3871 τῶν
2064 3814 2386 3887 Πομπηίου.
2447 3818 2653 3873 Contra

598 3890 645 3943 b.
676 3892 781 3943 οιίι.
813 3890 925 3944 ΙΙΙ
955 3892 1045 3955 99,
1075 3892 1109 3941 4
1165 3888 1249 3942 Ex
1299 3888 1637 3958 Pompeiano
1695 3888 1943 3943 exercitu
2000 3888 2225 3943 circiter
2278 3889 2439 3943 milia
2484 3888 2587 3943 XV
2633 3888 2919 3944 cecidisse

597 3959 943 4015 uidebantur
980 3963 1129 4028 (cum
1165 3976 1226 4013 eo
1269 3960 1418 4015 Oros.
1461 3960 1550 4014 VI
1579 3965 1669 4026 15,
1698 3964 1812 4023 27).

779 4103 842 4187 2,
883 4114 940 4170 3.
987 4107 1067 4171 ἔτι
1113 4108 1528 4187 κτεινομένους
1573 4110 1743 4170 Haec
1806 4107 2315 4188 ἐπικτεινομένους
2359 4112 2520 4185 wuly.
2722 4112 2781 4169 4.
2822 4110 2915 4184 εἰς

603 4230 684 4239 -
714 4196 1092 4279 ’ὑπηγάγοντο
1141 4198 1250 4258 del.
1284 4198 1689 4269 Gasaubonu&
1736 4201 1911 4259 etiam
1955 4198 2055 4258 ἵνα
2092 4200 2366 4273 Schaefcr
2508 4201 2570 4259 7.’
2612 4201 2923 4277 Ρωμαῖστί

599 4292 652 4346 et
688 4282 1026 4364 Ἑλληνιστί
1065 4290 1216 4349 inter
1259 4306 1322 4347 se
1367 4288 1805 4361 traowponenda
1852 4306 1971 4348 esse
2016 4306 2205 4363 supra
2230 4308 2295 4363 p.
2330 4305 2587 4347 unfus
2601 4306 2685 4361 sq.
2713 4288 2913 4349 docui.
