3234 5034
828 357 879 410 A
914 354 1088 410 FINE
1125 355 1376 412 Avium
1413 355 1616 412 BASSI
1652 355 1847 410 mem
1882 355 2061 410 xxxi
2186 345 2194 352 '
2467 357 2597 422 111'

283 527 566 606 posteris,
616 545 765 605 quos
811 527 936 586 scio
985 523 1294 587 nobiscum
1345 524 1771 604 decertaturos,
1818 527 1975 586 sicut
2010 527 2126 604 ipsi
2171 525 2420 586 fecimus
2459 544 2593 586 cum

283 623 608 704 prioribus.

469 718 590 786 5²¹⁶.
645 723 783 784 Tac.
825 741 968 784 ann.
1005 723 1185 783 XIII
1221 721 1312 782 20
1371 721 1663 790 Prouecta
1718 740 1833 782 nox
1900 730 2033 782 erat
2085 731 2145 783 et
2200 720 2422 782 Neroni
2486 738 2595 801 per

284 820 682 882 uinolentiam
741 819 1112 900 trahebatur,
1169 839 1308 881 cum
1363 819 1698 899 ingreditur
1742 819 1909 880 Paris
1950 854 2033 862 —
2073 822 2457 899 expositoque
2505 822 2595 880 in·

2652 685 2718 732 55

2633 773 2736 822 808

206 942 232 983 5
288 918 432 980 dicii
473 917 828 996 [criminum
865 921 1249 996 Aan’ppinae
1287 916 1827 996 exprobrator-um]
1872 917 2080 979 ordine
2127 919 2208 978 ita
2256 918 2595 979 audientem
2667 958 2675 962 -

287 1025 572 1096 exterret,
617 1024 686 1078 ut
730 1034 848 1077 non
895 1024 1124 1078 tantum
1173 1024 1423 1077 matrem
1468 1015 1861 1095 Plautumque
1906 1016 2247 1078 interficere
2295 1015 2399 1078 sed
2447 1015 2597 1077 Bur-

287 1133 423 1176 rum
472 1117 653 1178 etiam
701 1114 1022 1176 demouere
1061 1115 1444 1194 praefectura
1491 1113 1835 1192 destinaret,
1890 1121 2189 1193 tamquam
2236 1115 2595 1194 Agrippinae

286 1217 478 1292 gratia
523 1221 880 1294 prouectum
928 1222 990 1274 et
1031 1215 1229 1274 uicem
1277 1211 1645 1274 reddentem.
1676 1247 1760 1254 —
1798 1211 2027 1273 Plinius
2064 1218 2124 1273 et
2161 1211 2409 1274 Cluuius
2448 1212 2599 1273 nihil

287 1310 628 1373 dubitatum
676 1311 748 1373 de
795 1311 910 1373 fide
959 1311 1248 1391 praefecti
1295 1311 1578 1372 referunt.

206 1435 260 1474 ιο
471 1405 592 1472 6³¹⁶.
647 1411 786 1472 Tac.
827 1429 970 1472 ann.
1009 1411 1078 1470 X
1090 1410 1143 1468 V
1170 1411 1258 1470 53
1303 1408 1590 1469 Ordinem
1637 1409 1873 1470 insidiis
1921 1407 2011 1486 [in
2060 1407 2387 1486 Neronem]
2437 1426 2597 1469 com-

284 1515 634 1589 posuerant,
672 1516 740 1568 ut
775 1507 1102 1569 Lateranus
1133 1541 1217 1552 -—
1246 1514 1659 1588 prosterneret
1690 1509 1995 1568 incautum
2034 1514 2451 1586 premeretque
2482 1529 2597 1589 —3

285 1615 418 1668 tum
461 1609 758 1668 iacentem
807 1613 868 1666 et
910 1605 1264 1686 impeditum
1320 1605 1546 1666 tribuni
1591 1613 1652 1666 et
1699 1606 2079 1666 centuriones
2126 1612 2188 1666 et
2240 1613 2597 1684 ceterorum,

284 1714 356 1766 ut
411 1707 668 1785 quisque
736 1704 1049 1766 audentiae
1113 1702 1445 1782 habuisset,
1513 1702 1905 1766 adcurrerent
1968 1702 2453 1782 trucidarentque
2489 1737 2595 1763 -.

286 1805 534 1864 interim
581 1802 718 1864 Piso
766 1802 922 1882 apud
969 1801 1176 1863 aedem
1215 1801 1454 1864 Cereris
1500 1803 1895 1882 opperiretur,
1942 1800 2101 1863 unde
2148 1820 2284 1862 eum
2332 1801 2596 1881 praefec-

207 1925 260 1964 ιο
286 1910 388 1963 tus
436 1899 694 1962 Faenius
751 1907 812 1961 et
865 1902 1052 1961 ceteri
1109 1903 1285 1961 acciti
1331 1900 1560 1961 ferrent
1605 1902 1666 1959 in
1716 1907 1925 1978 castra,
1980 1901 2299 1962 comitante
2346 1899 2597 1960 Antonia

287 1998 526 2062 Claudii
571 1998 844 2060 Caesaris
891 1996 1010 2059 filia
1053 1997 1126 2058 ad
1164 1995 1522 2059 eliciendum
1559 1997 1720 2076 uolgi
1760 1997 2045 2076 sanorem,
2083 1997 2241 2076 quod
2278 1997 2341 2058 C.
2370 1996 2599 2059 Plinius

286 2107 598 2160 memorat.

475 2191 542 2261 7.
592 2198 749 2258 Ptin.
787 2215 846 2256 n.
883 2198 941 2256 h.
981 2197 1060 2256 II
1096 2196 1230 2256 232
1294 2196 1512 2256 Amnes
1577 2201 1738 2257 retro
1804 2195 1989 2256 fluere
2058 2202 2119 2256 et
2178 2203 2382 2256 nostra
2442 2194 2599 2256 uidit

287 2303 454 2356 aetas
503 2293 760 2356 Neronis
813 2294 1107 2373 principis
1162 2295 1485 2374 supremis,
1542 2295 1700 2354 sicut
1754 2295 1817 2354 in
1864 2292 2045 2355 rebus
2090 2295 2221 2354 eius
2268 2291 2597 2354 retulimus,

207 2416 260 2456 no
474 2387 544 2457 8.
593 2394 750 2454 Plin.
779 2411 838 2454 n.
867 2394 924 2452 h.
955 2392 1035 2452 II
1074 2392 1204 2452 199
1253 2389 1385 2452 Non
1431 2393 1631 2453 minus
1678 2394 1897 2452 mirum
1946 2398 2245 2453 ostentum
2291 2399 2354 2452 et
2397 2399 2597 2452 nostra

289 2492 575 2571 cognouit
636 2499 800 2551 aetas
860 2508 1015 2551 anno
1069 2487 1322 2550 Neronis
1378 2491 1671 2569 principis
1727 2507 2033 2569 supremo,
2088 2490 2246 2550 siout
2298 2491 2362 2551 in
2417 2489 2597 2550 rebus

289 2593 424 2651 eius
472 2591 876 2669 exposuimus,
921 2589 1110 2666 pratis
1157 2587 1420 2666 oleisque
1469 2584 1875 2648 intercedente
1921 2587 2158 2667 publica
2204 2587 2304 2647 uia
2349 2589 2413 2648 in
2460 2605 2598 2647 con-

287 2689 507 2748 trarias
547 2686 706 2748 sedis
748 2688 1136 2764 transgressis
1175 2687 1237 2746 in
1277 2703 1416 2764 agro
1452 2684 1809 2762 Marrucino,
1846 2684 2106 2764 praediis
2133 2683 2299 2746 Vecti
2336 2683 2598 2746 Marcelli

290 2787 514 2866 equitis
560 2784 813 2846 Romani
859 2803 956 2844 res
1003 2783 1257 2844 Neronis
1303 2786 1695 2863 procurantis

209 2906 262 2945 25
474 2879 593 2948 9²⁸².
650 2884 838 2944 Tacit.
876 2885 1012 2944 hist.
1052 2881 1168 2942 III
1204 2883 1292 2941 27
1357 2881 1693 2942 Incesserat
1745 2884 2041 2942 cunctatio
2096 2881 2257 2959 [cum
2306 2883 2601 2942 Flauiani

291 2991 505 3044 castra
559 2985 821 3043 hostium
875 2981 1207 3041 Cremonae
1261 2984 1454 3041 muris
1503 2985 1902 3042 circumiecta
1950 2979 2489 3058 adyrederemurL
2536 2982 2597 3039 ni

293 3079 480 3141 duces
536 3081 696 3140 fesso
743 3077 919 3139 militi
967 3086 1030 3138 et
1073 3077 1238 3138 uelut
1282 3079 1494 3138 inritas
1541 3078 1979 3138 cohortationes
2026 3075 2309 3137 abnuenti
2358 3076 2597 3137 Cremo-

291 3197 429 3240 nam
477 3185 930 3238 monstrassent.
979 3175 1125 3250 (28)
1173 3162 1456 3236 Hormine
1504 3173 1567 3236 id
1613 3177 1935 3254 ingenium,
1981 3183 2051 3235 ut
2084 3174 2353 3235 Messalla
2402 3174 2597 3254 tradit,

290 3296 364 3338 an
411 3277 610 3356 potior
658 3283 864 3335 auctor
910 3275 988 3335 sit
1032 3272 1093 3333 C.
1131 3271 1377 3352 Plinius,
1423 3275 1526 3353 qui
1561 3273 1880 3334 Antonium
1928 3275 2177 3352 incusat,
2222 3272 2379 3334 haud
2427 3273 2596 3334 facile

473 3448 534 3504 5.
575 3447 882 3502 coniunxit
925 3462 1048 3500 cum
1099 3445 1284 3500 Plinii
1329 3445 1623 3513 cluuiiqw
1669 3449 1751 3514 (1)
1800 3446 2104 3501 testimonio
2156 3446 2381 3500 Tacitus
2434 3448 2597 3501 etiam

289 3521 474 3575 Fabii
507 3519 732 3575 Rustici
770 3519 866 3584 (st.
896 3522 974 3584 1).

473 3590 534 3645 Β.
581 3591 808 3644 Tacitus
851 3590 932 3644 sic
970 3589 1181 3658 peryit:
1245 3586 1422 3640 Nobis
1468 3603 1694 3656 quoquo
1740 3588 1909 3641 modo
1951 3586 2225 3642 traditum
2260 3604 2375 3641 non
2412 3588 2595 3641 occul—

291 3663 416 3715 tare
463 3661 523 3714 in
561 3659 751 3714 animo
787 3659 916 3726 fuit,
964 3657 1223 3727 quamuis
1262 3657 1566 3712 absurdum
1603 3657 1894 3713 uideretur
1930 3661 2031 3713 aut
2065 3659 2289 3712 inanem
2329 3659 2403 3712 ad
2440 3675 2596 3729 spem

292 3733 604 3788 Antoniam
657 3747 862 3786 nomen
919 3734 977 3786 et
1030 3728 1342 3800 periculum
1401 3729 1873 3797 commodauisse‚
1930 3733 2032 3785 aut
2088 3730 2348 3785 Pisonem
2402 3733 2599 3784 notum

292 3821 486 3859 amore
521 3802 710 3858 uxoris
749 3801 851 3857 alii
887 3800 1246 3855 matrimonio
1283 3815 1342 3854 se
1380 3800 1767 3870 obstrinxisse,
1802 3799 1916 3854 nisi
1954 3802 2003 3855 si
2030 3802 2237 3871 cupido
2268 3800 2596 3854 dominandi

293 3874 516 3930 cunctis
553 3873 853 3930 affectibus
891 3871 1222 3943 flagrantior
1259 3875 1359 3926 est.

481 3945 536 4002 ⁷·
576 3946 636 4001 8·
685 3945 810 3999 Vidn
838 3961 880 3999 8·
904 3962 963 4014 P·
999 3966 1102 3999 CLX·

475 4017 535 4073 9.
587 4016 710 4073 Via.
740 4016 1004 4085 Vipstani
1040 4015 1336 4070 Messallae
1370 4016 1441 4082 fr.
1471 4018 1524 4068 2.

475 4160 546 4245 6,
597 4167 700 4227 14.
749 4167 1082 4243 operiretur
1117 4165 1276 4224 Med.
1573 4215 1582 4224 .
1996 4223 2001 4226 .

477 4250 548 4335 8,
597 4257 702 4316 23.
747 4254 987 4315 Vettius
1023 4257 1090 4314 in
1126 4255 1288 4312 titulo
1333 4253 1570 4312 Teatino
1606 4256 1947 4312 nominatur
2550 4283 2553 4288 ·

476 4341 548 4424 9,
600 4347 704 4406 28.
748 4344 976 4403 tradita.
1002 4343 1274 4416 Amulio.)
1305 4362 1359 4402 a.
1380 4361 1424 4401 c.
1548 4345 1649 4401 29.
1688 4343 1923 4419 potiora.
1950 4343 2031 4402 M
2117 4339 2207 4414 G.
2233 4343 2484 4404 Plunius
2520 4345 2603 4403 M

2633 1362 2738 1441 25—

2634 1451 2738 1501 818

2634 2345 2742 2424 -θὲ-

2636 2436 2737 2485 821

2654 2846 2735 2922 ⁶²2-

2636 2936 2738 2982 822
