3234 5034
487 720 594 798 Ξ

489 807 593 858 808

487 914 594 995 ἑθ-

487 1003 590 1052 812

637 357 668 420 1
681 356 764 421 14
1617 356 1927 413 cLervs

1125 579 1221 651 M.
1261 577 1582 652 CLVVH
1637 578 1866 651 RVFI
1920 578 2437 653 HISTORIAE

812 751 923 818 l*.
977 758 1118 819 Tac.
1158 777 1300 820 ann.
1337 758 1517 819 XIII
1543 757 1634 819 20
1694 756 1922 819 Plinius
1979 766 2039 819 et
2084 757 2333 819 Cluuius
2388 757 2535 819 nihil
2597 757 2933 819 dubitatum

633 854 704 915 de
753 853 868 916 fide
914 856 1199 935 praefecti
1239 855 1486 935 [Burri]
1535 856 1820 917 referunt.

809 947 925 1016 2²⁸.
989 954 1130 1015 Tac.
1171 973 1312 1015 ann.
1350 954 1565 1015 XIIII
1607 954 1649 1014 2
1717 952 1924 1016 Tradit
1988 953 2234 1016 Cluuius
2300 954 2512 1016 ardore
2578 954 2933 1016 retinendae

630 1052 1013 1131 Agrippinam
1059 1054 1358 1131 potentiae
1407 1070 1476 1113 eo
1522 1070 1713 1132 usque
1760 1060 2123 1133 prouectam,
2172 1060 2235 1115 ut
2284 1053 2478 1114 medio
2518 1052 2653 1131 diei,
2692 1072 2833 1114 cum
2871 1051 2935 1113 id

630 1151 913 1230 temporis
960 1148 1116 1211 Nero
1172 1169 1280 1230 per
1335 1152 1541 1211 uinum
1590 1158 1651 1211 et
1696 1151 1900 1231 epulas
1946 1150 2350 1231 incalesceret,
2398 1152 2643 1212 offerret
2685 1170 2753 1213 se
2799 1169 2931 1212 sae-

628 1250 764 1327 pius
802 1248 1126 1309 temulento
1166 1256 1460 1329 comptam
1499 1256 1558 1309 et
1595 1250 1825 1311 incesto
1862 1259 2145 1331 paratam.
2192 1251 2428 1332 iamque
2466 1248 2689 1311 lasciua
2726 1249 2937 1312 oscula

628 1356 690 1406 et
743 1349 1128 1427 praenuntias
1193 1346 1402 1425 flagitii
1463 1345 1781 1408 blanditias
1836 1346 2255 1409 adnotantibus
2308 1350 2593 1428 proximis
2640 1347 2936 1409 Senecam

628 1452 834 1506 contra
892 1443 1218 1506 muliebres
1273 1443 1604 1506 inlecebras
1655 1443 1989 1507 subsidium
2028 1466 2061 1507 a
2107 1447 2325 1508 femina
2369 1447 2676 1526 petiuisse,
2722 1447 2937 1507 inmis-

628 1561 872 1623 samque
901 1544 1084 1604 Acten
1120 1541 1412 1623 libertam,
1452 1562 1602 1624 quae
1640 1544 1819 1605 simul
1856 1562 1965 1605 suo
2001 1544 2269 1624 periculo
2307 1554 2367 1606 et
2402 1544 2645 1605 infamia
2673 1542 2937 1605 Neronis

540 1670 550 1679 ·
628 1643 800 1701 anxia
858 1641 1121 1702 deferret
1175 1641 1588 1722 peruulgatum
1646 1660 1778 1703 esse
1838 1644 2136 1704 incestum
2191 1641 2479 1721 gloriante
2535 1649 2751 1721 matre,
2813 1659 2937 1703 nec

498 2002 592 2081 92-

485 2092 590 2139 822

627 1738 981 1802 toleraturos
1043 1738 1263 1801 milites
1325 1740 1560 1820 profani
1625 1742 1916 1821 principis
1976 1742 2310 1820 imperium.
2352 1773 2436 1784 —
2472 1772 2561 1784 -
2609 1739 2727 1801 Sed
2772 1758 2935 1820 quae

627 1834 893 1917 Cluuius,
949 1837 1155 1900 eadem
1211 1840 1399 1899 ceteri
1452 1857 1688 1919 quoque
1746 1846 2018 1901 auctores
2074 1838 2419 1919 prodidere,
2486 1844 2546 1900 et
2601 1838 2753 1900 fama
2808 1838 2937 1899 huc

629 1935 892 1998 inclinat.

808 2029 927 2098 3³³⁸.
985 2036 1140 2096 Plut.
1200 2034 1328 2096 oth.
1377 2036 1422 2097 3
1474 2028 1545 2096 Ὁ
1599 2034 1863 2116 Καῖσαρ
1922 2031 2120 2109 αὐτὸς
2176 2033 2391 2114 [Otho]
2453 2032 2625 2109 ἰδίας
2678 2028 2939 2116 ἔχθρας

629 2127 856 2195 οὐδενὶ
903 2130 1290 2215 τοπαράπαν
1337 2128 1833 2215 ἐμνησικάκησε,
1880 2140 2022 2207 τοῖς
2068 2124 2141 2195 δὲ
2186 2134 2457 2207 πολλοῖς
2498 2131 2937 2215 χαριζόμενος

628 2226 751 2292 οὐκ
798 2228 1038 2313 ἔφευγε
1083 2230 1157 2293 τὸ
1203 2238 1470 2313 πρῶτον
1515 2225 1590 2293 ἐν
1637 2237 1777 2304 τοῖς
1820 2229 2133 2313 θεάτροις
2178 2226 2424 2313 Νέρων
2471 2228 2935 2313 προσαγορεύ-

628 2331 826 2391 εσθαι
873 2328 990 2390 καί
1027 2349 1231 2391 τινων
1277 2326 1540 2403 εἰκόνας
1579 2323 1897 2410 Νέρωνος
1942 2326 2038 2402 εἰς
2071 2324 2453 2411 τούμφανὲς
2488 2323 2939 2411 προθεμένων

625 2422 748 2489 οὐκ
803 2421 1109 2489 ἐκώλυσε.
1188 2424 1521 2508 Κλούβιος
1576 2419 1649 2488 δὲ
1697 2427 1964 2509 Ροῦφος
2024 2426 2119 2501 εἰς
2163 2423 2462 2508 Ἰβηρίαν
2516 2420 2681 2508 φησὶ
2742 2447 2932 2507 κομι-

628 2526 875 2605 σθῆναι
923 2521 1329 2606 διπλώματα,
1377 2512 1479 2597 οἷς
1525 2518 1929 2607 ἐκπέμπουσι
1978 2524 2133 2599 τοὺς
2178 2523 2808 2608 γραμματηφόρους,
2852 2524 2936 2587 τὸ

624 2628 745 2685 τοῦ
792 2619 1109 2705 Νέρωνος
1161 2620 1368 2685 θετὸν
1421 2619 1633 2703 ὄνομα
1676 2617 2310 2706 προσγεγραμμένον
2364 2615 2600 2703 ἔχοντα
2654 2626 2748 2707 τῷ
2808 2628 2936 2683 τοῦ

612 2716 928 2795 Ὄθωνος.

808 2911 864 2965 1.
905 2911 988 2977 Of.
1020 2911 1170 2966 Ptin.
1199 2912 1269 2977 fr.
1303 2915 1353 2965 5.
1399 2910 1543 2966 Fab.
1575 2910 1735 2965 Rust.
1765 2911 1836 2977 fr.
1869 2916 1917 2965 1.

805 2981 863 3039 2.
915 2982 996 3050 Of.
1028 2982 1144 3037 Dio
1181 2982 1340 3037 LXI
1369 2987 1457 3048 11,
1485 2984 1520 3035 3
1575 2982 1897 3053 φοβηθεῖσα
1944 2977 2050 3036 οὖν
2094 2980 2129 3049 ἠ
2160 2978 2515 3050 Ἀγριππίνη,
2564 2980 2638 3049 μὴ
2686 2979 2939 3070 γήμηται

626 3058 704 3109 τῶ
741 3052 966 3121 Νέρωνι
1002 3054 1148 3125 [Pop
1253 3072 1290 3109 a
1326 3053 1581 3125 Sabina]‚
1620 3084 1689 3094 —
1727 3052 1892 3123 ἔργον
1938 3052 2321 3107 ἀνοσιώτατον
2366 3051 2688 3119 ἐτόλμησεν·
2747 3069 2936 3119 ωσπερ

627 3110 734 3196 γὰρ
773 3126 874 3197 οὐχ
913 3124 1112 3180 ἱκανὸν
1185 3145 1218 3179 ν
1258 3124 1314 3187 ἐς
1349 3122 1719 3195 μυθολογίαν,
1760 3122 1843 3178 ’ὅτι
1878 3124 1978 3179 τὸν
2014 3127 2181 3178 θεῖον
2218 3122 2318 3177 τὸν
2348 3122 2636 3177 Κλαύδιον
2664 3122 2723 3185 ἐς
2752 3122 2934 3191 ἔρωτα

629 3197 801 3267 αὑτῆς
835 3204 959 3261 ταῖς
993 3216 1052 3251 τε·
1089 3194 1369 3268 γοητείαις
1403 3196 1502 3251 καὶ
1537 3202 1660 3257 ταῖς
1696 3192 2023 3256 ἀκολασίαις
2060 3194 2157 3248 καὶ
2194 3202 2305 3248 τῶν
2336 3192 2661 3267 βλεμμάτων
2690 3195 2791 3249 καὶ
2818 3203 2934 3251 τῶν

627 3266 952 3337 φιλημάτων
989 3267 1324 3338 ὑπηγάγετο,
1363 3266 1679 3338 ἐπεχείρησε
1716 3266 1813 3320 καὶ
1850 3265 1951 3322 τὸν
1984 3263 2225 3334 Νέρωνα
2262 3262 2467 3333 ὁμοίως
2496 3267 2933 3321 καταδουλώσα-

629 3343 786 3394 σθαι.
834 3336 952 3393 ἀλλ’
995 3339 1178 3395 ἐκεῖνο
1206 3338 1308 3409 μὲν
1347 3336 1446 3393 εἴτ’
1493 3336 1721 3407 ἀληθῶς
1756 3336 1974 3406 ἐγένετο
2013 3334 2123 3391 εἴτε
2158 3336 2300 3404 πρὸς
2344 3337 2444 3391 τὸν
2488 3334 2701 3404 τρόπον
2741 3340 2933 3392 αὐτῶν

627 3410 882 3480 ἐπλάσθη
920 3411 1023 3465 οὐκ
1062 3406 1216 3464 οἴδα·
1276 3406 1313 3463 ἃ
1350 3407 1414 3465 δὲ
1453 3409 1524 3479 δὴ
1563 3409 1705 3476 πρὸς
1739 3406 1970 3464 πάντων
2007 3406 2222 3477 ὡμολόγ
2262 3428 2325 3462 το
2362 3405 2517 3479 λέγω,
2566 3405 2652 3462 ὅτι
2694 3406 2932 3476 ἑταίραν

627 3482 755 3537 τινὰ
791 3490 857 3551 τῇ
892 3481 942 3535 Ἀ
981 3478 1218 3555 ριππίνῃ
1255 3480 1457 3550 ὁμοίαν
1499 3479 1699 3549 Νέρων
1737 3478 1815 3536 δι’
1850 3480 1988 3535 αὐτὸ
2025 3488 2189 3535 τοῦτο
2258 3499 2287 3542 ς
2312 3478 2383 3534 τὰ
2408 3478 2645 3550 μάλιστα
2671 3479 2931 3551 ἠγάπησε

629 3556 738 3608 κτλ.
789 3554 913 3608 Vid.
945 3504 1086 3608 gab.
1119 3554 1279 3609 Rust.
1307 3555 1379 3620 fr.
1407 3556 1447 3607 2
1481 3570 1524 3608 c.
1557 3552 1686 3607 adn.

806 3624 866 3679 8.
907 3626 990 3693 Of.
1013 3624 1154 3679 Suet.
1181 3624 1372 3679 Othcm.
1405 3628 1441 3677 7
1476 3624 1558 3677 Ac
1586 3639 1755 3693 super
1781 3624 1995 3677 ceteras
2022 3620 2433 3694 gratulantium
2462 3621 2937 3692 adulantiumque

630 3695 937 3750 blanditias
993 3695 1064 3749 ab
1120 3696 1316 3749 infima
1367 3694 1536 3766 plebe
1591 3693 1912 3764 appellatus
1966 3692 2117 3748 Nero
2170 3692 2389 3747 nullum
2443 3692 2721 3747 indicium
2777 3710 2939 3749 recn-

629 3768 806 3821 santis
837 3768 1011 3834 dedit,
1029 3767 1218 3835 imme,
1237 3770 1303 3821 ut
1329 3766 1556 3836 quidam
1588 3766 1961 3833 tradiderunt,
1984 3764 2159 3819 etiam
2186 3764 2595 3835 diplomatibus
2622 3764 2937 3835 primisque

629 3838 888 3908 epistulis
935 3840 1055 3893 eius
1102 3838 1176 3893 ad
1221 3838 1496 3907 quosdam
1542 3836 1959 3907 prouinciarum
2004 3835 2293 3907 praesides
2332 3836 2571 3890 Neronis
2619 3853 2937 3908 cognomen

630 3909 854 3965 adiecit.
915 3910 1200 3979 Repudiat
1242 3926 1360 3965 eam
1403 3909 1616 3977 famam
1671 3910 1894 3965 Tacitus
1935 3908 2059 3964 hicet.
2088 3908 2131 3961 Ι
2161 3912 2235 3963 78
2292 3911 2461 3977 atque
2508 3907 2683 3963 etiam
2722 3906 2935 3964 Othoni

811 4089 880 4175 2,
930 4097 986 4154 4.
1034 4096 1434 4175 Agrippinam
1479 4096 1587 4155 del.
1615 4095 1807 4156 Ritter
1988 4096 2045 4155 5.
2094 4096 2304 4155 offerre
2341 4096 2579 4171 saepius
2626 4091 2933 4171 λί(οι1ι“ο.)ι

635 4188 689 4245 7.
737 4185 984 4265 flagitiis
1020 4186 1096 4243 M
1123 4204 1226 4246 em,
1255 4185 1580 4245 Rhenanus

629 4364 722 4423 F,-
769 4267 1031 4423 63⁹0„ae-
1077 4274 1380 4345 Κλαύδιος
1425 4274 1566 4334 libri
1601 4291 1707 4333 em.
1736 4274 1979 4348 Lepsios
2205 4276 2305 4333 20.
2352 4276 2527 4332 θεῖον
2563 4273 2705 4333 libri
2741 4292 2847 4333 em.
2878 4274 2929 4333 Ῑ.

2970 1667 3024 1707 10

2970 2158 3025 2198 1⁵
