3234 5034
631 383 1022 432 chxxxxnn
1113 381 1210 435 DE
1249 380 1715 438 SCRIPTORVM
1744 379 1931 434 v1'1'18
1967 379 2063 434 ET
2100 377 2416 435 SCRIPTIS

811 549 973 620 Quae
1021 567 1156 611 cum
1205 567 1302 610 res
1348 551 1430 609 ita
1478 551 1600 609 sint
1646 555 2035 628 comparatae,
2083 546 2359 625 Cordum,
2407 547 2686 627 quoniam
2732 547 2921 607 omnia

631 647 704 709 ad
761 651 1149 728 imperatores
1195 646 1516 726 referebat,
1571 649 1655 706 ita
1709 653 1905 707 tamen
1965 654 2032 707 ut
2092 648 2271 706 etiam
2336 652 2577 707 senatus
2643 645 2919 704 rationem

631 744 905 826 haberet,
969 745 1267 826 latineque
1324 744 1649 823 scribebat,
1705 762 1816 825 per
1879 763 1944 805 se
1998 762 2117 804 non
2172 746 2433 804 ueritum
2494 761 2627 804 esse
2684 758 2923 803 consen-

632 852 869 905 taneum
925 853 1020 906 est
1074 844 1324 905 alicuius
1382 844 1759 923 imperatoris
1813 841 2107 903 uoluntati
2163 845 2411 904 seruire.
2486 843 2647 921 atqui
2704 849 2763 902 et
2808 849 2925 901 stu-

634 941 796 1003 dium
862 940 1293 1004 Gordianorum
1359 960 1430 1002 ex
1495 941 1700 1002 multis
1766 941 2113 1020 fragmentis
2181 942 2313 1015 (13.
2363 941 2467 1002 14.
2524 940 2625 1001 15.
2676 941 2780 1001 16.
2832 939 2927 999 19.

619 1029 736 1101 ’22.
787 1041 888 1101 23.
937 1041 1052 1116 24)
1101 1042 1244 1101 satis
1309 1049 1556 1120 apparet
1617 1048 1679 1101 et
1742 1041 1944 1100 irrisio
2008 1037 2317 1100 barbariae
2376 1035 2683 1100 Maximini
2746 1039 2929 1116 patris

632 1139 740 1216 (fr.
780 1138 840 1199 8.
879 1138 949 1214 9)
997 1146 1172 1218 atque
1221 1137 1566 1199 deliciarum
1617 1137 1722 1199 tilii
1759 1139 1905 1212 (11)
1954 1145 2012 1198 et
2066 1136 2268 1198 odium
2314 1135 2725 1216 Philipporum
2766 1135 2929 1214 (24),

631 1239 734 1316 qui
790 1235 1087 1300 Gordiano
1143 1239 1319 1298 tertio
1375 1236 1811 1299 successerunt.
1894 1238 2094 1315 itaque
2148 1239 2211 1296 in
2266 1235 2433 1296 Decii
2486 1235 2739 1314 gratiam
2796 1252 2929 1294 eum

629 1337 787 1396 uitas
841 1337 1246 1415 composuisse
1303 1334 1691 1415 probabiliter
1746 1353 1817 1396 ex
1874 1342 1995 1395 tota
2051 1334 2264 1395 horum
2320 1335 2677 1413 scriptorum
2734 1330 2929 1393 indole

632 1452 699 1494 ac
747 1436 976 1494 ratione
1024 1434 1264 1495 efficere
1309 1451 1486 1514 posse
1531 1433 1682 1494 mihi
1725 1432 1951 1494 uideor.

808 1531 957 1593 lllud
1013 1539 1211 1592 tamen
1269 1550 1377 1592 nos
1431 1550 1552 1593 non
1607 1531 1892 1610 offendet,
1947 1529 2131 1612 quod,
2184 1533 2296 1592 etsi
2342 1529 2710 1611 Capitolinus
2755 1537 2827 1591 ut
2870 1531 2929 1588 in

629 1632 752 1691 uita
809 1629 999 1691 Clodii
1051 1631 1184 1707 (12,
1224 1631 1337 1706 14)
1393 1629 1646 1691 Marium
1709 1629 2028 1691 Maximum
2094 1648 2229 1690 cum
2293 1628 2629 1690 Herodiano
2694 1635 2933 1707 praeter

631 1735 864 1789 ceteros
928 1730 1312 1808 comparauit,
1375 1731 1459 1790 ita
1521 1731 1586 1788 in
1652 1730 1872 1789 ceteris
1936 1730 2061 1790 suis
2116 1729 2260 1788 uitis
2306 1726 2565 1790 Cordum
2622 1734 2803 1806 atque
2858 1724 2930 1786 ad

631 1844 768 1888 eum
816 1832 883 1888 ut
929 1826 1000 1887 ad
1049 1835 1352 1888 auctorem
1398 1828 1749 1906 primarium
1789 1826 2077 1905 relegauit
2106 1826 2223 1905 (fr.
2253 1826 2312 1885 2.
2345 1826 2401 1886 7.
2432 1826 2535 1887 10.
2568 1825 2671 1886 11.
2714 1825 2796 1903 cf.
2828 1824 2927 1884 19.

632 1924 734 1986 13.
773 1925 862 2004 5),
912 1941 1086 1985 nemo
1142 1932 1476 1986 ceterorum
1535 1926 1923 2005 scriptorum,
1978 1926 2083 2005 qui
2136 1932 2521 2004 tyrannorum
2568 1924 2725 1984 uitas
2772 1941 2928 1983 com-

627 2029 976 2101 posuerunt,
1023 2040 1161 2083 eum
1201 2021 1444 2101 dignum
1481 2024 1585 2102 qui
1623 2024 1911 2083 citaretur
1955 2021 2268 2084 iudicasse.
2333 2039 2475 2084 casu
2523 2023 2685 2083 enim
2726 2023 2928 2082 nescio

629 2139 746 2199 quo
786 2118 1152 2200 Capitolinus
1190 2119 1264 2181 ad
1302 2138 1440 2181 eum
1480 2119 1710 2182 delatus
1749 2128 1877 2182 erat
1910 2120 2248 2200 multosque
2284 2138 2405 2181 non
2442 2121 2643 2182 minus
2679 2137 2925 2199 operose

630 2225 687 2278 et
735 2216 1039 2279 semiliter
1083 2217 1350 2279 fauorem
1396 2220 1737 2298 principum
1784 2217 1883 2280 illa
1930 2227 2121 2280 aetate
2168 2225 2491 2299 aucupatos
2536 2235 2671 2280 esse
2716 2235 2925 2296 magna

629 2315 938 2376 hominum
993 2316 1123 2377 eius
1180 2318 1418 2395 generis
1473 2316 1791 2378 multitudo
1850 2316 2045 2396 docet,
2092 2319 2195 2397 qui
2242 2334 2379 2378 cum
2424 2325 2697 2378 ceterum
2742 2317 2925 2396 ignoti

629 2416 767 2494 sint,
813 2414 1068 2493 singulis
1111 2414 1462 2494 plerumque
1502 2413 1649 2476 locis
1686 2417 1749 2476 in
1784 2415 2033 2477 historia
2070 2416 2331 2494 Augusta
2368 2425 2921 2476 commemorantur.

627 2513 823 2592 potuit
870 2514 1055 2592 igitur
1109 2512 1258 2593 fieri,
1312 2521 1398 2591 ut,
1455 2511 1613 2593 quod
1660 2511 1815 2574 Plew
1864 2514 2138 2588 (Marius
2183 2514 2356 2576 Max.
2380 2532 2450 2591 p.
2491 2514 2606 2589 11)
2654 2514 2922 2591 coniecit,

627 2608 963 2672 Trebellius
1009 2609 1195 2671 Pollio
1242 2629 1276 2672 a
1314 2609 1508 2672 Cordo
1552 2611 1616 2672 in
1664 2609 1981 2673 scribendo
2019 2610 2411 2691 exordiretur,
2457 2629 2637 2691 quem
2684 2610 2761 2672 ad
2806 2629 2922 2672 mo·

629 2706 769 2768 dum
822 2715 1028 2788 postea
1082 2707 1157 2769 ab
1211 2710 1343 2788 ipso
1388 2708 1695 2789 Vopiscu8‚
1750 2708 1857 2770 sed
1912 2717 2075 2771 certa
2120 2727 2296 2771 causa
2342 2711 2407 2770 in
2452 2717 2614 2770 tanta
2662 2711 2923 2770 testimo·

627 2807 863 2867 niorum
908 2809 1207 2885 paucitate
1256 2806 1439 2869 deest.

1134 3099 1594 3174 AEMILIVS
1651 3099 2417 3175 PARTHENTANVS

805 3277 985 3340 Cordi
1049 3277 1306 3340 similem
1373 3287 1625 3358 sortem,
1686 3287 1755 3340 ut
1816 3297 1974 3341 unus
2038 3281 2296 3360 scriptor
2358 3282 2489 3342 eius
2562 3283 2923 3344 mentionem

628 3378 868 3456 faceret,
922 3376 1021 3438 hic
1075 3385 1329 3438 nanctus
1384 3386 1493 3457 est,
1541 3374 1669 3457 ‘qui
1724 3377 2117 3440 adfectatores
2168 3377 2498 3458 tyrannidis
2542 3381 2663 3441 iam
2710 3379 2847 3442 inde
2894 3399 2923 3440 a

625 3474 934 3537 ueteribus
980 3475 1264 3536 historiae
1311 3472 1576 3538 tradidit'
1616 3477 1903 3550 (Vulcac.
1940 3477 2090 3538 Gall.
2120 3477 2180 3554 5,
2210 3478 2249 3537 1
2280 3505 2349 3526 ==
2371 3477 2457 3556 fr.
2490 3478 2587 3560 1);
2634 3478 2743 3540 sed
2786 3481 2923 3559 quia

625 3572 889 3634 Vulcacii
925 3572 1211 3634 Gallicani
1248 3590 1365 3634 una
1401 3575 1526 3635 uita
1565 3577 1627 3635 in
1664 3575 1973 3636 historiam
2010 3576 2335 3654 Augustam
2373 3585 2615 3656 recepta
2660 3585 2769 3656 est,
2816 3578 2925 3638 hoc

626 3671 754 3732 loco
820 3673 949 3732 eius
1009 3673 1296 3733 memoria
1353 3671 1883 3734 circumscribitur.
1957 3691 2095 3735 cum
2150 3683 2348 3735 tamen
2402 3673 2501 3735 ille
2556 3675 2619 3734 in
2676 3673 2925 3736 consilio

627 3788 733 3831 suo
785 3767 1040 3849 ‘omnes,
1096 3772 1200 3849 qui
1253 3771 1704 3850 imperatorium
1758 3789 1977 3833 nomen
2036 3773 2167 3833 siue
2222 3773 2377 3834 iusta
2432 3790 2503 3834 ex
2559 3790 2737 3834 causa
2794 3775 2923 3835 sine

625 3869 842 3928 iniusta
910 3867 1265 3947 habuerunt,
1329 3871 1390 3928 in
1456 3869 1685 3930 litteras
1748 3863 2059 3931 mittendi'
2103 3872 2185 3944 (c.
2223 3871 2283 3946 3,
2320 3872 2393 3946 3)
2448 3888 2560 3952 per
2619 3870 2922 3934 dimidiam

625 3975 853 4045 partem
901 3985 1037 4028 cum
1086 3965 1334 4028 Aemilio
1381 3969 1843 4048 conspirauerit,
1891 3987 1987 4048 ea,
2026 3987 2179 4049 quae
2226 3987 2363 4030 cum
2408 3977 2579 4048 parte
2622 3971 2785 4032 uitae
2832 3989 2923 4032 se-

625 4064 886 4125 cundum
931 4063 1182 4125 Marium
1219 4063 1539 4126 Maximum
1576 4068 1900 4146 composita
1930 4067 2019 4143 (6,
2048 4066 2241 4145 5—9,
2269 4068 2330 4128 4.
2365 4086 2425 4128 u.
2454 4067 2574 4129 Die
2602 4069 2735 4130 Scr.
2762 4071 2823 4130 h.
2852 4072 2923 4130 Α.

619 4181 680 4240 p.
712 4163 842 4222 115
867 4165 985 4239 sq.)
1033 4181 1254 4223 conexa
1312 4171 1468 4242 sunt,
1523 4163 1597 4225 ad
1651 4163 1811 4225 hunc
1861 4163 2060 4225 redire
2107 4183 2139 4226 a
2184 4167 2319 4226 ueri
2364 4164 2758 4229 similitudine
2804 4185 2919 4229 non

625 4257 923 4340 abhorret,
969 4279 1042 4321 ex
1088 4260 1308 4340 quibus
1355 4259 1594 4341 quidem
1641 4280 1759 4323 non
1808 4261 2000 4324 solum
2039 4261 2295 4324 Cordum
2344 4271 2729 4342 tyrannorum
2768 4267 2921 4326 uitas

623 4357 857 4418 friuolis
905 4360 1077 4436 nugis
1125 4367 1184 4420 et
1233 4359 1386 4420 lictis
1425 4359 1699 4439 epistulis
1744 4361 2025 4441 implesse
2073 4360 2357 4422 discimus
2396 4362 2543 4434 (Die
2582 4363 2715 4424 Sor.
2752 4365 2811 4424 h.
2850 4366 2919 4424 A.
