3234 5034
626 286 710 349 14
1353 282 1426 339 M.
1458 282 1779 337 TERENTi
1816 282 2186 338 VARRONIS

621 452 886 531 auderet,
925 451 1030 514 sed
1069 451 1318 513 deorum
1355 453 1616 529 iurgium
1655 450 2002 531 finiendum,
2046 453 2203 513 sicut
2240 460 2703 513 memoratarum
2742 453 2919 513 trium

623 550 869 612 dearum
910 550 982 611 ad
1019 549 1293 611 Paridem
1332 549 1614 629 Iuppiter,
1653 552 1735 611 ita
1782 557 1843 610 et
1888 552 2003 609 iste
2052 548 2124 610 ad
2170 550 2443 610 homines
2489 552 2774 631 mitteret,
2822 549 2923 611 ubi

619 651 896 711 uinceret
959 646 1230 709 Minerua
1296 648 1597 727 suffragiis
1655 656 1714 708 et
1768 650 1832 708 in
1878 665 2067 727 poena
2114 666 2356 709 suarum
2424 648 2922 727 suffragatricium

619 750 985 826 uinceretur,
1032 766 1182 827 quae
1221 749 1284 807 in
1324 745 1687 807 aduersariis
1734 748 1861 807 suis
1906 748 2059 807 uiris
2105 746 2377 807 obtinere
2424 746 2685 808 Athenas
2732 749 2923 826 potuit

621 854 684 907 et
727 847 948 906 amicas
995 864 1134 907 suas
1181 844 1431 905 feminas
1476 843 1810 905 Athenaeas
1857 844 2076 906 habere
2125 863 2245 905 non
2291 846 2499 924 potuit.
2948 868 2973 908 ε

801 939 909 1006 8*.
959 946 1213 1020 Auyust.
1245 946 1320 1005 de
1357 947 1475 1004 eiu.
1507 944 1564 1003 d.
1594 943 1839 1004 XVIII
1868 944 1955 1003 10
2001 942 2073 1003 Et
2100 952 2300 1003 tamen
2331 942 2564 1004 Marcus
2594 943 2778 1003 Varro
2807 962 2921 1003 nou

621 1041 752 1103 uult
799 1040 1084 1102 fabulosis
1133 1040 1423 1102 aduersus
1473 1040 1614 1101 deos
1664 1039 1841 1101 fidem
1890 1039 2171 1102 adhibere
2210 1042 2528 1121 figmentiS,
2575 1059 2651 1101 ne
2692 1040 2763 1101 de
2804 1060 2923 1103 ma-

621 1142 849 1202 iestatis
910 1158 1118 1201 eorum
1181 1138 1466 1218 dignitate
1527 1138 1841 1218 indignum
1902 1137 2124 1217 aliquid
2186 1140 2429 1217 sentiat,
2494 1145 2554 1199 et
2613 1137 2749 1199 ideo
2816 1158 2923 1199 nec

621 1239 816 1299 Areon
853 1256 1044 1318 pagon
1075 1272 1159 1281 —-
1195 1236 1325 1299 uult
1361 1235 1499 1297 inde
1538 1239 1843 1316 accepisse
1882 1254 2120 1315 nomen,
2156 1236 2314 1316 quod
2352 1236 2527 1315 Mars,
2565 1239 2671 1316 qui
2700 1235 2921 1297 Graece

615 1331 817 1419 ’Ἄρης
865 1335 1110 1414 dicitur,
1177 1354 1313 1395 cum
1371 1333 1680 1395 homicidii
1742 1336 1993 1395 crimine
2055 1353 2197 1395 reus
2258 1336 2455 1414 fieret,
2518 1334 2922 1396 iudicantibus
2950 1359 2999 1399 ιο

622 1434 934 1495 duodecim
989 1433 1104 1494 diis
1158 1435 1222 1494 in
1280 1452 1350 1493 eo
1397 1452 1544 1513 pago
1593 1452 1699 1494 sex
1746 1436 2060 1494 sententiis
2112 1432 2418 1494 absolutus
2468 1440 2558 1493 est
2606 1425 2773 1516 (quia
2820 1432 2921 1493 uhi

622 1536 782 1612 paris
842 1534 1080 1594 numeri
1139 1534 1469 1593 sententiae
1530 1532 1811 1611 fuissent,
1867 1534 2154 1612 praeponi
2212 1531 2502 1592 absolutio
2560 1530 2922 1593 damnationi

621 1625 902 1715 solebat)3
950 1630 1056 1691 sed
1103 1638 1310 1691 contra
1359 1632 1552 1710 istam,
1598 1648 1750 1708 quae
1790 1629 1973 1690 multo
2014 1628 2267 1709 amplius
2306 1638 2397 1689 est
2436 1628 2748 1709 celebrata,
2797 1632 2921 1709 opi·

622 1731 860 1790 nionem
908 1727 1083 1789 aliam
1130 1726 1428 1807 quandam
1476 1727 1546 1788 de
1595 1727 1984 1788 obscurarum
2030 1729 2241 1788 notitia
2295 1726 2630 1788 litterarum
2682 1746 2921 1788 causam

619 1828 880 1888 nominis
937 1826 1116 1887 huius
1165 1834 1413 1886 conatur
1458 1834 1749 1905 astruere,
1794 1844 1871 1885 ne
1918 1826 2113 1886 Areon
2168 1844 2360 1906 pagon
2408 1825 2800 1887 Athenienses
2849 1825 2921 1886 de
2950 1850 3000 1891 ιε,

618 1928 859 1986 nomine
907 1924 1110 1985 Martis
1159 1932 1218 1985 et
1263 1926 1401 2004 pagi
1456 1927 1626 2003 quasi
1672 1922 1878 1984 Martis
1928 1941 2146 2003 pagum
2194 1926 2535 1985 nominasse
2581 1922 2921 2002 credantur,

620 2025 682 2083 in
721 2025 1000 2085 iniuriam
1037 2022 1321 2083 uidelicet
1367 2026 1699 2103 numinum,
1746 2042 1776 2083 a
1816 2022 2034 2102 quibus
2072 2022 2260 2102 litigia
2305 2022 2403 2083 uel
2449 2021 2670 2084 iudicia
2718 2024 2921 2083 existi·

621 2129 742 2182 mat
788 2121 1007 2200 aliena,
1063 2140 1184 2181 non
1241 2122 1440 2181 miuus
1485 2120 1627 2200 hoc,
1674 2119 1831 2200 quod
1881 2120 1952 2181 de
2000 2119 2185 2181 Marte
2235 2119 2477 2198 dicitur,
2526 2120 2739 2181 falsum
2787 2140 2921 2181 esse

620 2219 999 2298 adseueranS,
1047 2238 1222 2299 quam
1272 2218 1418 2279 illud
1467 2217 1625 2298 quod
1673 2218 1745 2279 de
1795 2216 1987 2279 tribus
2036 2217 2277 2296 deabus,
2324 2217 2547 2278 Iunone
2588 2218 2820 2278 scilicet
2861 2228 2924 2279 et

619 2317 883 2379 Minerua
923 2326 982 2379 et
1009 2316 1255 2397 Venere,
1294 2336 1444 2398 quae
1481 2335 1590 2398 pro
1630 2316 1783 2379 malo
1823 2336 2004 2377 aureo
2042 2316 2424 2397 adipiscendo
2465 2316 2618 2397 apud
2659 2316 2919 2378 iudicem
2948 2340 2999 2381 ιο

617 2415 891 2476 Paridem
954 2414 1026 2476 de
1086 2414 1550 2496 pulchritudinis
1611 2414 1960 2477 excellentia
2022 2423 2282 2477 certasse
2344 2424 2665 2476 narrantur
2726 2422 2784 2476 et
2844 2414 2920 2476 ad

617 2513 934 2594 placandos
989 2512 1146 2574 ludis
1204 2513 1371 2593 deoS,
1429 2517 1533 2594 qui
1591 2513 1961 2574 delectantur
2014 2533 2121 2575 seu
2177 2516 2341 2574 ueris
2398 2531 2502 2574 seu
2560 2512 2725 2575 falsis
2784 2515 2921 2575 istis

619 2610 971 2673 criminibus
1019 2614 1161 2692 suiS,
1205 2614 1366 2672 inter
1401 2613 1724 2675 theatricos
1760 2611 2004 2692 plausus
2044 2620 2357 2672 cantantur
2395 2620 2569 2691 atque
2609 2611 2919 2673 saltantur.

617 2708 777 2771 Haec
813 2708 996 2771 Varro
1052 2728 1173 2770 non
1228 2709 1446 2790 credit,
1503 2729 1578 2771 ne
1638 2709 1885 2771 deorum
1942 2718 2187 2771 naturae
2244 2728 2352 2771 seu
2398 2710 2665 2770 moribus
2714 2709 2923 2771 credat

616 2812 960 2887 incongrua.
2946 2830 2997 2871 ss

794 2901 864 2969 9.
913 2909 1139 2968 Arnob.
1181 2908 1321 2967 adu.
1361 2916 1486 2968 nat.
1540 2908 1597 2965 V
1624 2906 1665 2966 8
1725 2905 1908 2966 Varro
1955 2906 2056 2967 ille
2102 2906 2403 2967 Romanus
2452 2906 2919 2968 multiformibus

617 3007 888 3065 eminens
936 3003 1269 3084 disciplinis
1317 3012 1379 3065 et
1422 3007 1485 3064 in
1531 3007 1849 3065 uetustatis
1895 3004 2273 3083 indagatione
2322 3007 2587 3083 rimator,
2634 3007 2695 3065 in
2734 3004 2917 3066 libro-

616 3121 750 3163 rum
805 3109 1085 3183 quattuor
1143 3105 1363 3183 primu,
1425 3121 1573 3183 quos
1638 3102 1708 3163 de
1765 3110 1940 3181 gente
1998 3105 2369 3182 conscriptos
2414 3102 2663 3163 Romani
2710 3103 2921 3183 populi

618 3200 963 3281 dereliquit,
1028 3204 1283 3263 curiosis
1347 3200 1886 3281 computationibus
1953 3201 2161 3262 edocet
2222 3200 2294 3262 ab
2357 3201 2567 3262 diluuii
2628 3208 2919 3280 tempore,

615 3302 788 3361 cuius
853 3317 1032 3379 supra
1097 3300 1348 3360 fecimus
1411 3302 1779 3361 mentionem
1844 3298 2323 3379 [Deucalionis],
2380 3298 2451 3359 ad
2510 3317 2702 3378 usque
2758 3298 2997 3363 Hirtino

615 3397 988 3459 consulatum
1037 3405 1096 3457 et
1139 3396 1366 3459 Pansae
1414 3416 1706 3459 annorum
1756 3417 1887 3459 esse
1934 3398 2097 3458 milia
2144 3397 2409 3458 nondum
2459 3397 2592 3458 duo.

602 3500 607 3505 ’
798 3490 964 3559 10*.
1021 3498 1178 3572 Any.
1219 3498 1294 3557 de
1345 3501 1463 3557 cin.
1503 3498 1559 3558 d.
1599 3497 1842 3557 XVIII
1873 3498 1960 3557 10
2022 3494 2128 3556 His
2174 3496 2570 3575 temporibuS,
2618 3505 2685 3556 ut
2732 3496 2917 3557 Varro

615 3592 849 3674 scribit,
905 3602 1193 3673 regnante
1248 3594 1709 3656 Atheniensibus
1766 3594 2019 3672 Gronau,
2077 3612 2424 3655 successore
2481 3593 2780 3674 Cecropis,
2830 3630 2913 3636 —-

615 3692 908 3755 diluuium
955 3693 1085 3772 suit,
1132 3691 1290 3772 quod
1337 3692 1694 3774 appellatum
1742 3700 1833 3753 est
1878 3691 2270 3770 Deucalionis,
2308 3710 2378 3751 eo
2418 3690 2574 3772 quod
2612 3694 2741 3771 ipse
2783 3711 2916 3771 reg·

790 3872 849 3927 8.
890 3874 1046 3928 Haec
1081 3891 1149 3928 σω
1185 3874 1342 3929 libras
1377 3875 1443 3928 de
1478 3891 1529 3944 9.
1552 3891 1610 3943 p.
1643 3874 1713 3929 R.
1743 3880 1963 3942 sumpta
1998 3890 2107 3928 esse
2141 3880 2305 3944 τιᾶραι
2344 3873 2514 3927 Frick
2541 3889 2601 3941 p.
2631 3876 2709 3927 23
2727 3890 2805 3942 sq.

791 3946 852 4000 9.
890 3945 1082 4000 Solum
1118 3946 1396 4000 diluuium
1435 3946 1798 4000 Deucalionis
1836 3945 2085 4000 Amobio
2121 3952 2200 4000 est
2234 3944 2509 4015 coquinam
2522 3964 2544 4009 ;
2581 3944 2647 3999 de
2673 3962 2733 3999 re
2769 3948 2841 4013 es.
2871 3962 2913 3999 ε.

610 4034 664 4085 p.
697 4038 845 4071 xxxv,

796 4188 865 4276 8,
918 4197 1015 4255 17.
1064 4195 1374 4253 nominum
1421 4187 1531 4269 ⁶¹9

794 4278 865 4365 9,
918 4286 1016 4343 26.
1064 4284 1532 4343 multiformibus
1575 4283 1843 4344 Sabaeas
1930 4283 2321 4343 multiformis
2359 4284 2480 4343 cod.
