3234 5034
587 281 696 346 vl*

584 442 734 526 plus
783 441 1212 528 quadraginta
1258 440 1539 526 reperire
1586 463 1864 528 possem,
1902 441 2290 507 coniecturis
2327 446 2544 505 tamen
2584 439 2894 523 abstinui,

586 563 666 604 ne
715 544 955 605 certam
1005 541 1479 625 auctoritatem,
1536 561 1701 624 quae
1758 539 2005 604 alienae
2062 539 2391 604 doctrinae
2448 542 2514 603 et
2568 537 2897 604 sollertiae

587 638 894 703 materiae
961 643 1026 702 et
1087 637 1378 703 subsidia
1443 642 1633 723 esset,
1696 637 2049 721 turbarem,
2105 641 2171 702 et
2232 636 2499 701 minutis
2544 635 2773 700 formis
2820 659 2898 701 ea

586 736 958 801 excudenda
1013 735 1264 821 curaui,
1319 758 1482 821 quae
1542 735 1700 820 quin
1755 740 1828 801 ut
1884 735 2011 800 alia
2056 735 2441 801 nominatim
2485 733 2899 820 Augustinus

588 856 666 899 ex
700 833 1013 899 Varronis
1051 835 1129 899 de
1169 839 1365 920 gente
1402 834 1627 919 populi
1656 833 1933 899 Romani
1972 832 2161 898 libris
2200 832 2268 896 in
2307 855 2460 896 suos
2506 832 2583 897 de
2630 831 2901 897 ciuitate

588 932 692 996 dei
740 931 1002 996 nomine
1049 931 1289 998 omisso
1336 931 1803 1017 transtulisset,
1850 935 1963 996 aut
2011 928 2255 996 Gellius
2301 953 2381 995 ex
2429 928 2643 1015 Oppio
2690 929 2898 1017 Hygi-

587 1051 804 1114 noque
843 1029 1130 1095 dubitari
1167 1053 1299 1095 non
1336 1034 1573 1114 posset.
1640 1035 1781 1094 tum
1821 1029 1995 1094 uitae
2038 1029 2385 1114 scriptores
2432 1028 2652 1093 deesse
2696 1029 2902 1112 nolui,

590 1127 714 1193 etsi
753 1127 1008 1192 diuersa
1046 1150 1156 1192 eos
1195 1133 1523 1212 spectasse
1562 1127 1951 1214 multosque,
1990 1127 2271 1193 maxime
2308 1131 2520 1191 aetate
2559 1125 2898 1192 inferiores

589 1225 786 1312 nugis
839 1225 1261 1310 minutiisque
1317 1225 1665 1311 abundare,
1716 1247 1928 1290 carere
1974 1225 2120 1311 fide,
2168 1225 2476 1310 quosdam
2526 1215 2719 1288 etiam
2768 1247 2902 1290 ser·-

589 1345 779 1388 mone
846 1322 1086 1389 Graeco
1153 1345 1306 1388 usos
1370 1345 1510 1388 esse
1573 1322 1781 1388 uideri
1845 1345 1978 1388 non
2040 1323 2289 1408 ignom.
2364 1327 2590 1388 contra
2654 1322 2901 1387 exclusi

594 1419 861 1486 Granii
907 1421 1298 1486 Liciniani
1343 1421 1735 1507 fragmenta,
1789 1421 1866 1486 de
1914 1420 2155 1505 quibus
2199 1420 2589 1504 recipiendis
2638 1425 2704 1485 et
2750 1442 2899 1484 cum

591 1518 1004 1585 Francisco
1051 1519 1530 1585 Buechelero
1577 1520 1785 1584 amico
1832 1517 2257 1584 retractandis
2294 1518 2403 1582 diu
2442 1517 2900 1604 cogitaueram.

594 1617 937 1702 occupauit
990 1640 1201 1682 meam
1263 1639 1524 1701 operam
1571 1617 1657 1682 M.
1696 1616 2020 1682 Flemisch
2067 1617 2153 1704 (a.
2195 1614 2417 1704 1904),
2464 1615 2575 1701 qui
2628 1617 2786 1680 item
2834 1616 2899 1680 id

594 1715 1004 1800 potissimum
1070 1716 1225 1802 egit,
1283 1719 1355 1780 ut
1412 1714 1607 1779 rebus
1664 1715 2005 1799 explicatis
2058 1715 2567 1801 fragmentorum
2617 1713 2895 1798 pretium

595 1818 960 1900 augeretur.
1044 1835 1195 1878 nam
1251 1813 1328 1877 de
1385 1812 1933 1878 emendatioribus
1993 1836 2071 1877 ex
2126 1812 2337 1878 lacero
2394 1812 2611 1878 codice
2664 1811 2901 1877 Londi-

593 1913 778 1976 nensi
829 1911 1158 1976 eliciendis
1205 1911 1548 1995 scripturis
1599 1911 2069 1995 desperandum
2118 1933 2257 1975 esse
2302 1911 2527 1976 multis
2573 1933 2654 1975 ex
2702 1909 2900 1995 parti-

597 2011 721 2075 bus
767 2008 1004 2074 certior
1039 2009 1251 2074 factus
1289 2031 1479 2074 eram.
1555 2008 1877 2093 Pompei
1923 2013 2141 2074 autem
2189 2008 2423 2096 Trogi
2470 2031 2633 2093 quae
2678 2029 2905 2091 super-

596 2111 750 2172 sunt
796 2129 942 2172 cum
989 2107 1128 2172 eius
1173 2107 1542 2172 breuiatore
1590 2107 1898 2194 coniungi
1955 2107 2186 2190 solent,
2241 2111 2315 2171 ut
2370 2107 2509 2191 ipse
2565 2105 2621 2171 ei
2670 2127 2905 2190 operae

598 2209 938 2289 cartaeque
1004 2204 1431 2290 pepercerim,
1487 2205 1871 2289 praesertim
1928 2227 2074 2270 cum
2129 2203 2294 2269 nihil
2349 2227 2429 2268 ex
2486 2203 2618 2269 illis
2672 2203 2753 2268 ad
2798 2225 2903 2268 res

597 2303 925 2368 Romanas
970 2303 1314 2388 pertineat.

778 2400 1056 2466 Substiti
1129 2401 1326 2466 etiam
1406 2422 1578 2466 nunc
1662 2401 1730 2465 in
1810 2400 2196 2486 fragmentis
2278 2399 2659 2486 coUigendis
2731 2399 2907 2463 intra

601 2499 1010 2565 Constantini
1055 2498 1280 2584 Magni
1328 2498 1694 2584 imperium,
1741 2499 1912 2564 ultra
1960 2498 2133 2583 quod
2178 2505 2440 2582 praeter
2483 2519 2722 2582 paucos
2769 2518 2910 2561 eos-

601 2619 724 2682 que
781 2596 1186 2680 superstites,
1240 2596 1353 2681 qui
1407 2619 1571 2682 quae
1628 2597 1737 2661 alii
1788 2597 2215 2682 scripsissent,
2262 2596 2331 2662 in
2379 2597 2696 2680 epitomas
2743 2593 2909 2659 rediss

601 2699 829 2782 gerent
892 2716 1122 2779 resque
1186 2695 1458 2760 traditas
1523 2717 1725 2780 usque
1790 2695 1871 2760 ad
1927 2717 2112 2760 suam
2166 2699 2443 2759 aetatem
2504 2694 2910 2778 supplerent,

602 2792 812 2857 omnis
859 2785 1134 2858 historia
1179 2793 1260 2856 ad
1305 2793 1693 2858 christianos
1741 2791 2145 2878 Graecosque
2192 2793 2519 2879 migrauit.
2595 2813 2906 2877 magnum

601 2893 820 2954 tamen
870 2911 1184 2955 annorum
1232 2912 1574 2955 numerum
1626 2913 2081 2978 supergressus
2130 2890 2553 2976 Symmachos
2600 2895 2665 2954 et
2708 2887 2906 2952 Nico·

605 2989 866 3053 machos
914 3010 1263 3073 eorumque
1309 2990 1538 3077 socios,
1584 3012 1860 3075 quorum
1905 2991 1975 3055 in
2020 2989 2268 3054 familia
2317 2987 2553 3054 ueteris
2598 2985 2909 3051 historiae

605 3085 891 3152 studium
939 3090 1004 3152 et
1043 3085 1334 3152 doctrina
1379 3087 1681 3173 effloruit,
1728 3087 1971 3173 addidi,
2019 3087 2139 3151 etsi
2188 3109 2267 3152 ex
2325 3086 2628 3153 omnibus
2684 3105 2908 3150 eorum

605 3183 1070 3269 scriptionibus
1103 3207 1304 3249 unum
1342 3185 1676 3250 christiani
1714 3186 2153 3272 fragmentum
2190 3207 2343 3252 suae
2380 3183 2529 3249 fidei
2570 3181 2907 3267 scriptoris

607 3283 688 3347 ad
734 3282 1187 3367 posteritatem
1234 3283 1574 3368 peruenire
1619 3283 1985 3348 uoluerunt.

787 3379 986 3444 Ordo
1041 3380 1557 3466 fragmentorum
1617 3381 1675 3446 is
1730 3385 1847 3465 est,
1894 3385 1968 3445 ut
2014 3403 2089 3445 ea
2135 3402 2300 3465 quae
2356 3379 2548 3444 certis
2594 3377 2910 3443 librorum

607 3478 894 3543 numeris
953 3477 1259 3542 distincta
1313 3483 1490 3563 sunt,
1548 3478 1604 3543 si
1660 3479 1729 3542 in
1782 3501 1998 3544 rerum
2054 3481 2427 3544 contextum
2484 3475 2913 3560 probabiliter

611 3575 817 3661 redigi
873 3598 1004 3640 non
1059 3576 1412 3659 potuerint,
1460 3576 1721 3640 initium
1770 3576 2031 3660 faciant,
2077 3580 2291 3641 cetera
2338 3574 2643 3640 asterisco
2689 3572 2910 3638 addito

613 3675 718 3738 uel
763 3695 978 3738 rerum
1023 3677 1428 3738 narratarum
1465 3674 1869 3758 temporibus
1910 3673 2015 3741 uel
2053 3674 2335 3739 auctoris
2374 3675 2587 3738 aetate
2624 3671 2731 3736 uel
2766 3671 2915 3754 alia,

613 3793 776 3856 quae
822 3771 1157 3835 commoda
1202 3770 1400 3836 fuerit
1447 3793 1638 3836 causa
1685 3773 2002 3858 disposita
2048 3772 2543 3857 subsequantur.

791 3867 889 3933 De
943 3869 1036 3933 eis
1090 3869 1579 3936 recensendis
1637 3871 1947 3955 optimam
2009 3892 2329 3955 quamque
2377 3868 2725 3934 editionem
2771 3887 2915 3932 auc·—

615 3967 1076 4052 toritatemque
1123 3966 1252 4031 adii
1290 3971 1485 4052 atque
1523 3968 1899 4052 adparatum
1939 3967 2233 4034 criticum
2280 3967 2373 4033 ita
2418 3965 2793 4050 subscripsi,
2840 3969 2915 4028 ut

614 4064 776 4130 alios
821 4064 1025 4130 libros
1061 4066 1360 4130 euoluere
1394 4088 1528 4130 non
1561 4087 1821 4132 necesse
1861 4071 2044 4133 esset.
2111 4067 2263 4131 hinc
2298 4087 2521 4132 eorum
2559 4085 2913 4149 paucorum

613 4164 1146 4250 fragmentorum,
1223 4185 1497 4247 quorum
1572 4164 1714 4249 ipsa
1787 4165 1989 4229 uerba
2064 4168 2320 4228 seruata
2392 4168 2571 4248 sunt,
2634 4159 2917 4226 uarietas

615 4261 974 4345 scripturae
1039 4261 1231 4345 plena
1294 4265 1554 4345 praesto
1622 4267 1739 4346 est,
1802 4261 2093 4347 aliorum,
2152 4285 2314 4346 quae
2366 4261 2629 4326 nomina
2682 4280 2919 4344 resque
