3234 5034
977 368 1073 423 DE
1111 368 1356 423 GENTE
1395 368 1657 423 POPVLI
1700 368 1984 423 ROMANI
2554 371 2626 432 11,

339 535 649 615 dringenti.
725 556 876 617 quos
913 536 1087 617 solos,
1126 539 1399 616 quamuis
1435 536 1680 617 mythici
1721 538 2005 616 temporis
2042 544 2390 617 postremos,
2438 542 2635 598 tamen

339 637 468 714 quia
533 654 564 695 a
632 637 918 696 memoria
989 638 1346 716 scriptorum
1421 636 1725 715 proximos
1790 634 2030 717 quidam
2096 636 2321 696 certius
2385 634 2633 696 definire

336 732 669 795 uoluerunt„
737 742 798 795 et
853 733 1094 814 quidem
1150 733 1418 795 Sosibius
1466 736 1711 813 scripsit
1767 752 1897 794 esse
1946 745 2384 813 cccnxxxxv,
2431 732 2635 795 Erato·

337 832 574 893 sthenes
615 841 813 894 autem
853 842 1081 912 septem
1121 840 1180 894 et
1217 830 1702 913 quadringentos,
1740 831 2019 893 Timaeus
2050 844 2390 911 ccccxvn,
2426 831 2635 892 Aretes

286 948 312 989 s
337 944 530 1009 Dxm,
587 939 649 992 et
701 940 1011 1010 praeterea
1067 930 1238 992 multi
1297 930 1562 1010 diuerse,
1609 948 1865 1011 quorum
1922 931 2100 991 etiam
2156 932 2283 1009 ipsa
2346 929 2636 991 dissensio

337 1030 628 1090 incertum
691 1048 824 1090 esse
888 1028 1161 1091 declarat.
1240 1028 1312 1090 de
1373 1030 1548 1089 tertio
1619 1036 1819 1090 autem
1886 1036 2153 1108 tempore
2218 1028 2331 1088 fuit
2394 1027 2633 1108 quidem

335 1125 526 1207 aliqua
564 1130 724 1188 inter
761 1136 1036 1189 auctores
1076 1127 1369 1189 dissensio
1413 1129 1474 1187 in
1514 1146 1616 1187 sex
1666 1134 1971 1206 septemue
2020 1125 2425 1187 tantummodo
2464 1129 2635 1187 annis

334 1232 595 1287 uersata:
653 1226 758 1287 sed
823 1226 934 1287 hoc
1000 1225 1416 1306 quodcumque
1483 1225 1753 1305 caliginis
1809 1224 1991 1285 Varro
2059 1225 2342 1286 discussit
2402 1233 2465 1285 et
2526 1243 2635 1305 pro

337 1333 534 1385 cetera
563 1343 670 1385 sua
699 1326 1018 1404 sagacitate
1047 1343 1208 1386 nunc
1238 1324 1610 1386 diuersarum
1642 1325 1971 1385 ciuitatium
2004 1324 2317 1384 conferens
2354 1329 2636 1405 tempora,

261 1440 312 1481 ιο
335 1440 490 1483 nunc
541 1422 809 1483 defectus
856 1440 1183 1503 eorumque
1230 1422 1542 1483 interualla
1590 1430 1752 1483 retro
1802 1420 2185 1482 dinumerans
2228 1424 2388 1482 eruit
2422 1440 2633 1484 uerum

334 1520 645 1600 lucemque
691 1521 968 1601 ostendit,
1014 1539 1123 1603 per
1169 1538 1346 1602 quam
1391 1538 1680 1581 numerus
1728 1528 1929 1581 certus
1976 1537 2093 1581 non
2132 1538 2423 1581 annorum
2459 1519 2635 1581 modo

335 1618 437 1679 sed
485 1626 547 1680 et
595 1618 828 1681 dierum
877 1622 1140 1700 perspici
1185 1621 1390 1699 possit.

510 1719 581 1789 4.
631 1728 887 1802 Auqnst.
928 1729 1003 1789 de
1050 1732 1167 1789 cin.
1207 1730 1263 1788 d.
1303 1727 1512 1788 XXII
1549 1726 1637 1787 28
1700 1724 2030 1787 Mirabilius
2096 1732 2296 1787 autem
2354 1724 2635 1804 quiddam

333 1813 567 1885 Marcus
604 1824 786 1885 Varro
841 1828 1010 1905 ponit
1063 1827 1126 1886 in
1181 1825 1352 1886 libris
1360 1872 1378 1905 ,
1436 1844 1586 1905 quos
1647 1826 2003 1904 conscripsit
2064 1823 2135 1885 de
2194 1829 2372 1903 gente
2431 1823 2637 1904 populi

260 1938 309 1981 ιι
332 1922 608 2001 Romani,
675 1925 846 1984 cuius
904 1926 1111 2004 putaui
1166 1923 1351 1985 uerba
1406 1924 1536 2004 ipsa
1594 1922 1895 2003 ponenda:
1962 1920 2329 1984 Genethliaci
2395 1922 2635 2002 quidam

333 2023 724 2101 scripserunt,
772 2024 982 2103 inquit,
1029 2042 1162 2084 esse
1209 2024 1272 2083 in
1317 2021 1704 2084 renascendis
1742 2020 2084 2083 hominihus
2123 2038 2301 2100 quam
2341 2020 2637 2101 appellant

331 2118 846 2199 παλιγγενεσίαν
892 2120 1134 2203 Graeci3
1191 2120 1300 2182 hac
1357 2122 1732 2200 scripserunt
1786 2120 1999 2181 confici
2056 2121 2118 2179 in
2166 2118 2338 2179 annis
2384 2136 2635 2179 numero

333 2217 785 2298 quadringentis
833 2218 1237 2299 quadraginta,
1285 2226 1351 2281 ut
1395 2218 1553 2280 idem
1604 2237 1822 2299 corpus
1868 2225 1930 2279 et
1976 2217 2181 2279 eadem
2226 2218 2437 2297 anima,
2483 2235 2636 2298 quae

333 2316 560 2378 fuerint
603 2318 916 2377 coniuncta
964 2320 1026 2379 in
1071 2316 1313 2379 homine
1359 2316 1702 2397 aliquando,
1759 2316 1964 2379 eadem
2022 2334 2231 2378 rursus
2280 2314 2531 2377 redeant
2572 2317 2635 2376 in

257 2430 310 2469 ’Φ
333 2417 833 2479 coniunctionem.

515 2516 620 2585 5⁸.
697 2525 952 2601 Anqust.
1003 2525 1058 2583 d.
1107 2528 1226 2585 eiu.
1275 2526 1332 2584 d.
1385 2524 1625 2584 XVIII
1666 2523 1709 2583 8
1773 2522 2141 2601 Quamquam
2204 2519 2443 2601 Ogygus
2486 2523 2635 2601 ipse

335 2620 570 2701 quando
617 2621 823 2700 fuerit,
881 2622 1052 2683 cuius
1112 2621 1477 2701 temporibus
1525 2622 1704 2683 etiam
1753 2620 2042 2681 diluuium
2088 2637 2368 2699 magnum
2416 2618 2636 2681 factum
2716 2698 2732 2712 ι

335 2728 442 2797 est,
487 2738 610 2780 non
659 2718 806 2781 illud
851 2722 1191 2798 maximum,
1238 2722 1300 2780 in
1339 2738 1456 2799 quo
1494 2718 1645 2781 nulli
1680 2718 1953 2779 homines
1991 2727 2329 2797 euaserunt,
2375 2719 2495 2778 nisi
2534 2719 2637 2797 qui

335 2820 396 2877 in
457 2835 594 2878 arca
655 2835 789 2878 esse
846 2825 1186 2898 potuerunt,
1246 2817 1403 2898 quod
1467 2818 1735 2895 gentium
1794 2835 1905 2877 nec
1966 2815 2189 2876 Graeca
2255 2834 2365 2877 nec
2430 2814 2637 2876 Latina

255 2929 304 2969 2⁵
333 2918 504 2977 nouit
547 2916 812 2993 historia,
857 2916 964 2979 sed
1011 2922 1210 2976 tamen
1257 2917 1446 2976 maius
1495 2934 1671 2995 quam
1710 2924 1914 2994 postea
1952 2921 2222 2993 tempore
2259 2912 2635 2974 Deucalionis

515 3138 578 3195 4.
614 3140 712 3194 Ad
729 3144 826 3195 Au
861 3142 1110 3196 ustinwm
1135 3141 1504 3211 discrepantes
1525 3141 1831 3209 scriptawoe
1854 3140 2053 3195 addidi
2075 3156 2142 3195 ex
2159 3140 2287 3195 Em.
2302 3140 2637 3207 Hoffmanm‘

335 3213 572 3268 editione
607 3213 761 3267 codd.
793 3159 1183 3268 ssarisinorum
1217 3216 1368 3267 2050
1389 3216 1492 3280 (a),
1519 3216 1666 3267 2051
1690 3212 1793 3280 (b),
1832 3215 2014 3266 11638
2034 3214 2129 3278 (e),
2168 3214 2349 3266 12215
2372 3213 2475 3281 (9),
2522 3210 2634 3267 Pa-

335 3284 659 3339 tauinorum
684 3288 826 3338 1469
847 3286 927 3353 (p)
955 3290 1006 3337 et
1034 3288 1180 3339 1490
1202 3288 1310 3353 (q),
1348 3284 1883 3339 Dombarbiwnomm
1924 3284 2345 3337 Mmmoensium
2365 3288 2505 3337 3831
2531 3286 2637 3350 (a),

335 3360 488 3482 3236?
507 3358 622 3423 (φ),
663 3358 812 3409 6259
833 3358 932 3481 gp).
989 3362 1204 3425 apertos
1241 3362 1422 3410 tamen
1468 3372 1674 3411 errores
1720 3354 1873 3409 codd.
1904 3371 1932 3409 e
1968 3360 2019 3409 et
2047 3371 2091 3423 p
2137 3354 2296 3409 nolui
2340 3371 2637 3425 recoquere,

411 3428 433 3481 i
457 3428 566 3483 soli
593 3442 681 3481 eos
707 3426 836 3481 exhi
867 3432 972 3481 ent.

337 3640 478 3697 anni
517 3642 660 3698 sunt
693 3634 918 3717 neco).
957 3644 1176 3700 cerum
1208 3642 1360 3699 illud
1397 3644 1481 3699 est
1512 3639 1651 3699 hinc
1689 3640 1771 3699 ad
1808 3640 2091 3699 excidium
2135 3639 2346 3698 Troiae
2386 3640 2637 3713 referen-

337 3730 478 3788 dum
506 3746 644 3788 esse.
785 3730 883 3787 17.
922 3729 1302 3807 quadrigenti
1340 3730 1473 3787 DV
1595 3730 1651 3788 3.
1700 3728 2099 3788 emtosthenes
2134 3728 2268 3789 DV
2391 3730 2449 3786 4.
2489 3746 2635 3803 qua.-

335 3817 644 3895 drigentos
672 3816 735 3875 D
868 3817 1088 3878 timeus
1118 3820 1182 3878 D
1223 3818 1466 3878 itimeus
1506 3819 1556 3877 V
1672 3820 1860 3878 erotes
1888 3818 2022 3878 DV
2062 3816 2267 3877 Grates
2296 3819 2441 3878 coni.
2470 3818 2523 3877 J
2517 3818 2638 3877 alm

521 3909 574 3965 7.
625 3908 856 3966 actores
904 3908 968 3966 D
1012 3912 1146 3968 mate
1191 3926 1335 3967 corr.
1539 3910 1594 3967 9.
1644 3910 1953 3968 conterens
1991 3908 2053 3966 D
2066 3908 2123 3967 V
2317 3908 2416 3966 10.
2464 3904 2636 3965 dinu-

335 4014 572 4055 merans
620 3986 755 4075 (din
799 3998 866 4055 ien
907 3988 1058 4077 ναε.)
1079 3998 1142 4055 D

517 4077 588 4164 4,
641 4086 742 4145 15.
790 4084 1030 4160 quidem
1061 4105 1104 4161 y
1311 4086 1414 4144 16.
1468 4084 1873 4162 renascendis]
1932 4087 2036 4145 hoc
2068 4086 2459 4161 participium
2501 4104 2639 4145 uere

337 4178 422 4233 est
460 4173 918 4241 Varronianmn,
957 4175 1031 4248 cf.
1059 4175 1113 4234 d.
1135 4176 1236 4234 Η.
1265 4174 1364 4235 VI
1387 4179 1468 4235 11
1630 4178 1727 4234 17.
1775 4176 1931 4235 hanc
1968 4174 2170 4251 scrips.
2201 4192 2241 4233 a
2322 4174 2431 4234 has
2468 4192 2576 4233 scr.
2599 4197 2639 4233 α

337 4262 524 4323 adeor.
555 4264 591 4322 b
656 4280 832 4322 assor.
874 4285 909 4339 ρ

520 4362 588 4450 5,
638 4372 740 4429 21.
788 4355 982 4450 οςίᾇίε
1021 4372 1054 4430 b
