3234 5034
592 350 917 398 xxxxvtn
1091 329 1188 384 DE
1228 327 1693 385 SCRIPTORVM
1728 326 1919 382 VITIS
1956 325 2051 382 ΕΤ
2089 325 2403 384 SCRIPTIS

593 517 787 576 supra
811 517 880 576 p.
909 502 1188 578 xxvsq),
1226 505 1352 559 tum
1389 497 1463 559 de
1501 495 1823 558 Alcibiadis
1858 495 2127 558 moribus
2174 498 2423 575 aequius
2470 495 2694 558 iudicat
2740 515 2899 558 com-

597 604 794 658 motus
859 605 1136 677 respectu
1198 595 1561 675 Thucydidis
1624 603 1694 656 ut
1750 591 2041 656 ‘eiusdem
2069 595 2075 600 '
2106 589 2350 656 aetatis'
2412 603 2474 656 et
2537 594 2903 675 Theopompi

600 687 789 777 (‘post
834 695 1132 775 aliquanto
1179 688 1363 778 nati')
1411 693 1757 772 Timaeique
1802 703 1869 754 ut
1915 696 1979 754 in
2026 695 2243 755 ceteris
2290 692 2471 754 rebus
2518 688 2901 756 ‘maledicen-

596 788 998 855 tissimorum'
1044 795 1135 870 (7,
1165 793 1268 870 11,
1300 794 1387 867 1).
1463 810 1821 872 quamquam
1866 793 1930 852 in
1976 790 2319 871 Thucydide
2367 791 2759 853 describendo
2805 811 2902 853 ac-

597 899 802 952 curata
849 891 1154 971 diligentia
1201 893 1379 952 etiam
1425 890 1524 950 hic
1571 891 1779 950 caruit.

775 998 996 1060 Eadem
1032 999 1428 1060 inconstantia
1465 999 1527 1057 in
1567 996 1747 1058 rebus
1786 995 2041 1076 publicis
2079 996 2461 1058 aestimandis
2502 1000 2753 1078 insignis
2790 1007 2901 1060 est.

595 1096 668 1156 ab
697 1116 818 1157 una
843 1105 1010 1176 parte
1039 1096 1238 1158 laudat
1255 1094 1533 1156 Miltiadis
1561 1096 1627 1155 in
1648 1094 2059 1155 Chersonneso
2088 1095 2460 1173 tyrannidem
2483 1089 2557 1179 (I
2576 1097 2636 1173 2,
2656 1097 2700 1157 3
2709 1119 2734 1169 ;
2756 1097 2819 1173 8,
2839 1097 2901 1172 4,

597 1211 748 1273 quae
794 1213 861 1254 re
907 1213 1052 1256 uera
1090 1194 1505 1256 crudelissima
1544 1188 1686 1277 fuit)
1724 1191 1822 1254 uel
1872 1211 1945 1252 ex
1992 1191 2431 1272 Epaminondae
2478 1196 2602 1255 uita
2648 1194 2903 1273 intelligi

594 1311 770 1372 posse
835 1292 1138 1372 praedicat
1201 1311 1387 1354 unum
1449 1290 1752 1352 hominem
1816 1290 2007 1370 pluris
2082 1309 2259 1370 quam
2335 1293 2639 1354 ciuitatem
2712 1293 2901 1354 fuisse

598 1391 731 1466 (15,
763 1391 865 1468 10,
894 1392 964 1466 4)
1003 1390 1102 1452 uel
1138 1393 1200 1452 in
1247 1392 1480 1470 magnis
1525 1389 1849 1468 liberisque
1898 1387 2241 1450 ciuitatibus
2288 1389 2574 1451 inuidiam
2621 1392 2901 1453 comitem

596 1487 818 1567 gloriae
884 1507 1045 1569 esse,
1109 1497 1178 1550 ut
1240 1489 1488 1549 Athenis
1552 1506 1760 1549 omnes
1824 1488 2127 1566 principes
2188 1506 2221 1548 a
2286 1497 2609 1569 conspectu
2674 1491 2899 1550 ciuium

597 1605 842 1648 suorum
898 1589 1260 1649 recesserint
1308 1587 1441 1663 (12,
1469 1588 1530 1661 3,
1560 1588 1604 1647 3
1622 1589 1759 1662 sq),
1815 1585 2123 1646 inuehitur
2174 1588 2237 1645 in
2284 1604 2392 1646 sua
2438 1596 2722 1667 tempora,
2770 1590 2905 1666 qui·-

595 1684 709 1746 bus
745 1703 846 1746 res
883 1685 1120 1765 publica
1157 1687 1420 1765 potentia
1457 1684 1910 1745 administretur
1938 1685 2124 1757 (Cato
2152 1684 2213 1760 2,
2242 1684 2314 1758 2)
2344 1684 2443 1745 uel
2472 1687 2901 1764 imperatorum

598 1784 732 1859 (17,
762 1785 822 1858 4,
851 1784 922 1858 2)
961 1783 1058 1845 uel
1095 1792 1518 1844 ueteranorum
1549 1780 1683 1858 (18,
1713 1783 1773 1860 1,
1803 1783 1893 1861 2),
1930 1781 2070 1842 boni
2107 1800 2215 1861 pro
2252 1781 2527 1844 libertate
2564 1783 2776 1845 fortius
2815 1784 2900 1844 lo-

597 1888 856 1960 quantur
901 1900 1077 1960 quam
1123 1889 1394 1961 pugnent
1430 1881 1520 1958 (8,
1557 1881 1618 1958 2,
1647 1881 1726 1953 4,·
1772 1881 1851 1957 cs.
1883 1879 1941 1956 1,
1971 1881 2030 1958 6,
2058 1880 2149 1958 2),
2194 1880 2407 1960 probat
2451 1883 2515 1942 in
2550 1883 2728 1943 Attici
2772 1883 2903 1942 uita

595 1981 845 2058 Augusti
872 1981 1210 2059 imperium,
1235 1987 1442 2040 contra
1471 1979 1778 2040 rhetorum
1808 1996 1975 2039 more
2004 1996 2211 2039 eorum
2240 1980 2525 2040 uirtutem
2556 1979 2903 2060 admiratur,

595 2079 700 2157 qui
755 2085 1139 2159 tyrannorum
1195 2095 1344 2138 nece
1398 2080 1655 2158 patriam
1708 2079 1771 2137 in
1826 2075 2165 2138 libertatem
2220 2077 2529 2138 uindicare
2591 2081 2719 2139 ausi
2778 2081 2905 2139 sint

598 2175 803 2252 (20,1.
827 2175 889 2252 8,
902 2177 960 2252 1,
971 2176 1062 2255 2),
1082 2194 1277 2254 neque
1304 2174 1494 2237 ullum
1523 2176 1843 2254 imperium
1871 2181 2067 2236 tutum
2096 2193 2228 2235 esse
2256 2173 2545 2237 declamat
2572 2177 2690 2237 nisi
2718 2175 2901 2238 bene-

595 2272 857 2334 uolentia
920 2275 1216 2334 munitum
1284 2275 1417 2350 (10,
1455 2276 1514 2350 5,
1553 2275 1631 2345 3,·
1681 2273 1740 2348 9,
1779 2275 1850 2347 5)
1915 2273 2254 2352 multusque
2322 2281 2415 2334 est
2476 2275 2539 2333 in
2604 2273 2903 2336 mortibus

595 2389 806 2451 regum
869 2371 966 2432 uel
1031 2379 1418 2451 tyrannorum
1482 2370 1841 2432 exornandis
1906 2379 1967 2432 et
2020 2371 2450 2450 amplificandis
2458 2417 2477 2451 ,
2541 2374 2605 2432 in
2661 2391 2775 2451 qua
2832 2390 2900 2432 re

596 2467 820 2548 largam
873 2472 1186 2531 materiam
1241 2469 1582 2531 rhetoribus
1636 2469 1776 2530 talia
1822 2487 2003 2549 opera
2049 2468 2245 2549 qualia
2290 2468 2502 2530 Phanii
2546 2468 2740 2531 Eresii
2786 2491 2901 2531 τυ-

598 2565 865 2649 ράννων
911 2564 1280 2650 ἀναιρέσεις
1325 2563 1434 2629 καὶ
1491 2565 1799 2648 τιμωρίαι
1847 2568 2349 2647 Anaximenisque
2400 2568 2659 2628 rhetoris
2712 2567 2901 2648 βασι-

597 2661 764 2728 λέων
820 2666 1226 2747 μεταλλαγαί
1277 2665 1749 2745 suppeditabant.
1844 2665 2121 2726 similiter
2186 2667 2469 2727 materiae
2534 2668 2897 2746 proprietate

599 2763 812 2826 ductus
885 2763 1059 2825 modo
1133 2764 1442 2825 honestam
1516 2772 1771 2825 mortem
1846 2766 2006 2843 turpi
2080 2766 2239 2826 uitae
2312 2763 2634 2842 praelatam
2700 2763 2903 2825 laudat

599 2855 734 2946 (12,
763 2863 823 2939 4,
851 2864 941 2941 3),
987 2861 1160 2923 modo
1207 2862 1586 2942 prudentiam
1632 2881 1667 2922 e
1713 2862 1997 2940 grauibus
2044 2861 2325 2940 procellis
2372 2861 2650 2922 ciuilibus
2689 2860 2760 2923 ad
2806 2863 2901 2922 in·

596 2960 996 3022 columitatem
1043 2963 1495 3040 peruenientem
1543 2962 1696 3034 (Att.
1736 2961 1840 3037 10,
1870 2962 1957 3034 6).

777 3067 893 3129 Sed
941 3068 1086 3129 haec
1133 3067 1449 3128 diuersitas
1497 3069 1674 3128 etiam
1722 3070 1785 3128 iu
1833 3069 1963 3147 ipsa
2007 3069 2255 3128 materia
2303 3069 2685 3146 conspicitur.
2762 3085 2897 3128 nam

597 3168 658 3227 in
708 3166 840 3227 aliis
889 3165 1104 3247 ducum
1145 3168 1288 3226 uitis
1329 3185 1425 3226 res
1462 3165 1707 3226 bellicas
1743 3165 1841 3227 uel
1878 3165 2223 3244 posthabuit
2258 3164 2357 3226 uel
2395 3167 2649 3226 strictim
2688 3167 2899 3244 tetigit,

596 3267 678 3326 ita
731 3273 799 3326 ut
853 3263 1083 3325 fabulae
1140 3264 1404 3344 aliaeque
1461 3265 1835 3325 narrationes
1891 3263 2065 3342 longe
2113 3271 2483 3342 superarent,
2532 3271 2591 3323 at
2636 3262 2898 3324 Datamis

598 3372 658 3424 et
703 3362 986 3424 Eumenis
1033 3363 1186 3423 vitae
1243 3380 1443 3424 rerum
1499 3362 1771 3424 ordinem
1822 3379 2011 3443 paene
2056 3379 2222 3423 more
2271 3361 2553 3422 historiae
2602 3361 2900 3441 explicant

596 3468 657 3522 et
694 3459 1026 3522 fabularum
1064 3461 1232 3539 copia
1269 3479 1456 3540 paene
1487 3463 1727 3522 omnino
1755 3467 1987 3538 uacant,
2018 3460 2349 3539 similisque
2378 3461 2610 3538 species
2636 3459 2897 3520 Dioneae

598 3568 704 3620 est.
789 3577 899 3619 nec
963 3577 1250 3619 uersuum
1315 3561 1551 3619 numeri
1617 3560 1895 3639 grauitati
1961 3560 2227 3619 uirorum
2284 3575 2457 3636 pares
2522 3565 2677 3618 sunt.
2752 3556 2899 3636 quid

599 3656 754 3736 quod
810 3674 1017 3735 regum
1073 3655 1311 3717 illorum
1367 3659 1526 3717 uitae
1541 3652 1593 3740 ¹)
1651 3666 1891 3736 praeter
1946 3655 2291 3717 Hannibalis
2355 3658 2622 3716 omnium
2678 3655 2899 3733 longis-

598 3758 781 3816 simae
829 3763 982 3816 sunt.
1060 3772 1130 3815 ex
1177 3772 1294 3834 qua
1341 3753 1737 3834 disputatione
1786 3774 1900 3816 nec
1946 3754 2149 3816 multis
2196 3773 2267 3814 ex
2315 3752 2580 3814 fontibus
2620 3771 2716 3814 res
2756 3773 2899 3813 con-

598 3855 835 3933 quirere
889 3870 1001 3913 nec
1057 3871 1320 3914 summas
1376 3871 1474 3914 res
1530 3853 1751 3932 eligere
1806 3870 1918 3914 nec
1972 3861 2197 3914 certam
2243 3854 2561 3931 imaginem
2608 3850 2899 3930 Nepotem

600 3952 919 4031 depingere
967 3951 1084 4012 sibi
1129 3953 1511 4031 proposuisse
1563 3951 1823 4031 adparet.

778 4184 830 4242 1)
868 4175 1124 4231 Datamis
1161 4179 1395 4232 excusat
1429 4193 1566 4232 sane
1603 4177 2019 4248 longitudinem
2055 4191 2241 4230 rerum
2276 4178 2563 4245 gestarum
2600 4177 2660 4229 et
2696 4174 2899 4229 obseu-

595 4256 766 4312 ritate
804 4260 863 4311 et
897 4257 1134 4324 rat—ione,
1171 4257 1272 4311 sed
1298 4256 1623 4328 Pelopidae,
1661 4275 1829 4326 quem
1864 4256 2001 4312 item
2040 4255 2212 4326 uulgo
2248 4255 2504 4326 ignotum
2534 4254 2708 4309 fuisse
2736 4254 2903 4326 dicit,

599 4338 777 4392 uitam
814 4336 909 4391 uix
947 4337 1186 4391 dimidia.
1220 4341 1383 4407 part-‚e
1421 4339 1716 4409 transegit.
