3234 5034
1367 341 1587 396 V1TAE
2498 340 2618 403 137

511 506 621 575 10.
673 513 844 574 Max.
883 509 988 586 28,
1023 509 1068 570 8
1118 510 1192 572 Et
1229 511 1506 590 quoniam
1547 509 1620 570 ad
1658 508 2040 570 Maximinum
2084 511 2382 570 seniorem
2420 526 2623 570 reuer-

333 613 530 691 timur,
586 629 686 672 res
739 609 996 672 iucunda
1051 609 1486 690 praetereunda
1531 627 1651 670 non
1700 616 1813 670 est:
1872 626 2011 669 nam
2057 626 2193 670 cum
2238 614 2399 669 esset
2444 607 2623 668 Maxi-

329 712 527 771 minus
582 708 828 790 pedum,
887 716 955 770 ut
1010 707 1292 786 diximus,
1357 715 1490 769 octo
1547 715 1608 770 et
1668 725 1853 787 prope
1910 709 2091 768 semis
2100 753 2118 786 ,
2174 705 2627 769 calciamentum
2660 705 2729 762 fr.
2760 710 2792 760 8

329 811 485 886 eius,
541 807 604 869 id
661 815 753 869 est
805 825 1154 886 campagum
1208 809 1466 886 regium,
1526 805 1764 886 quidam
1822 808 1885 866 in
1940 804 2100 884 luco,
2156 807 2261 885 qui
2314 813 2409 866 est
2462 809 2627 867 inter

276 919 300 960 ⁶
329 906 661 987 Aquileiam
708 914 770 969 et
805 905 1058 985 Arciam,
1103 914 1449 986 posuerunt,
1496 904 1655 986 quod
1700 906 1968 966 constitit
2012 903 2163 984 pede
2210 906 2403 966 maius
2440 904 2625 966 fuisse

325 1007 588 1066 hominis
633 1006 886 1084 uestigio
931 1023 1230 1066 mensura.
1310 1004 1469 1066 unde
1516 1007 1695 1066 etiam
1749 1003 1929 1082 uulgo
1993 1009 2249 1066 tractum
2312 1011 2429 1083 est,
2490 1022 2626 1066 cum

329 1103 402 1166 de
449 1103 644 1184 longis
691 1110 751 1164 et
797 1105 1018 1183 ineptis
1063 1101 1406 1165 hominibus
1453 1102 1754 1165 diceretur
1799 1098 2011 1182 ‘caliga
2056 1097 2399 1164 Maximini'.
2469 1101 2627 1182 quod

327 1202 554 1264 idcirco
619 1201 828 1283 indidi,
892 1220 969 1262 ne
1034 1203 1184 1282 quis,
1247 1207 1304 1264 si
1359 1200 1617 1263 Cordum
1681 1200 1933 1280 legeret,
1990 1219 2086 1262 me
2152 1201 2628 1282 praetermisisse

330 1300 608 1363 crederet
653 1300 895 1380 aliquid,
942 1299 1102 1380 quod
1147 1299 1220 1362 ad
1265 1308 1496 1380 patrem
1539 1301 1889 1380 pertineret.

252 1411 303 1452 1⁰
513 1393 620 1463 11.
671 1399 841 1461 Max.
873 1399 978 1477 29,
1008 1400 1096 1461 10
1149 1397 1308 1460 Haec
1344 1405 1484 1460 sunt
1519 1416 1672 1479 quae
1710 1397 1783 1460 de
1820 1416 2006 1478 puero
2047 1397 2443 1486 [Maximino]
2485 1401 2629 1460 sciri

331 1504 392 1559 et
448 1497 568 1558 dici
633 1498 847 1561 decuit.
931 1496 1161 1578 reliqua
1225 1499 1328 1578 qui
1391 1496 1552 1559 uolet
1615 1515 1794 1558 nosse
1861 1496 1932 1558 de
1997 1497 2179 1558 rebus
2236 1499 2503 1559 ueneriis
2570 1507 2628 1558 et

331 1598 653 1675 amatoriis,
701 1595 918 1676 quibus
965 1614 1102 1658 eum
1149 1595 1377 1657 Cordus
1423 1597 1701 1676 aspergit,
1748 1594 2005 1657 eundem
2050 1595 2223 1675 legat.

513 1689 630 1758 12.
681 1696 852 1757 Max.
889 1695 996 1771 27,
1035 1697 1079 1757 6
1123 1695 1422 1774 Desponsa
1459 1693 1548 1756 illi
1586 1692 1961 1772 [Maximino
1998 1694 2255 1773 iuniori]
2295 1701 2425 1756 erat
2460 1694 2628 1756 lunia

331 1791 571 1874 Fadilla,
619 1795 926 1874 proneptis
972 1794 1270 1854 Antonini.
1307 1825 1395 1836 -—
1441 1801 1793 1856 manserunt
1836 1801 2033 1854 autem
2080 1792 2235 1873 apud
2281 1811 2411 1854 eam
2459 1811 2627 1855 arrae

253 1911 304 1953 ιε
331 1893 552 1972 regiae,
598 1911 748 1972 quae
794 1891 944 1954 tales
992 1883 1088 1976 (ut
1133 1891 1338 1954 Iunius
1385 1891 1616 1954 Cordus
1660 1891 1940 1972 loquitur,
1984 1892 2197 1954 harum
2244 1909 2446 1953 rerum
2492 1910 2628 1971 per·

331 1984 603 2075 secutor)
652 1992 710 2052 ei
755 1990 942 2052 fuisse
981 1990 1286 2053 dicuntur:
1333 1989 1699 2052 monolinum
1740 1989 1813 2052 de
1850 1989 2000 2052 albis
2036 1977 2285 2070 nouem,
2310 1988 2627 2053 reticulum

333 2107 470 2151 cum
524 2091 784 2170 prasinis
839 2088 1142 2167 undecim,
1200 2087 1679 2151 dextrocherium
1734 2107 1869 2151 cum
1922 2089 2131 2170 copula
2177 2088 2249 2150 de
2294 2087 2629 2169 hyacinthis

332 2194 612 2267 quattuor
656 2195 896 2268 praeter
933 2194 1135 2250 uestes
1177 2194 1411 2249 auratas
1445 2195 1507 2249 et
1542 2205 1749 2249 omnes
1788 2189 1982 2266 regias
2019 2193 2333 2267 ceteraque
2372 2189 2628 2268 insignia

198 2353 208 2359 ,
332 2285 788 2366 sponsaliorum.

252 2404 304 2444 so
517 2378 634 2448 13.
688 2386 870 2447 Gord.
911 2386 1014 2463 17,
1050 2385 1095 2446 3
1141 2383 1259 2446 Sed
1305 2403 1414 2465 ego
1461 2384 1696 2446 Iunium
1744 2383 2004 2446 Cordum
2050 2403 2287 2465 sequor,
2334 2387 2439 2465 qui
2485 2383 2629 2447 dicit

333 2501 405 2544 ex
453 2481 732 2545 omnihus
775 2483 871 2544 his
909 2483 1148 2545 familiis
1178 2483 1527 2562 [Serpioni3,
1559 2485 1821 2561 Pompei,
1852 2459 2317 2564 Antoninorum,
2343 2483 2624 2562 Antonii]

333 2580 854 2644 Gordianorum
899 2581 1190 2644 coaluisse
1236 2581 1620 2643 nobilitatem.

517 2673 634 2743 14.
689 2682 870 2742 Gord.
910 2681 970 2753 4,
1007 2681 1052 2741 6
1096 2679 1326 2743 Cordus
1372 2680 1517 2742 dicit
1560 2682 1625 2741 in
1672 2679 1947 2742 omnibus
1992 2680 2336 2743 ciuitatibus
2382 2680 2627 2762 Campa·

331 2781 486 2858 niae,
533 2778 826 2858 Etruriae,
873 2778 1163 2858 Vmbriae,
1209 2777 1551 2858 Flaminiae,
1595 2778 1802 2841 Piceni
1846 2778 1919 2840 de
1954 2781 2199 2859 proprio
2234 2778 2405 2841 illum
2444 2779 2626 2858 [Gor-

251 2901 302 2942 25
332 2879 588 2941 dianam
645 2881 918 2955 primum
981 2881 1246 2940 nondum
1311 2876 1764 2956 imperatorem]
1830 2895 1941 2956 per
2002 2877 2397 2958 quadriduum
2458 2877 2628 2940 ludos

332 2978 642 3037 scaenicos
689 2983 748 3036 et
792 2975 1092 3037 iuuenalia
1137 2975 1414 3038 edidisse.

517 3067 634 3138 15.
689 3076 872 3136 Gora.
902 3075 963 3153 5,
991 3076 1034 3134 5
1079 3073 1321 3137 Amatus
1369 3081 1462 3136 est
1505 3073 1576 3136 ab
1614 3074 1773 3136 Afris
1810 3073 2197 3154 [Gordianus
2224 3079 2471 3154 primus
2502 3093 2629 3153 pro
2664 3042 2769 3121 Ψ

333 3171 606 3251 consule]
656 3174 738 3233 ita
783 3180 852 3234 ut
893 3191 1070 3234 nemo
1117 3179 1287 3235 antea
1334 3171 1786 3253 proconsulum,
1831 3175 1913 3235 ita
1959 3181 2027 3234 ut
2071 3191 2208 3236 eum
2256 3173 2355 3235 alii
2402 3173 2628 3254 Scipio·
2666 3131 2768 3182 ⁹8⁸

333 3289 490 3351 nem,
547 3270 828 3332 Catonem
885 3271 1011 3351 alii,
1065 3271 1238 3334 multi
1291 3270 1552 3334 Mucium
1607 3291 1676 3333 ac
1729 3271 2023 3334 Rutilium
2076 3278 2178 3334 aut
2227 3271 2493 3334 Laelium
2542 3271 2629 3332 di-

247 3395 304 3434 so
333 3378 560 3431 cerent.
634 3376 794 3430 extat
847 3387 1054 3431 eorum
1109 3369 1484 3449 adclamatio,
1540 3389 1691 3450 quae
1748 3389 1780 3432 a
1835 3370 2005 3431 lunio
2061 3373 2122 3432 'm
2170 3369 2399 3433 litteras
2445 3370 2629 3432 relata

521 3541 631 3628 10,
682 3546 736 3609 l.
783 3551 1072 3611 maximas
1111 3553 1167 3609 P
1205 3550 1594 3611 Maximinum
1641 3553 1929 3610 seniorem
1968 3569 2072 3611 eon.
2099 3551 2281 3611 Salm.

335 3644 395 3700 2.
441 3639 938 3716 praetereundum
975 3641 1033 3698 P
1054 3658 1158 3700 em.
1186 3641 1366 3700 Salon.
1563 3645 1620 3699 4.
1668 3642 1825 3700 inter
1859 3658 1968 3700 om.
1996 3641 2055 3700 P
2238 3643 2293 3699 5.
2340 3640 2552 3718 pedem
2579 3641 2636 3700 P

336 3733 396 3790 6.
442 3747 721 3789 mensura.
763 3733 896 3803 fovi.
927 3729 1042 3789 del.
1307 3731 1363 3789 8.
1421 3732 1474 3790 si
1519 3731 1657 3790 add.
1687 3731 2017 3804 Petscheniy
2288 3732 2343 3789 9.
2396 3732 2627 3807 patrem

332 3819 720 3881 Kellerbauer
762 3837 889 3878 rem
924 3819 984 3877 P

519 3899 636 3990 11,
684 3910 785 3969 11.
833 3907 1016 3969 didici
1049 3909 1108 3968 P

518 3989 638 4078 12,
686 3999 786 4057 14.
833 4001 1042 4059 antoni
1068 3999 1127 4058 P
1253 4018 1326 4059 ea
1361 3999 1419 4058 P
1595 3999 1695 4058 15.
1740 4001 2147 4076 persecutores
2174 3998 2233 4056 P
2268 4002 2629 4075 persecutor,

334 4088 396 4146 ei
428 4086 642 4147 Novak
682 4087 858 4164 Diem
905 4089 1066 4148 1884
1103 4107 1169 4163 p.
1199 4090 1329 4148 201
1543 4091 1641 4149 16.
1688 4089 2015 4150 monolium
2053 4088 2112 4147 P
2135 4105 2239 4148 em.
2272 4087 2403 4148 Cas.

338 4179 441 4237 17.
489 4195 626 4236 cum
670 4177 808 4237 add.
845 4195 881 4246 ς
1060 4177 1393 4254 yachinctis
1430 4178 1489 4236 P

519 4257 636 4344 14,
687 4267 786 4325 24.
834 4267 1063 4345 etruria
1109 4269 1169 4326 et
1204 4260 1291 4326 1²¹
1336 4267 1597 4329 etrnfiae
1645 4271 1706 4327 et
1741 4268 1923 4329 Pem.
2104 4267 2382 4327 flaminae
2420 4259 2505 4326 Ρ1

519 4347 636 4436 15,
685 4357 785 4416 28.
833 4375 967 4417 cum
1013 4356 1146 4416 aliis
1182 4355 1240 4417 P
