3234 5034
582 334 710 401 110
1385 333 1442 392 C.
1473 333 1696 393 PLINII
1732 335 2045 394 SECVNDI

576 505 803 585 scribit,
849 505 1076 567 Plinius
1115 505 1427 570 Secundus
1473 508 1537 567 in
1573 505 1875 587 Treueris,
1922 509 2059 568 uico
2094 506 2460 568 Ambitaruio
2504 525 2685 587 supra
2722 505 2871 567 Con-

575 603 846 666 fluentes
939 604 1102 667 addit
1147 608 1328 666 etiam
1373 624 1482 685 pro
1529 614 1878 684 argumento
1936 625 2068 668 aras
2114 606 2199 666 ibi
2245 605 2480 667 ostendi
2524 607 2871 684 inscriptas:

578 699 691 763 ‘Ob
737 703 1097 784 Agrippinae
1143 701 1571 784 puerperium’.
1666 704 1957 766 versiculi
2001 706 2331 784 imperante
2378 723 2512 765 mox
2562 723 2632 764 eo
2682 702 2872 764 diuul—

576 803 692 880 gati
742 802 896 881 apud
941 802 1224 864 hibernas
1271 802 1534 882 legiones
1580 811 1956 882 procreatum
2012 803 2302 864 indicant:

757 897 846 960 ‘In
903 904 1115 962 castris
1169 910 1369 980 natus,
1425 904 1636 982 patriis
1700 904 1961 964 nutritus
2026 904 2089 964 in
2152 905 2335 963 armis
2900 919 2928 959 ο

899 1001 1016 1060 iam
1065 999 1356 1080 designati
1401 1001 1693 1080 principis
1729 1019 1904 1061 omen
1944 997 2112 1062 erat’.

577 1096 700 1175 Ego
761 1099 822 1157 in
889 1099 1036 1159 actis
1094 1098 1234 1159 Anti
1291 1097 1519 1160 editum
1579 1101 1841 1159 inuenio.
1934 1097 2307 1161 Gaetulicum
2368 1098 2591 1160 refellit
2649 1097 2877 1159 Plinius

578 1197 747 1275 quasi
795 1197 1110 1257 mentitum
1155 1215 1264 1276 per
1311 1195 1725 1276 adulationem,
1771 1205 1840 1259 ut
1886 1196 1957 1258 ad
1996 1195 2200 1259 laudes
2238 1199 2474 1258 iuuenis
2512 1196 2877 1277 gloriosique

577 1295 869 1374 principis
917 1293 1137 1373 aliquid
1195 1297 1371 1356 etiam
1429 1313 1500 1356 ex
1547 1294 1698 1357 urbe
1746 1294 1986 1356 Herculi
2035 1315 2199 1357 sacra
2248 1304 2539 1375 sumeret,
2598 1295 2879 1356 abusum-

579 1411 696 1472 que
744 1393 1059 1454 audentius
1107 1393 1432 1474 mendacio,
1481 1393 1639 1474 quod
1686 1403 1821 1455 ante
1870 1413 2091 1456 annum
2137 1395 2261 1455 fere
2309 1401 2483 1456 natus
2522 1393 2879 1455 Germanico
2909 1409 2963 1450 ιο

579 1489 736 1551 tilius
798 1489 1009 1553 Tiburi
1075 1491 1288 1572 fuerat,
1351 1491 1683 1572 appellatus
1749 1499 1809 1553 et
1871 1494 2000 1572 ipse
2062 1491 2123 1554 C.
2171 1491 2403 1554 Caesar.
2472 1526 2545 1537 —
2616 1491 2877 1553 Plinium

582 1590 776 1666 arguit
823 1591 972 1650 ratio
1019 1597 1369 1671 temporum.

762 1682 830 1750 3.
885 1689 1074 1749 Tacit.
1106 1707 1247 1750 ann.
1278 1690 1319 1749 I
1341 1690 1427 1750 69
1471 1689 1827 1750 Peruaserat
1862 1691 2105 1751 interim
2144 1691 2539 1752 circumuenti
2578 1690 2881 1752 exercitus

583 1785 734 1846 fama
783 1793 842 1846 et
887 1787 1102 1847 infesto
1150 1786 1577 1849 Germanorum
1628 1789 1861 1866 agmine
1908 1786 2127 1849 Gallias
2170 1790 2311 1869 peti,
2350 1807 2417 1849 ac
2454 1790 2517 1849 ni
2553 1788 2879 1867 Agrippina

579 1885 906 1962 inpositum
943 1883 1149 1945 Rheno
1196 1895 1437 1964 pontem
1485 1885 1639 1946 solui
1676 1885 2093 1968 prohibuisset,
2142 1896 2313 1948 erant
2347 1888 2449 1967 qui
2489 1885 2549 1946 id
2587 1887 2877 1965 flagitium
2912 1903 2965 1944 ns

581 1982 896 2043 formidine
954 1983 1258 2045 auderent.
1353 1984 1459 2046 sed
1515 1985 1735 2046 femina
1789 1987 2000 2064 ingens
2056 1988 2238 2047 animi
2292 1987 2497 2046 munia
2555 1984 2724 2046 ducis
2770 2001 2881 2064 per

580 2097 683 2140 eos
732 2079 862 2142 dies
907 2080 1102 2142 induit
1147 2082 1581 2162 militibusque,
1638 2091 1707 2144 ut
1752 2085 1886 2162 quis
1939 2086 2112 2163 inops
2168 2091 2270 2144 aut
2326 2085 2590 2163 sauciuS,
2646 2091 2880 2146 uestem

581 2186 642 2239 et
687 2179 944 2241 fomenta
993 2180 1262 2260 dilargita
1309 2190 1416 2242 est.
1508 2180 1693 2245 tradit
1746 2180 1807 2242 C.
1854 2181 2097 2262 Plinius,
2158 2180 2651 2243 Germanicorum
2696 2180 2881 2242 bello·

581 2294 714 2337 rum
781 2281 1056 2360 scriptor,
1121 2281 1358 2340 stetisse
1425 2287 1566 2360 aput
1622 2281 1982 2359 principium
2044 2282 2243 2360 pontis
2302 2279 2508 2342 laudes
2569 2288 2631 2340 et
2678 2289 2881 2358 grates

581 2377 844 2436 reuersis
890 2376 1225 2455 legionibus
1271 2377 1606 2440 habentem.
2908 2395 2969 2435 ²⁰

435 1661 544 1738 ,ΞΕ

439 1749 545 1799 ‘zos

1023 2557 1081 2616 A
1125 2557 1316 2616 FINE
1362 2557 1651 2618 AVFIDI
1694 2557 1925 2618 BASSI
1970 2558 2191 2618 LIBRI
2236 2557 2434 2618 XXXI

759 2691 831 2760 4.
889 2699 1046 2759 Ptin.
1093 2717 1150 2758 n.
1197 2701 1255 2760 h.
1291 2699 1500 2777 praef.
1559 2699 1674 2777 [ad
1731 2699 1926 2761 Titum
1988 2719 2109 2761 scr.
2158 2718 2213 2760 α.
2264 2695 2545 2780 771830]
2602 2699 2692 2760 20
2762 2697 2882 2759 Vos

581 2795 822 2875 quidem
879 2814 1112 2876 omneS‚
1176 2806 1408 2877 patrem
1466 2797 1965 2877 [Vespasianum]
1976 2845 1993 2878 ,
2067 2807 2126 2859 te
2190 2798 2553 2876 fratremque
2622 2796 2881 2858 diximus

582 2912 762 2974 opere
830 2896 1015 2974 iusto,
1083 2903 1415 2976 temporum
1471 2905 1812 2957 nostrorum
1867 2897 2178 2958 historiam
2239 2897 2360 2958 orsi
2421 2914 2453 2956 a
2508 2897 2627 2956 fine
2684 2894 2879 2956 Aufidi

583 2991 764 3054 Bassi.
855 2992 960 3052 ubi
1025 2995 1104 3054 sit
1167 3012 1259 3071 ea,
1325 3013 1608 3072 quaeres:
1682 2998 1799 3055 iam
1868 2993 2100 3075 pridem
2174 3002 2413 3074 peracta
2478 2995 2748 3055 sancitur
2820 3001 2881 3055 et

583 3089 843 3170 alioquin
891 3099 1176 3152 statutum
1225 3099 1354 3153 erat
1397 3093 1606 3155 heredi
1652 3092 1952 3172 mandare,
1998 3111 2073 3154 ne
2112 3092 2255 3172 quid
2293 3090 2598 3154 ambitioni
2642 3091 2875 3154 dedisse
2910 3099 2969 3141 ¹⁶

581 3191 704 3250 uita
753 3190 1132 3252 iudicaretur.
1207 3189 1456 3270 proinde
1503 3190 1933 3271 occupantibus
1988 3190 2182 3252 locum
2232 3191 2421 3268 saueo,
2470 3207 2578 3269 ego
2622 3208 2773 3251 uero
2820 3199 2879 3250 et

583 3415 837 3470 sentiunt
867 3416 983 3468 iam
1010 3419 1146 3470 nato
1177 3415 1335 3470 Gaio,
1385 3432 1488 3470 nec
1525 3416 1675 3471 Plini
1713 3415 2035 3486 opinionem
2072 3415 2365 3485 inscriptio
2402 3431 2537 3472 arae
2574 3415 2877 3487 quicquam

586 3486 896 3556 adiuuerit,
945 3503 1072 3542 cum
1117 3487 1432 3558 Agrippina
1486 3487 1576 3541 bis
1624 3488 1683 3541 in
1730 3503 1799 3542 ea.
1843 3487 2073 3558 regione
2118 3479 2265 3542 filias
2312 3487 2480 3542 enixa
2524 3486 2603 3540 sit.
2648 3489 2709 3542 et
2750 3505 2805 3557 q.
2836 3505 2875 3540 s.

595 3560 896 3614 Versiculos
931 3567 1138 3614 norunt
1181 3560 1403 3614 Tacitus
1439 3577 1572 3615 ann.
1602 3561 1646 3613 Ι
1674 3564 1741 3614 41
1780 3567 1831 3614 et
1867 3561 2069 3615 Seneca
2106 3559 2241 3614 deal.
2272 3559 2349 3612 II
2380 3563 2469 3626 18,
2498 3563 2547 3614 4.

769 3803 866 3858 11.
931 3799 1085 3859 Ante
1138 3800 1334 3858 fuerat
1391 3801 1587 3874 Beryk
1632 3798 1871 3872 (Jahrb.
1910 3799 1963 3857 d.
2003 3800 2210 3859 Rhein.
2252 3799 2381 3858 Ver.
2419 3799 2534 3858 Ba.
2570 3799 2655 3858 57
2690 3817 2751 3873 p.
2794 3800 2881 3856 43

585 3889 722 3948 adn.
743 3885 814 3966 2)
844 3891 1190 3962 interposuit
1217 3892 1505 3964 mortuus,
1533 3889 1688 3962 quod
1717 3891 1909 3949 reiecit
1926 3889 2279 3950 Froitzlzeim
2300 3887 2402 3962 (m.
2414 3887 2524 3947 Rh.
2538 3907 2597 3947 n.
2612 3887 2887 3947 XXXII

575 3997 640 4052 p.
671 3976 830 4050 343)
867 3980 1252 4052 comprobante
1279 3981 1645 4038 Mommseno
1684 3979 1887 4038 Herm.
1920 3975 2106 4037 XIII
2134 3999 2199 4053 p.
2228 3981 2364 4038 248
2388 3997 2471 4052 sq.
2509 3979 2647 4037 adn.

764 4058 833 4144 3,
869 4069 966 4126 19.
1015 4067 1209 4128 landis
1247 4061 1435 4128 Med}
1473 4068 1669 4126 laudis
1710 4071 1772 4125 et
1808 4067 1997 4145 gratis
2033 4069 2222 4128 Halm

763 4147 832 4235 4,
865 4158 965 4215 21.
995 4175 1102 4217 nos
1122 4155 1263 4217 Par.
1277 4157 1448 4218 Vina.
1553 4159 1656 4217 23.
1682 4159 1792 4216 aut
1817 4157 1933 4215 fide
1960 4158 2121 4216 codd.
2139 4157 2281 4217 Par.
2310 4158 2419 4216 eut
2440 4155 2577 4216 fidei
2608 4157 2719 4216 auo·
2744 4155 2881 4216 libri

585 4244 759 4304 Bassi
787 4245 922 4304 add.
945 4247 1187 4320 quidam
1215 4266 1250 4314 ς
1359 4247 1457 4305 24.
1487 4265 1594 4322 per
1622 4250 1761 4306 acta
1788 4245 2082 4321 Detlefsen
2103 4246 2206 4321 (sc.
2226 4265 2339 4320 per
2364 4247 2792 4319 testamentum)

585 4336 876 4393 sanctitur
908 4337 1065 4396 Voss.
1093 4337 1232 4395 Par.
1282 4339 1572 4396 sancitum
1607 4336 1759 4395 Detl.
1892 4337 1988 4394 25.
2034 4336 2256 4412 nequid
2294 4355 2329 4404 ς
2368 4353 2557 4412 neque
2594 4339 2716 4396 cett.
2746 4335 2881 4395 libn·
