<?xml version="1.0" encoding="UTF-8"?>
<!DOCTYPE html PUBLIC "-//W3C//DTD XHTML 1.0 Transitional//EN"
    "http://www.w3.org/TR/xhtml1/DTD/xhtml1-transitional.dtd">
<html xmlns="http://www.w3.org/1999/xhtml" xml:lang="en" lang="en">
 <head>
  <title>
</title>
<meta http-equiv="Content-Type" content="text/html;charset=utf-8" />
  <meta name='ocr-system' content='tesseract 3.04.00' />
  <meta name='ocr-capabilities' content='ocr_page ocr_carea ocr_par ocr_line ocrx_word'/>
</head>
<body>
  <div class='ocr_page' id='page_1' title='image "./historicorvmrom00petegoog_0086.png"; bbox 0 0 3234 5034; ppageno 0'>
   <div class='ocr_carea' id='block_1_1' title="bbox 879 294 2624 364">
    <p class='ocr_par' dir='ltr' id='par_1_1' title="bbox 879 294 2624 364">
     <span class='ocr_line' id='line_1_1' title="bbox 879 294 2624 364; baseline 0.005 -16"><span class='ocrx_word' id='word_1_1' title='bbox 879 294 1311 350; x_wconf 81' lang='lat' dir='ltr'><strong>IMPERATOR</strong></span> <span class='ocrx_word' id='word_1_2' title='bbox 1348 295 1633 351; x_wconf 85' lang='lat' dir='ltr'>CAESAR</span> <span class='ocrx_word' id='word_1_3' title='bbox 1669 295 2050 352; x_wconf 80' lang='lat' dir='ltr'>AVGVSTVS</span> <span class='ocrx_word' id='word_1_4' title='bbox 2432 319 2624 364; x_wconf 70' lang='lat' dir='ltr'><strong>Lxxv</strong></span> 
     </span>
    </p>
   </div>
   <div class='ocr_carea' id='block_1_2' title="bbox 317 464 2643 3390">
    <p class='ocr_par' dir='ltr' id='par_1_2' title="bbox 317 464 2625 744">
     <span class='ocr_line' id='line_1_2' title="bbox 319 464 2624 542; baseline 0 -17"><span class='ocrx_word' id='word_1_5' title='bbox 319 467 564 526; x_wconf 86' lang='lat' dir='ltr'>tertium</span> <span class='ocrx_word' id='word_1_6' title='bbox 623 482 760 525; x_wconf 91' lang='lat' dir='ltr'>eum</span> <span class='ocrx_word' id='word_1_7' title='bbox 815 465 1146 542; x_wconf 84' lang='lat' dir='ltr'>Augustum</span> <span class='ocrx_word' id='word_1_8' title='bbox 1203 473 1484 525; x_wconf 83' lang='lat' dir='ltr'>secutum</span> <span class='ocrx_word' id='word_1_9' title='bbox 1523 483 1656 526; x_wconf 89' lang='lat' dir='ltr'>esse</span> <span class='ocrx_word' id='word_1_10' title='bbox 1704 465 1973 526; x_wconf 87' lang='lat' dir='ltr'>arbitrati</span> <span class='ocrx_word' id='word_1_11' title='bbox 2020 483 2181 526; x_wconf 91' lang='lat' dir='ltr'>nunc</span> <span class='ocrx_word' id='word_1_12' title='bbox 2227 464 2299 525; x_wconf 90' lang='lat' dir='ltr'>ab</span> <span class='ocrx_word' id='word_1_13' title='bbox 2346 464 2624 526; x_wconf 91' lang='lat' dir='ltr'>omnibus</span> 
     </span>
     <span class='ocr_line' id='line_1_3' title="bbox 317 562 2625 643; baseline 0 -20"><span class='ocrx_word' id='word_1_14' title='bbox 317 562 630 642; x_wconf 87' lang='lat' dir='ltr'>inprobata</span> <span class='ocrx_word' id='word_1_15' title='bbox 671 570 787 642; x_wconf 86' lang='lat' dir='ltr'>est3</span> <span class='ocrx_word' id='word_1_16' title='bbox 834 580 972 623; x_wconf 88' lang='lat' dir='ltr'>nam</span> <span class='ocrx_word' id='word_1_17' title='bbox 1010 564 1116 641; x_wconf 83' lang='lat' dir='ltr'>qui</span> <span class='ocrx_word' id='word_1_18' title='bbox 1151 564 1416 623; x_wconf 89' lang='lat' dir='ltr'>occurrit</span> <span class='ocrx_word' id='word_1_19' title='bbox 1451 581 1799 643; x_wconf 79' lang='lat' dir='ltr'>consensuS‚</span> <span class='ocrx_word' id='word_1_20' title='bbox 1836 582 1871 624; x_wconf 90' lang='lat' dir='ltr'>a</span> <span class='ocrx_word' id='word_1_21' title='bbox 1909 563 2079 624; x_wconf 91' lang='lat' dir='ltr'>Liuio</span> <span class='ocrx_word' id='word_1_22' title='bbox 2118 563 2479 643; x_wconf 87' lang='lat' dir='ltr'>repetendus</span> <span class='ocrx_word' id='word_1_23' title='bbox 2516 572 2625 641; x_wconf 85' lang='lat' dir='ltr'>est,</span> 
     </span>
     <span class='ocr_line' id='line_1_4' title="bbox 319 655 2625 744; baseline -0 -22"><span class='ocrx_word' id='word_1_24' title='bbox 319 679 498 740; x_wconf 89' lang='lat' dir='ltr'>quem</span> <span class='ocrx_word' id='word_1_25' title='bbox 547 660 797 721; x_wconf 78' lang='lat' dir='ltr'>fautoris</span> <span class='ocrx_word' id='word_1_26' title='bbox 843 662 938 720; x_wconf 89' lang='lat' dir='ltr'>sui</span> <span class='ocrx_word' id='word_1_27' title='bbox 985 662 1321 721; x_wconf 86' lang='lat' dir='ltr'>testimonia</span> <span class='ocrx_word' id='word_1_28' title='bbox 1369 679 1487 721; x_wconf 90' lang='lat' dir='ltr'>non</span> <span class='ocrx_word' id='word_1_29' title='bbox 1535 661 1871 740; x_wconf 77' lang='lat' dir='ltr'>neglexisse</span> <span class='ocrx_word' id='word_1_30' title='bbox 1908 679 2018 740; x_wconf 87' lang='lat' dir='ltr'>per</span> <span class='ocrx_word' id='word_1_31' title='bbox 2064 679 2129 721; x_wconf 91' lang='lat' dir='ltr'>se</span> <span class='ocrx_word' id='word_1_32' title='bbox 2174 661 2556 740; x_wconf 88' lang='lat' dir='ltr'>intellegitur.</span> <span class='ocrx_word' id='word_1_33' title='bbox 2572 655 2625 744; x_wconf 86' lang='lat'>¹)</span> 
     </span>
    </p>

    <p class='ocr_par' dir='ltr' id='par_1_3' title="bbox 321 758 2643 3390">
     <span class='ocr_line' id='line_1_5' title="bbox 498 758 2623 838; baseline -0 -19"><span class='ocrx_word' id='word_1_34' title='bbox 498 758 768 838; x_wconf 88' lang='lat' dir='ltr'>Denique</span> <span class='ocrx_word' id='word_1_35' title='bbox 816 777 926 838; x_wconf 89' lang='lat' dir='ltr'>per</span> <span class='ocrx_word' id='word_1_36' title='bbox 971 760 1172 819; x_wconf 82' lang='lat' dir='ltr'>uarios</span> <span class='ocrx_word' id='word_1_37' title='bbox 1219 760 1384 819; x_wconf 90' lang='lat' dir='ltr'>riuos</span> <span class='ocrx_word' id='word_1_38' title='bbox 1432 759 1761 838; x_wconf 80' lang='lat' dir='ltr'>fragmenta</span> <span class='ocrx_word' id='word_1_39' title='bbox 1808 758 2043 838; x_wconf 87' lang='lat' dir='ltr'>singula</span> <span class='ocrx_word' id='word_1_40' title='bbox 2080 758 2154 820; x_wconf 86' lang='lat' dir='ltr'>ad</span> <span class='ocrx_word' id='word_1_41' title='bbox 2190 759 2623 821; x_wconf 81' lang='lat' dir='ltr'>Tertullianum</span> 
     </span>
     <span class='ocr_line' id='line_1_6' title="bbox 322 855 2627 936; baseline 0 -18"><span class='ocrx_word' id='word_1_42' title='bbox 322 857 429 934; x_wconf 80' lang='lat' dir='ltr'>(fr.</span> <span class='ocrx_word' id='word_1_43' title='bbox 479 857 570 935; x_wconf 85' lang='lat'>2),</span> <span class='ocrx_word' id='word_1_44' title='bbox 635 856 871 935; x_wconf 86' lang='lat' dir='ltr'>Digesta</span> <span class='ocrx_word' id='word_1_45' title='bbox 921 858 1083 935; x_wconf 87' lang='lat'><em>(17),</em></span> <span class='ocrx_word' id='word_1_46' title='bbox 1147 855 1440 917; x_wconf 85' lang='lat' dir='ltr'>Isidorum</span> <span class='ocrx_word' id='word_1_47' title='bbox 1489 857 1663 936; x_wconf 81' lang='lat'><em>(24),</em></span> <span class='ocrx_word' id='word_1_48' title='bbox 1730 857 1844 918; x_wconf 90' lang='lat' dir='ltr'>duo</span> <span class='ocrx_word' id='word_1_49' title='bbox 1906 856 1981 918; x_wconf 89' lang='lat' dir='ltr'>ad</span> <span class='ocrx_word' id='word_1_50' title='bbox 2044 856 2325 919; x_wconf 89' lang='lat' dir='ltr'>Seruium</span> <span class='ocrx_word' id='word_1_51' title='bbox 2388 865 2627 918; x_wconf 88' lang='lat' dir='ltr'>auctum</span> 
     </span>
     <span class='ocr_line' id='line_1_7' title="bbox 321 953 2630 1035; baseline 0.001 -21"><span class='ocrx_word' id='word_1_52' title='bbox 321 957 412 1028; x_wconf 85' lang='lat'>(5.</span> <span class='ocrx_word' id='word_1_53' title='bbox 457 956 570 1028; x_wconf 83' lang='grc'>14)</span> <span class='ocrx_word' id='word_1_54' title='bbox 619 963 1044 1034; x_wconf 83' lang='lat' dir='ltr'>peruenerunt,</span> <span class='ocrx_word' id='word_1_55' title='bbox 1100 953 1206 1015; x_wconf 89' lang='lat' dir='ltr'>sed</span> <span class='ocrx_word' id='word_1_56' title='bbox 1263 957 1366 1034; x_wconf 81' lang='lat' dir='ltr'>qui</span> <span class='ocrx_word' id='word_1_57' title='bbox 1422 955 1508 1015; x_wconf 89' lang='lat' dir='ltr'>illi</span> <span class='ocrx_word' id='word_1_58' title='bbox 1567 957 1793 1016; x_wconf 82' lang='lat' dir='ltr'>fuerint</span> <span class='ocrx_word' id='word_1_59' title='bbox 1846 953 2127 1034; x_wconf 86' lang='lat' dir='ltr'>indagare</span> <span class='ocrx_word' id='word_1_60' title='bbox 2176 963 2237 1016; x_wconf 90' lang='lat' dir='ltr'>et</span> <span class='ocrx_word' id='word_1_61' title='bbox 2280 955 2521 1035; x_wconf 88' lang='lat' dir='ltr'>longum</span> <span class='ocrx_word' id='word_1_62' title='bbox 2568 962 2630 1016; x_wconf 93' lang='lat' dir='ltr'>et</span> 
     </span>
     <span class='ocr_line' id='line_1_8' title="bbox 321 1052 2629 1134; baseline 0 -20"><span class='ocrx_word' id='word_1_63' title='bbox 321 1071 836 1132; x_wconf 87' lang='lat' dir='ltr'>superuacaneum</span> <span class='ocrx_word' id='word_1_64' title='bbox 885 1062 1002 1134; x_wconf 82' lang='lat' dir='ltr'>est3</span> <span class='ocrx_word' id='word_1_65' title='bbox 1049 1053 1161 1113; x_wconf 89' lang='lat' dir='ltr'>hoc</span> <span class='ocrx_word' id='word_1_66' title='bbox 1201 1071 1388 1114; x_wconf 88' lang='lat' dir='ltr'>unum</span> <span class='ocrx_word' id='word_1_67' title='bbox 1426 1052 1638 1114; x_wconf 85' lang='lat' dir='ltr'>addam</span> <span class='ocrx_word' id='word_1_68' title='bbox 1675 1072 1811 1114; x_wconf 89' lang='lat' dir='ltr'>cum</span> <span class='ocrx_word' id='word_1_69' title='bbox 1851 1061 2081 1114; x_wconf 85' lang='lat' dir='ltr'>ceteras</span> <span class='ocrx_word' id='word_1_70' title='bbox 2120 1073 2218 1115; x_wconf 91' lang='lat' dir='ltr'>res</span> <span class='ocrx_word' id='word_1_71' title='bbox 2256 1053 2329 1114; x_wconf 89' lang='lat' dir='ltr'>ab</span> <span class='ocrx_word' id='word_1_72' title='bbox 2366 1055 2629 1132; x_wconf 79' lang='lat' dir='ltr'>Augusto</span> 
     </span>
     <span class='ocr_line' id='line_1_9' title="bbox 323 1149 2630 1230; baseline -0 -18"><span class='ocrx_word' id='word_1_73' title='bbox 323 1153 650 1212; x_wconf 81' lang='lat' dir='ltr'>memoriae</span> <span class='ocrx_word' id='word_1_74' title='bbox 705 1150 970 1230; x_wconf 82' lang='lat' dir='ltr'>proditas</span> <span class='ocrx_word' id='word_1_75' title='bbox 1027 1149 1183 1230; x_wconf 88' lang='lat' dir='ltr'>apud</span> <span class='ocrx_word' id='word_1_76' title='bbox 1238 1158 1508 1230; x_wconf 86' lang='lat' dir='ltr'>posteros</span> <span class='ocrx_word' id='word_1_77' title='bbox 1565 1153 1735 1230; x_wconf 88' lang='lat' dir='ltr'>graui</span> <span class='ocrx_word' id='word_1_78' title='bbox 1782 1154 2133 1212; x_wconf 83' lang='lat' dir='ltr'>auctoritate</span> <span class='ocrx_word' id='word_1_79' title='bbox 2178 1151 2455 1213; x_wconf 84' lang='lat' dir='ltr'>floruisse</span> <span class='ocrx_word' id='word_1_80' title='bbox 2500 1160 2630 1212; x_wconf 90' lang='lat' dir='ltr'>tum</span> 
     </span>
     <span class='ocr_line' id='line_1_10' title="bbox 323 1248 2629 1329; baseline 0 -19"><span class='ocrx_word' id='word_1_81' title='bbox 323 1252 544 1328; x_wconf 83' lang='lat' dir='ltr'>omina,</span> <span class='ocrx_word' id='word_1_82' title='bbox 591 1248 808 1329; x_wconf 88' lang='lat' dir='ltr'>quibus</span> <span class='ocrx_word' id='word_1_83' title='bbox 855 1251 1226 1310; x_wconf 82' lang='lat' dir='ltr'>maiestatem</span> <span class='ocrx_word' id='word_1_84' title='bbox 1272 1267 1448 1310; x_wconf 89' lang='lat' dir='ltr'>suum</span> <span class='ocrx_word' id='word_1_85' title='bbox 1485 1251 1869 1311; x_wconf 84' lang='lat' dir='ltr'>confirmasse</span> <span class='ocrx_word' id='word_1_86' title='bbox 1908 1249 2023 1310; x_wconf 90' lang='lat' dir='ltr'>sibi</span> <span class='ocrx_word' id='word_1_87' title='bbox 2060 1251 2229 1311; x_wconf 90' lang='lat' dir='ltr'>uisus</span> <span class='ocrx_word' id='word_1_88' title='bbox 2268 1259 2411 1328; x_wconf 86' lang='lat' dir='ltr'>erat,</span> <span class='ocrx_word' id='word_1_89' title='bbox 2458 1268 2629 1329; x_wconf 92' lang='lat' dir='ltr'>prae·</span> 
     </span>
     <span class='ocr_line' id='line_1_11' title="bbox 324 1347 2631 1428; baseline 0 -20"><span class='ocrx_word' id='word_1_90' title='bbox 324 1351 501 1428; x_wconf 85' lang='lat' dir='ltr'>cipua</span> <span class='ocrx_word' id='word_1_91' title='bbox 548 1366 693 1409; x_wconf 88' lang='lat' dir='ltr'>cura</span> <span class='ocrx_word' id='word_1_92' title='bbox 738 1355 1058 1427; x_wconf 85' lang='lat' dir='ltr'>propagata</span> <span class='ocrx_word' id='word_1_93' title='bbox 1098 1348 1205 1424; x_wconf 84' lang='lat' dir='ltr'>(cf.</span> <span class='ocrx_word' id='word_1_94' title='bbox 1249 1350 1413 1408; x_wconf 82' lang='lat' dir='ltr'>Plew</span> <span class='ocrx_word' id='word_1_95' title='bbox 1457 1352 1494 1409; x_wconf 84' lang='lat' dir='ltr'>l.</span> <span class='ocrx_word' id='word_1_96' title='bbox 1534 1367 1581 1408; x_wconf 76' lang='lat' dir='ltr'>s,</span> <span class='ocrx_word' id='word_1_97' title='bbox 1607 1367 1676 1425; x_wconf 78' lang='lat' dir='ltr'>p.</span> <span class='ocrx_word' id='word_1_98' title='bbox 1717 1349 1844 1408; x_wconf 85' lang='lat'>111</span> <span class='ocrx_word' id='word_1_99' title='bbox 1865 1353 2039 1424; x_wconf 62' lang='lat' dir='ltr'>sqq).</span> <span class='ocrx_word' id='word_1_100' title='bbox 2100 1347 2380 1409; x_wconf 87' lang='lat' dir='ltr'>Pluribus</span> <span class='ocrx_word' id='word_1_101' title='bbox 2426 1347 2631 1409; x_wconf 87' lang='lat' dir='ltr'>uerbis</span> 
     </span>
     <span class='ocr_line' id='line_1_12' title="bbox 325 1443 2634 1526; baseline -0 -19"><span class='ocrx_word' id='word_1_102' title='bbox 325 1465 478 1526; x_wconf 90' lang='lat' dir='ltr'>opus</span> <span class='ocrx_word' id='word_1_103' title='bbox 534 1457 626 1507; x_wconf 88' lang='lat' dir='ltr'>est</span> <span class='ocrx_word' id='word_1_104' title='bbox 681 1445 754 1507; x_wconf 88' lang='lat' dir='ltr'>de</span> <span class='ocrx_word' id='word_1_105' title='bbox 802 1447 871 1507; x_wconf 81' lang='lat' dir='ltr'>fr.</span> <span class='ocrx_word' id='word_1_106' title='bbox 916 1443 1026 1524; x_wconf 86' lang='grc'>18,</span> <span class='ocrx_word' id='word_1_107' title='bbox 1081 1445 1241 1525; x_wconf 90' lang='lat' dir='ltr'>quod</span> <span class='ocrx_word' id='word_1_108' title='bbox 1294 1448 1357 1506; x_wconf 91' lang='lat' dir='ltr'>in</span> <span class='ocrx_word' id='word_1_109' title='bbox 1415 1465 1484 1507; x_wconf 90' lang='lat' dir='ltr'>ea</span> <span class='ocrx_word' id='word_1_110' title='bbox 1539 1449 1958 1506; x_wconf 77' lang='lat' dir='ltr'>retractatione</span> <span class='ocrx_word' id='word_1_111' title='bbox 2013 1445 2473 1526; x_wconf 88' lang='lat' dir='ltr'>Pseudo-Plinii,</span> <span class='ocrx_word' id='word_1_112' title='bbox 2528 1448 2634 1526; x_wconf 89' lang='lat' dir='ltr'>qui</span> 
     </span>
     <span class='ocr_line' id='line_1_13' title="bbox 327 1543 2631 1622; baseline 0 -17"><span class='ocrx_word' id='word_1_113' title='bbox 327 1543 567 1622; x_wconf 88' lang='lat' dir='ltr'>dicitur,</span> <span class='ocrx_word' id='word_1_114' title='bbox 613 1547 927 1605; x_wconf 84' lang='lat' dir='ltr'>inuentum</span> <span class='ocrx_word' id='word_1_115' title='bbox 975 1553 1086 1622; x_wconf 85' lang='lat' dir='ltr'>est,</span> <span class='ocrx_word' id='word_1_116' title='bbox 1141 1562 1316 1622; x_wconf 88' lang='lat' dir='ltr'>quam</span> <span class='ocrx_word' id='word_1_117' title='bbox 1365 1543 1625 1604; x_wconf 86' lang='lat' dir='ltr'>Albanus</span> <span class='ocrx_word' id='word_1_118' title='bbox 1671 1543 1929 1605; x_wconf 88' lang='lat' dir='ltr'>Torinus</span> <span class='ocrx_word' id='word_1_119' title='bbox 1983 1545 2047 1604; x_wconf 91' lang='lat' dir='ltr'>in</span> <span class='ocrx_word' id='word_1_120' title='bbox 2105 1543 2365 1605; x_wconf 87' lang='lat' dir='ltr'>editione</span> <span class='ocrx_word' id='word_1_121' title='bbox 2409 1543 2631 1605; x_wconf 87' lang='lat' dir='ltr'>Basile-</span> 
     </span>
     <span class='ocr_line' id='line_1_14' title="bbox 327 1636 2633 1726; baseline 0 -24"><span class='ocrx_word' id='word_1_122' title='bbox 327 1645 458 1702; x_wconf 90' lang='lat' dir='ltr'>ensi</span> <span class='ocrx_word' id='word_1_123' title='bbox 508 1636 748 1726; x_wconf 81' lang='lat'>(1528)</span> <span class='ocrx_word' id='word_1_124' title='bbox 797 1640 984 1702; x_wconf 80' lang='lat' dir='ltr'>edidit</span> <span class='ocrx_word' id='word_1_125' title='bbox 1028 1643 1452 1722; x_wconf 85' lang='lat' dir='ltr'>inscripsitque</span> <span class='ocrx_word' id='word_1_126' title='bbox 1501 1639 1586 1702; x_wconf 75' lang='grc' dir='ltr'>Ὅ.</span> <span class='ocrx_word' id='word_1_127' title='bbox 1627 1642 1805 1704; x_wconf 88' lang='lat' dir='ltr'>Plinii</span> <span class='ocrx_word' id='word_1_128' title='bbox 1851 1641 2111 1703; x_wconf 89' lang='lat' dir='ltr'>Secundi</span> <span class='ocrx_word' id='word_1_129' title='bbox 2158 1641 2232 1703; x_wconf 89' lang='lat' dir='ltr'>de</span> <span class='ocrx_word' id='word_1_130' title='bbox 2287 1660 2353 1702; x_wconf 91' lang='lat' dir='ltr'>re</span> <span class='ocrx_word' id='word_1_131' title='bbox 2400 1642 2633 1703; x_wconf 88' lang='lat' dir='ltr'>medica</span> 
     </span>
     <span class='ocr_line' id='line_1_15' title="bbox 329 1736 2633 1820; baseline 0 -20"><span class='ocrx_word' id='word_1_132' title='bbox 329 1739 469 1801; x_wconf 88' lang='lat' dir='ltr'>libri</span> <span class='ocrx_word' id='word_1_133' title='bbox 507 1736 594 1800; x_wconf 91' lang='lat' dir='ltr'>V&#39;.</span> <span class='ocrx_word' id='word_1_134' title='bbox 645 1742 806 1820; x_wconf 88' lang='lat' dir='ltr'>atqui</span> <span class='ocrx_word' id='word_1_135' title='bbox 863 1758 1000 1801; x_wconf 89' lang='lat' dir='ltr'>cum</span> <span class='ocrx_word' id='word_1_136' title='bbox 1066 1747 1124 1800; x_wconf 87' lang='lat' dir='ltr'>et</span> <span class='ocrx_word' id='word_1_137' title='bbox 1188 1742 1250 1800; x_wconf 89' lang='lat' dir='ltr'>in</span> <span class='ocrx_word' id='word_1_138' title='bbox 1315 1741 1429 1800; x_wconf 87' lang='lat' dir='ltr'>hoc</span> <span class='ocrx_word' id='word_1_139' title='bbox 1493 1743 1685 1819; x_wconf 89' lang='lat' dir='ltr'>capite</span> <span class='ocrx_word' id='word_1_140' title='bbox 1750 1748 1812 1801; x_wconf 91' lang='lat' dir='ltr'>et</span> <span class='ocrx_word' id='word_1_141' title='bbox 1874 1739 2031 1819; x_wconf 87' lang='lat' dir='ltr'>apud</span> <span class='ocrx_word' id='word_1_142' title='bbox 2094 1739 2242 1800; x_wconf 86' lang='lat' dir='ltr'>alios</span> <span class='ocrx_word' id='word_1_143' title='bbox 2308 1743 2633 1820; x_wconf 86' lang='lat' dir='ltr'>scriptores</span> 
     </span>
     <span class='ocr_line' id='line_1_16' title="bbox 329 1836 2634 1918; baseline 0 -20"><span class='ocrx_word' id='word_1_144' title='bbox 329 1838 596 1899; x_wconf 91' lang='lat' dir='ltr'>medicos</span> <span class='ocrx_word' id='word_1_145' title='bbox 645 1836 826 1899; x_wconf 88' lang='lat' dir='ltr'>multa</span> <span class='ocrx_word' id='word_1_146' title='bbox 874 1838 1138 1899; x_wconf 90' lang='lat' dir='ltr'>remedia</span> <span class='ocrx_word' id='word_1_147' title='bbox 1183 1838 1491 1900; x_wconf 90' lang='lat' dir='ltr'>oculorum</span> <span class='ocrx_word' id='word_1_148' title='bbox 1539 1846 1816 1918; x_wconf 83' lang='lat' dir='ltr'>congesta</span> <span class='ocrx_word' id='word_1_149' title='bbox 1868 1840 2013 1917; x_wconf 87' lang='lat' dir='ltr'>sint,</span> <span class='ocrx_word' id='word_1_150' title='bbox 2062 1838 2219 1918; x_wconf 89' lang='lat' dir='ltr'>apud</span> <span class='ocrx_word' id='word_1_151' title='bbox 2264 1837 2524 1899; x_wconf 86' lang='lat' dir='ltr'>Plinium</span> <span class='ocrx_word' id='word_1_152' title='bbox 2570 1840 2634 1898; x_wconf 92' lang='lat' dir='ltr'>in</span> 
     </span>
     <span class='ocr_line' id='line_1_17' title="bbox 331 1935 2635 2016; baseline -0 -19"><span class='ocrx_word' id='word_1_153' title='bbox 331 1936 589 1998; x_wconf 86' lang='lat' dir='ltr'>naturali</span> <span class='ocrx_word' id='word_1_154' title='bbox 635 1937 884 1998; x_wconf 88' lang='lat' dir='ltr'>historia</span> <span class='ocrx_word' id='word_1_155' title='bbox 930 1938 1176 2014; x_wconf 83' lang='lat' dir='ltr'>triginta</span> <span class='ocrx_word' id='word_1_156' title='bbox 1223 1936 1366 2015; x_wconf 79' lang='lat' dir='ltr'>fere,</span> <span class='ocrx_word' id='word_1_157' title='bbox 1413 1936 1646 1998; x_wconf 90' lang='lat' dir='ltr'>nullum</span> <span class='ocrx_word' id='word_1_158' title='bbox 1691 1944 1891 1997; x_wconf 86' lang='lat' dir='ltr'>tamen</span> <span class='ocrx_word' id='word_1_159' title='bbox 1934 1939 1999 1997; x_wconf 89' lang='lat' dir='ltr'>in</span> <span class='ocrx_word' id='word_1_160' title='bbox 2045 1935 2323 1998; x_wconf 90' lang='lat' dir='ltr'>omnibus</span> <span class='ocrx_word' id='word_1_161' title='bbox 2365 1936 2635 2016; x_wconf 88' lang='lat' dir='ltr'>partibus</span> 
     </span>
     <span class='ocr_line' id='line_1_18' title="bbox 330 2034 2635 2113; baseline 0 -17"><span class='ocrx_word' id='word_1_162' title='bbox 330 2042 607 2096; x_wconf 85' lang='lat' dir='ltr'>accurate</span> <span class='ocrx_word' id='word_1_163' title='bbox 657 2053 794 2095; x_wconf 89' lang='lat' dir='ltr'>cum</span> <span class='ocrx_word' id='word_1_164' title='bbox 841 2035 954 2095; x_wconf 89' lang='lat' dir='ltr'>hoc</span> <span class='ocrx_word' id='word_1_165' title='bbox 1001 2037 1263 2096; x_wconf 84' lang='lat' dir='ltr'>concinit</span> <span class='ocrx_word' id='word_1_166' title='bbox 1309 2043 1412 2096; x_wconf 89' lang='lat' dir='ltr'>aut</span> <span class='ocrx_word' id='word_1_167' title='bbox 1456 2034 1531 2095; x_wconf 89' lang='lat' dir='ltr'>ad</span> <span class='ocrx_word' id='word_1_168' title='bbox 1567 2036 1816 2113; x_wconf 79' lang='lat' dir='ltr'>Augusti</span> <span class='ocrx_word' id='word_1_169' title='bbox 1860 2037 2318 2096; x_wconf 84' lang='lat' dir='ltr'>commentarios</span> <span class='ocrx_word' id='word_1_170' title='bbox 2358 2035 2635 2096; x_wconf 79' lang='lat' dir='ltr'>refertur.</span> 
     </span>
     <span class='ocr_line' id='line_1_19' title="bbox 331 2132 2636 2212; baseline 0 -18"><span class='ocrx_word' id='word_1_171' title='bbox 331 2135 814 2195; x_wconf 84' lang='lat' dir='ltr'>retractationem</span> <span class='ocrx_word' id='word_1_172' title='bbox 854 2141 1051 2194; x_wconf 86' lang='lat' dir='ltr'>autem</span> <span class='ocrx_word' id='word_1_173' title='bbox 1088 2132 1252 2193; x_wconf 89' lang='lat' dir='ltr'>illam</span> <span class='ocrx_word' id='word_1_174' title='bbox 1290 2141 1457 2194; x_wconf 85' lang='lat' dir='ltr'>sexto</span> <span class='ocrx_word' id='word_1_175' title='bbox 1504 2134 1629 2194; x_wconf 80' lang='lat' dir='ltr'>fere</span> <span class='ocrx_word' id='word_1_176' title='bbox 1668 2132 1904 2193; x_wconf 85' lang='lat' dir='ltr'>saeculo</span> <span class='ocrx_word' id='word_1_177' title='bbox 1952 2151 2025 2193; x_wconf 82' lang='lat' dir='ltr'>ex</span> <span class='ocrx_word' id='word_1_178' title='bbox 2072 2135 2333 2212; x_wconf 83' lang='lat' dir='ltr'>antiquis</span> <span class='ocrx_word' id='word_1_179' title='bbox 2378 2136 2636 2194; x_wconf 89' lang='lat' dir='ltr'>auctori·</span> 
     </span>
     <span class='ocr_line' id='line_1_20' title="bbox 331 2230 2636 2310; baseline 0 -18"><span class='ocrx_word' id='word_1_180' title='bbox 331 2231 445 2292; x_wconf 88' lang='lat' dir='ltr'>bus</span> <span class='ocrx_word' id='word_1_181' title='bbox 485 2230 864 2310; x_wconf 86' lang='lat' dir='ltr'>compilatam</span> <span class='ocrx_word' id='word_1_182' title='bbox 902 2249 1035 2291; x_wconf 86' lang='lat' dir='ltr'>esse</span> <span class='ocrx_word' id='word_1_183' title='bbox 1067 2231 1183 2292; x_wconf 86' lang='lat' dir='ltr'>Val.</span> <span class='ocrx_word' id='word_1_184' title='bbox 1212 2230 1386 2310; x_wconf 84' lang='lat' dir='ltr'>Rose‚</span> <span class='ocrx_word' id='word_1_185' title='bbox 1414 2233 1512 2292; x_wconf 92' lang='lat' dir='ltr'>uir</span> <span class='ocrx_word' id='word_1_186' title='bbox 1539 2231 1751 2292; x_wconf 83' lang='lat' dir='ltr'>harum</span> <span class='ocrx_word' id='word_1_187' title='bbox 1781 2232 2171 2310; x_wconf 88' lang='lat' dir='ltr'>scriptionum</span> <span class='ocrx_word' id='word_1_188' title='bbox 2212 2233 2636 2310; x_wconf 66' lang='lat' dir='ltr'>{mritissimu8,</span> 
     </span>
     <span class='ocr_line' id='line_1_21' title="bbox 333 2328 2637 2408; baseline 0 -19"><span class='ocrx_word' id='word_1_189' title='bbox 333 2329 663 2390; x_wconf 83' lang='lat' dir='ltr'>arbitratur</span> <span class='ocrx_word' id='word_1_190' title='bbox 683 2329 914 2403; x_wconf 80' lang='lat' dir='ltr'>(Herm.</span> <span class='ocrx_word' id='word_1_191' title='bbox 933 2330 1094 2390; x_wconf 88' lang='lat' dir='ltr'><em>VIII</em></span> <span class='ocrx_word' id='word_1_192' title='bbox 1100 2348 1167 2406; x_wconf 84' lang='lat' dir='ltr'>p.</span> <span class='ocrx_word' id='word_1_193' title='bbox 1189 2330 1370 2405; x_wconf 81' lang='lat' dir='ltr'>39sq.</span> <span class='ocrx_word' id='word_1_194' title='bbox 1403 2331 1673 2408; x_wconf 64' lang='lat' dir='ltr'><em>608qq),</em></span> <span class='ocrx_word' id='word_1_195' title='bbox 1703 2329 1888 2389; x_wconf 90' lang='lat' dir='ltr'>nihilo</span> <span class='ocrx_word' id='word_1_196' title='bbox 1916 2331 2117 2390; x_wconf 86' lang='lat' dir='ltr'>minus</span> <span class='ocrx_word' id='word_1_197' title='bbox 2145 2348 2289 2390; x_wconf 89' lang='lat' dir='ltr'>num</span> <span class='ocrx_word' id='word_1_198' title='bbox 2314 2348 2461 2390; x_wconf 92' lang='lat' dir='ltr'>uere</span> <span class='ocrx_word' id='word_1_199' title='bbox 2491 2328 2637 2390; x_wconf 87' lang='lat' dir='ltr'>illud</span> 
     </span>
     <span class='ocr_line' id='line_1_22' title="bbox 334 2426 2637 2507; baseline 0 -20"><span class='ocrx_word' id='word_1_200' title='bbox 334 2429 732 2507; x_wconf 83' lang='lat' dir='ltr'>fragmentum</span> <span class='ocrx_word' id='word_1_201' title='bbox 781 2446 850 2487; x_wconf 86' lang='lat' dir='ltr'>ex</span> <span class='ocrx_word' id='word_1_202' title='bbox 891 2427 1010 2488; x_wconf 90' lang='lat' dir='ltr'>illis</span> <span class='ocrx_word' id='word_1_203' title='bbox 1057 2430 1502 2488; x_wconf 85' lang='lat' dir='ltr'>commentariis</span> <span class='ocrx_word' id='word_1_204' title='bbox 1539 2426 1815 2488; x_wconf 87' lang='lat' dir='ltr'>baustum</span> <span class='ocrx_word' id='word_1_205' title='bbox 1854 2428 1948 2505; x_wconf 81' lang='lat' dir='ltr'>sit,</span> <span class='ocrx_word' id='word_1_206' title='bbox 1986 2427 2377 2488; x_wconf 88' lang='lat' dir='ltr'>uehementer</span> <span class='ocrx_word' id='word_1_207' title='bbox 2414 2426 2637 2488; x_wconf 87' lang='lat' dir='ltr'>dubito.</span> 
     </span>
     <span class='ocr_line' id='line_1_23' title="bbox 334 2523 2637 2606; baseline 0 -20"><span class='ocrx_word' id='word_1_208' title='bbox 334 2545 474 2586; x_wconf 90' lang='lat' dir='ltr'>nam</span> <span class='ocrx_word' id='word_1_209' title='bbox 512 2525 862 2586; x_wconf 86' lang='lat' dir='ltr'>Scribonius</span> <span class='ocrx_word' id='word_1_210' title='bbox 907 2525 1160 2604; x_wconf 80' lang='lat' dir='ltr'>LarguS‚</span> <span class='ocrx_word' id='word_1_211' title='bbox 1217 2529 1319 2605; x_wconf 87' lang='lat' dir='ltr'>qui</span> <span class='ocrx_word' id='word_1_212' title='bbox 1375 2524 1487 2586; x_wconf 89' lang='lat' dir='ltr'>sub</span> <span class='ocrx_word' id='word_1_213' title='bbox 1541 2527 1897 2604; x_wconf 86' lang='lat' dir='ltr'>imperatore</span> <span class='ocrx_word' id='word_1_214' title='bbox 1945 2523 2189 2587; x_wconf 86' lang='lat' dir='ltr'>Claudio</span> <span class='ocrx_word' id='word_1_215' title='bbox 2234 2527 2299 2586; x_wconf 89' lang='lat' dir='ltr'>in</span> <span class='ocrx_word' id='word_1_216' title='bbox 2346 2528 2637 2606; x_wconf 90' lang='lat' dir='ltr'>composi-</span> 
     </span>
     <span class='ocr_line' id='line_1_24' title="bbox 337 2623 2641 2703; baseline 0 -19"><span class='ocrx_word' id='word_1_217' title='bbox 337 2623 602 2684; x_wconf 82' lang='lat' dir='ltr'>tionibus</span> <span class='ocrx_word' id='word_1_218' title='bbox 667 2625 794 2684; x_wconf 89' lang='lat' dir='ltr'>suis</span> <span class='ocrx_word' id='word_1_219' title='bbox 859 2623 1113 2703; x_wconf 89' lang='lat' dir='ltr'>plurima</span> <span class='ocrx_word' id='word_1_220' title='bbox 1181 2623 1424 2703; x_wconf 78' lang='lat' dir='ltr'>collyria</span> <span class='ocrx_word' id='word_1_221' title='bbox 1491 2623 1728 2702; x_wconf 85' lang='lat' dir='ltr'>collegit</span> <span class='ocrx_word' id='word_1_222' title='bbox 1774 2625 1855 2696; x_wconf 83' lang='lat' dir='ltr'>(c.</span> <span class='ocrx_word' id='word_1_223' title='bbox 1896 2623 2207 2702; x_wconf 88' lang='grc'><strong><em>19-38),</em></strong></span> <span class='ocrx_word' id='word_1_224' title='bbox 2265 2623 2414 2684; x_wconf 90' lang='lat' dir='ltr'>nihil</span> <span class='ocrx_word' id='word_1_225' title='bbox 2480 2623 2641 2684; x_wconf 90' lang='lat' dir='ltr'>aliud</span> 
     </span>
     <span class='ocr_line' id='line_1_25' title="bbox 337 2720 2639 2802; baseline 0 -20"><span class='ocrx_word' id='word_1_226' title='bbox 337 2724 642 2801; x_wconf 86' lang='lat' dir='ltr'>cognitum</span> <span class='ocrx_word' id='word_1_227' title='bbox 697 2720 903 2782; x_wconf 86' lang='lat' dir='ltr'>habuit</span> <span class='ocrx_word' id='word_1_228' title='bbox 958 2724 1076 2782; x_wconf 86' lang='lat' dir='ltr'>nisi</span> <span class='ocrx_word' id='word_1_229' title='bbox 1132 2724 1461 2800; x_wconf 87' lang='lat' dir='ltr'>Augustum</span> <span class='ocrx_word' id='word_1_230' title='bbox 1515 2739 1693 2783; x_wconf 89' lang='lat' dir='ltr'>usum</span> <span class='ocrx_word' id='word_1_231' title='bbox 1756 2738 1887 2782; x_wconf 86' lang='lat' dir='ltr'>esse</span> <span class='ocrx_word' id='word_1_232' title='bbox 1945 2720 2378 2783; x_wconf 86' lang='lat' dir='ltr'>medicamento</span> <span class='ocrx_word' id='word_1_233' title='bbox 2444 2721 2639 2802; x_wconf 91' lang='lat' dir='ltr'>aliquo</span> 
     </span>
     <span class='ocr_line' id='line_1_26' title="bbox 339 2816 2641 2899; baseline -0.001 -17"><span class='ocrx_word' id='word_1_234' title='bbox 339 2822 418 2892; x_wconf 86' lang='lat' dir='ltr'>(c.</span> <span class='ocrx_word' id='word_1_235' title='bbox 455 2820 604 2894; x_wconf 81' lang='grc'><strong><em>31);</em></strong></span> <span class='ocrx_word' id='word_1_236' title='bbox 652 2816 836 2880; x_wconf 76' lang='lat' dir='ltr'>‘Bene</span> <span class='ocrx_word' id='word_1_237' title='bbox 893 2821 1034 2880; x_wconf 77' lang='lat' dir='ltr'>facit</span> <span class='ocrx_word' id='word_1_238' title='bbox 1088 2819 1162 2880; x_wconf 89' lang='lat' dir='ltr'>ad</span> <span class='ocrx_word' id='word_1_239' title='bbox 1216 2820 1328 2880; x_wconf 89' lang='lat' dir='ltr'>hoc</span> <span class='ocrx_word' id='word_1_240' title='bbox 1385 2818 1912 2898; x_wconf 86' lang='lat' dir='ltr'>medicamentum,</span> <span class='ocrx_word' id='word_1_241' title='bbox 1968 2838 2085 2899; x_wconf 88' lang='lat' dir='ltr'>quo</span> <span class='ocrx_word' id='word_1_242' title='bbox 2141 2820 2441 2898; x_wconf 79' lang='lat' dir='ltr'>Augustus</span> <span class='ocrx_word' id='word_1_243' title='bbox 2493 2838 2641 2880; x_wconf 86' lang='lat' dir='ltr'>usus</span> 
     </span>
     <span class='ocr_line' id='line_1_27' title="bbox 339 2910 2641 2999; baseline -0 -20"><span class='ocrx_word' id='word_1_244' title='bbox 339 2926 445 2997; x_wconf 86' lang='lat' dir='ltr'>est,</span> <span class='ocrx_word' id='word_1_245' title='bbox 501 2927 564 2979; x_wconf 89' lang='lat' dir='ltr'>et</span> <span class='ocrx_word' id='word_1_246' title='bbox 618 2919 830 2997; x_wconf 84' lang='lat' dir='ltr'>recipit</span> <span class='ocrx_word' id='word_1_247' title='bbox 887 2914 1022 2978; x_wconf 88' lang='lat' dir='ltr'>hoc&#39;</span> <span class='ocrx_word' id='word_1_248' title='bbox 1081 2910 1182 2999; x_wconf 85' lang='lat' dir='ltr'>(ex</span> <span class='ocrx_word' id='word_1_249' title='bbox 1239 2936 1308 2978; x_wconf 86' lang='lat' dir='ltr'>eo</span> <span class='ocrx_word' id='word_1_250' title='bbox 1366 2917 1440 2978; x_wconf 90' lang='lat' dir='ltr'>ad</span> <span class='ocrx_word' id='word_1_251' title='bbox 1502 2916 1759 2978; x_wconf 86' lang='lat' dir='ltr'>uerbum</span> <span class='ocrx_word' id='word_1_252' title='bbox 1824 2935 1959 2978; x_wconf 89' lang='lat' dir='ltr'>cum</span> <span class='ocrx_word' id='word_1_253' title='bbox 2022 2917 2271 2995; x_wconf 84' lang='lat' dir='ltr'>Augusti</span> <span class='ocrx_word' id='word_1_254' title='bbox 2338 2920 2641 2979; x_wconf 89' lang='lat' dir='ltr'>mentione</span> 
     </span>
     <span class='ocr_line' id='line_1_28' title="bbox 340 3012 2638 3093; baseline -0.001 -16"><span class='ocrx_word' id='word_1_255' title='bbox 340 3015 653 3077; x_wconf 80' lang='lat' dir='ltr'>Marcellus</span> <span class='ocrx_word' id='word_1_256' title='bbox 701 3034 854 3076; x_wconf 88' lang='lat' dir='ltr'>anno</span> <span class='ocrx_word' id='word_1_257' title='bbox 903 3016 1028 3076; x_wconf 82' lang='lat' dir='ltr'>fere</span> <span class='ocrx_word' id='word_1_258' title='bbox 1065 3012 1216 3093; x_wconf 88' lang='lat'>408,</span> <span class='ocrx_word' id='word_1_259' title='bbox 1256 3035 1306 3077; x_wconf 87' lang='lat' dir='ltr'>c.</span> <span class='ocrx_word' id='word_1_260' title='bbox 1337 3016 1396 3090; x_wconf 82' lang='lat'>8,</span> <span class='ocrx_word' id='word_1_261' title='bbox 1429 3017 1515 3076; x_wconf 86' lang='lat'>10</span> <span class='ocrx_word' id='word_1_262' title='bbox 1538 3034 1606 3092; x_wconf 80' lang='lat' dir='ltr'>p.</span> <span class='ocrx_word' id='word_1_263' title='bbox 1639 3015 1725 3075; x_wconf 80' lang='lat'>62</span> <span class='ocrx_word' id='word_1_264' title='bbox 1763 3015 1952 3076; x_wconf 85' lang='lat' dir='ltr'>Helm.</span> <span class='ocrx_word' id='word_1_265' title='bbox 2002 3015 2080 3092; x_wconf 84' lang='lat' dir='ltr'>cs.</span> <span class='ocrx_word' id='word_1_266' title='bbox 2119 3015 2225 3090; x_wconf 82' lang='lat'>20,</span> <span class='ocrx_word' id='word_1_267' title='bbox 2256 3016 2386 3076; x_wconf 82' lang='lat'>115</span> <span class='ocrx_word' id='word_1_268' title='bbox 2412 3035 2479 3093; x_wconf 85' lang='lat' dir='ltr'>p.</span> <span class='ocrx_word' id='word_1_269' title='bbox 2510 3016 2638 3076; x_wconf 87' lang='grc'>211</span> 
     </span>
     <span class='ocr_line' id='line_1_29' title="bbox 341 3115 2642 3191; baseline 0 -16"><span class='ocrx_word' id='word_1_270' title='bbox 341 3117 697 3176; x_wconf 81' lang='lat' dir='ltr'>Antidotum</span> <span class='ocrx_word' id='word_1_271' title='bbox 745 3115 1073 3189; x_wconf 80' lang='lat' dir='ltr'>Hadriani,</span> <span class='ocrx_word' id='word_1_272' title='bbox 1121 3132 1240 3190; x_wconf 83' lang='lat' dir='ltr'>quo</span> <span class='ocrx_word' id='word_1_273' title='bbox 1285 3116 1577 3176; x_wconf 79' lang='lat' dir='ltr'>utebatur</span> <span class='ocrx_word' id='word_1_274' title='bbox 1631 3115 1860 3174; x_wconf 84' lang='lat' dir='ltr'>Caesar</span> <span class='ocrx_word' id='word_1_275' title='bbox 1906 3115 2233 3190; x_wconf 70' lang='lat' dir='ltr'>AuyustuS,</span> <span class='ocrx_word' id='word_1_276' title='bbox 2279 3132 2439 3189; x_wconf 77' lang='lat' dir='ltr'>quae</span> <span class='ocrx_word' id='word_1_277' title='bbox 2465 3119 2642 3191; x_wconf 78' lang='lat' dir='ltr'>potio</span> 
     </span>
     <span class='ocr_line' id='line_1_30' title="bbox 341 3212 2643 3291; baseline 0 -19"><span class='ocrx_word' id='word_1_278' title='bbox 341 3215 448 3273; x_wconf 83' lang='lat' dir='ltr'>dat</span> <span class='ocrx_word' id='word_1_279' title='bbox 492 3217 661 3274; x_wconf 85' lang='lat' dir='ltr'>omni</span> <span class='ocrx_word' id='word_1_280' title='bbox 725 3217 974 3289; x_wconf 70' lang='lat' dir='ltr'>corpori</span> <span class='ocrx_word' id='word_1_281' title='bbox 1031 3213 1504 3289; x_wconf 79' lang='lat' dir='ltr'>fortitudinem),</span> <span class='ocrx_word' id='word_1_282' title='bbox 1561 3229 1713 3290; x_wconf 86' lang='lat' dir='ltr'>quae</span> <span class='ocrx_word' id='word_1_283' title='bbox 1769 3213 2117 3290; x_wconf 88' lang='lat' dir='ltr'>compositio</span> <span class='ocrx_word' id='word_1_284' title='bbox 2182 3214 2295 3272; x_wconf 87' lang='lat' dir='ltr'>etsi</span> <span class='ocrx_word' id='word_1_285' title='bbox 2359 3212 2643 3291; x_wconf 85' lang='lat' dir='ltr'>quasdam</span> 
     </span>
     <span class='ocr_line' id='line_1_31' title="bbox 341 3308 2643 3390; baseline 0 -20"><span class='ocrx_word' id='word_1_286' title='bbox 341 3319 540 3389; x_wconf 88' lang='lat' dir='ltr'>partes</span> <span class='ocrx_word' id='word_1_287' title='bbox 595 3329 734 3371; x_wconf 89' lang='lat' dir='ltr'>cum</span> <span class='ocrx_word' id='word_1_288' title='bbox 790 3309 1260 3371; x_wconf 87' lang='lat' dir='ltr'>Pseudo-Plinio</span> <span class='ocrx_word' id='word_1_289' title='bbox 1317 3329 1663 3371; x_wconf 90' lang='lat' dir='ltr'>communes</span> <span class='ocrx_word' id='word_1_290' title='bbox 1715 3308 1909 3386; x_wconf 85' lang='lat' dir='ltr'>habet,</span> <span class='ocrx_word' id='word_1_291' title='bbox 1954 3317 2021 3370; x_wconf 92' lang='lat' dir='ltr'>ut</span> <span class='ocrx_word' id='word_1_292' title='bbox 2067 3311 2245 3370; x_wconf 85' lang='lat' dir='ltr'>etiam</span> <span class='ocrx_word' id='word_1_293' title='bbox 2295 3310 2445 3371; x_wconf 88' lang='lat' dir='ltr'>duae</span> <span class='ocrx_word' id='word_1_294' title='bbox 2491 3329 2643 3390; x_wconf 88' lang='lat' dir='ltr'>quae</span> 
     </span>
    </p>
   </div>
   <div class='ocr_carea' id='block_1_3' title="bbox 342 3443 631 3452">
    <p class='ocr_par' dir='ltr' id='par_1_4' title="bbox 342 3443 631 3452">
     <span class='ocr_line' id='line_1_32' title="bbox 342 3443 631 3452; baseline 0 1582"><span class='ocrx_word' id='word_1_295' title='bbox 342 3443 631 3452; x_wconf 95' lang='lat' dir='ltr'> </span> 
     </span>
    </p>
   </div>
   <div class='ocr_carea' id='block_1_4' title="bbox 652 3443 826 3450">
    <p class='ocr_par' dir='ltr' id='par_1_5' title="bbox 652 3443 826 3450">
     <span class='ocr_line' id='line_1_33' title="bbox 652 3443 826 3450; baseline 0 0"><span class='ocrx_word' id='word_1_296' title='bbox 652 3443 826 3450; x_wconf 95' lang='lat' dir='ltr'> </span> 
     </span>
    </p>
   </div>
   <div class='ocr_carea' id='block_1_5' title="bbox 343 3506 2643 3659">
    <p class='ocr_par' dir='ltr' id='par_1_6' title="bbox 343 3506 2643 3659">
     <span class='ocr_line' id='line_1_34' title="bbox 522 3506 2643 3578; baseline 0.001 -17"><span class='ocrx_word' id='word_1_297' title='bbox 522 3511 575 3578; x_wconf 88' lang='lat'>1)</span> <span class='ocrx_word' id='word_1_298' title='bbox 613 3507 694 3563; x_wconf 89' lang='lat' dir='ltr'>Cf.</span> <span class='ocrx_word' id='word_1_299' title='bbox 725 3508 936 3578; x_wconf 73' lang='lat' dir='ltr'>Haupt.</span> <span class='ocrx_word' id='word_1_300' title='bbox 969 3507 1168 3563; x_wconf 82' lang='lat' dir='ltr'>Philol.</span> <span class='ocrx_word' id='word_1_301' title='bbox 1198 3514 1268 3563; x_wconf 82' lang='lat'>43</span> <span class='ocrx_word' id='word_1_302' title='bbox 1305 3527 1360 3578; x_wconf 90' lang='lat' dir='ltr'>p.</span> <span class='ocrx_word' id='word_1_303' title='bbox 1392 3514 1496 3562; x_wconf 81' lang='lat'>595</span> <span class='ocrx_word' id='word_1_304' title='bbox 1517 3525 1640 3576; x_wconf 48' lang='lat' dir='ltr'>sqq2</span> <span class='ocrx_word' id='word_1_305' title='bbox 1676 3507 1739 3560; x_wconf 91' lang='lat' dir='ltr'>In</span> <span class='ocrx_word' id='word_1_306' title='bbox 1777 3506 2111 3576; x_wconf 71' lang='lat' dir='ltr'>fragmentis</span> <span class='ocrx_word' id='word_1_307' title='bbox 2146 3509 2287 3563; x_wconf 81' lang='lat' dir='ltr'>meis</span> <span class='ocrx_word' id='word_1_308' title='bbox 2323 3509 2452 3563; x_wconf 82' lang='lat' dir='ltr'>hist.</span> <span class='ocrx_word' id='word_1_309' title='bbox 2484 3509 2643 3564; x_wconf 76' lang='lat' dir='ltr'>Rom.</span> 
     </span>
     <span class='ocr_line' id='line_1_35' title="bbox 343 3584 2643 3659; baseline 0 -16"><span class='ocrx_word' id='word_1_310' title='bbox 343 3605 394 3658; x_wconf 90' lang='lat' dir='ltr'>p.</span> <span class='ocrx_word' id='word_1_311' title='bbox 422 3595 530 3642; x_wconf 76' lang='lat'>258</span> <span class='ocrx_word' id='word_1_312' title='bbox 571 3587 746 3644; x_wconf 69' lang='lat' dir='ltr'>etiam</span> <span class='ocrx_word' id='word_1_313' title='bbox 781 3589 876 3643; x_wconf 90' lang='lat' dir='ltr'>hic</span> <span class='ocrx_word' id='word_1_314' title='bbox 912 3589 1068 3644; x_wconf 81' lang='lat' dir='ltr'>locus</span> <span class='ocrx_word' id='word_1_315' title='bbox 1107 3589 1287 3644; x_wconf 72' lang='lat' dir='ltr'>Cassii</span> <span class='ocrx_word' id='word_1_316' title='bbox 1322 3588 1521 3643; x_wconf 83' lang='lat' dir='ltr'>Dionis</span> <span class='ocrx_word' id='word_1_317' title='bbox 1559 3584 1745 3656; x_wconf 67' lang='lat'>48‚‘44</span> <span class='ocrx_word' id='word_1_318' title='bbox 1784 3591 1994 3644; x_wconf 75' lang='lat' dir='ltr'>exstat:</span> <span class='ocrx_word' id='word_1_319' title='bbox 2034 3591 2391 3644; x_wconf 77' lang='grc' dir='ltr'><strong><em>Συνοικοῦσα</em></strong></span> <span class='ocrx_word' id='word_1_320' title='bbox 2429 3586 2493 3643; x_wconf 74' lang='grc' dir='ltr'>δὲ</span> <span class='ocrx_word' id='word_1_321' title='bbox 2531 3589 2643 3659; x_wconf 74' lang='grc' dir='ltr'>ἤδη</span> 
     </span>
    </p>
   </div>
   <div class='ocr_carea' id='block_1_6' title="bbox 343 3667 2650 4385">
    <p class='ocr_par' dir='ltr' id='par_1_7' title="bbox 343 3667 2650 4385">
     <span class='ocr_line' id='line_1_36' title="bbox 345 3667 2645 3744; baseline 0 -22"><span class='ocrx_word' id='word_1_322' title='bbox 345 3668 378 3738; x_wconf 86' lang='grc' dir='ltr'>ἡ</span> <span class='ocrx_word' id='word_1_323' title='bbox 415 3669 558 3739; x_wconf 74' lang='grc' dir='ltr'><strong><em>γυνὴ</em></strong></span> <span class='ocrx_word' id='word_1_324' title='bbox 598 3669 824 3744; x_wconf 77' lang='lat' dir='ltr'>[Liuia]</span> <span class='ocrx_word' id='word_1_325' title='bbox 862 3675 938 3743; x_wconf 80' lang='grc' dir='ltr'>τῷ</span> <span class='ocrx_word' id='word_1_326' title='bbox 973 3667 1222 3737; x_wconf 77' lang='grc' dir='ltr'><strong><em>Καίσαρι</em></strong></span> <span class='ocrx_word' id='word_1_327' title='bbox 1258 3668 1430 3724; x_wconf 79' lang='grc' dir='ltr'><strong>τίκτει</strong></span> <span class='ocrx_word' id='word_1_328' title='bbox 1467 3668 1757 3722; x_wconf 78' lang='grc' dir='ltr'><strong><em>Κλαύδιον</em></strong></span> <span class='ocrx_word' id='word_1_329' title='bbox 1798 3675 2053 3736; x_wconf 81' lang='grc' dir='ltr'><strong><em>Δροῦσον</em></strong></span> <span class='ocrx_word' id='word_1_330' title='bbox 2096 3667 2351 3736; x_wconf 80' lang='grc' dir='ltr'><strong><em>Νέρωνα.</em></strong></span> <span class='ocrx_word' id='word_1_331' title='bbox 2409 3669 2507 3724; x_wconf 76' lang='grc' dir='ltr'>καὶ</span> <span class='ocrx_word' id='word_1_332' title='bbox 2543 3671 2645 3723; x_wconf 80' lang='grc' dir='ltr'>αὐ-</span> 
     </span>
     <span class='ocr_line' id='line_1_37' title="bbox 343 3747 2647 3822; baseline 0.001 -20"><span class='ocrx_word' id='word_1_333' title='bbox 343 3749 442 3803; x_wconf 77' lang='grc' dir='ltr'>τὸν</span> <span class='ocrx_word' id='word_1_334' title='bbox 481 3748 511 3803; x_wconf 82' lang='grc' dir='ltr'><strong><em>ὁ</em></strong></span> <span class='ocrx_word' id='word_1_335' title='bbox 558 3754 782 3818; x_wconf 80' lang='grc' dir='ltr'><strong><em>Καῖσαρ</em></strong></span> <span class='ocrx_word' id='word_1_336' title='bbox 829 3751 927 3804; x_wconf 77' lang='grc' dir='ltr'>καὶ</span> <span class='ocrx_word' id='word_1_337' title='bbox 972 3748 1223 3804; x_wconf 79' lang='grc' dir='ltr'><strong><em>ἀνείλετο</em></strong></span> <span class='ocrx_word' id='word_1_338' title='bbox 1273 3749 1372 3804; x_wconf 77' lang='grc' dir='ltr'>καὶ</span> <span class='ocrx_word' id='word_1_339' title='bbox 1417 3753 1492 3822; x_wconf 79' lang='grc' dir='ltr'>τῷ</span> <span class='ocrx_word' id='word_1_340' title='bbox 1541 3748 1714 3815; x_wconf 76' lang='grc' dir='ltr'><strong><em>πατρὶ</em></strong></span> <span class='ocrx_word' id='word_1_341' title='bbox 1764 3747 2041 3818; x_wconf 80' lang='grc' dir='ltr'><strong><em>ἔπεμψεν,</em></strong></span> <span class='ocrx_word' id='word_1_342' title='bbox 2089 3749 2225 3803; x_wconf 73' lang='grc' dir='ltr'><strong><em>αὐτὸ</em></strong></span> <span class='ocrx_word' id='word_1_343' title='bbox 2273 3757 2437 3804; x_wconf 80' lang='grc' dir='ltr'><strong><em>τοῦτο</em></strong></span> <span class='ocrx_word' id='word_1_344' title='bbox 2475 3749 2533 3812; x_wconf 79' lang='grc' dir='ltr'>ἐς</span> <span class='ocrx_word' id='word_1_345' title='bbox 2574 3750 2647 3804; x_wconf 78' lang='grc' dir='ltr'>τὰ</span> 
     </span>
     <span class='ocr_line' id='line_1_38' title="bbox 345 3827 2645 3902; baseline 0.001 -20"><span class='ocrx_word' id='word_1_346' title='bbox 345 3829 720 3900; x_wconf 73' lang='grc' dir='ltr'><strong><em>ὑπομνήματα</em></strong></span> <span class='ocrx_word' id='word_1_347' title='bbox 767 3830 1076 3901; x_wconf 76' lang='grc' dir='ltr'><strong><em>ἐγγράψας,</em></strong></span> <span class='ocrx_word' id='word_1_348' title='bbox 1124 3828 1206 3884; x_wconf 79' lang='grc' dir='ltr'>ὅτι</span> <span class='ocrx_word' id='word_1_349' title='bbox 1253 3835 1474 3897; x_wconf 79' lang='grc' dir='ltr'><strong><em>Καῖσαρ</em></strong></span> <span class='ocrx_word' id='word_1_350' title='bbox 1521 3829 1584 3883; x_wconf 79' lang='grc' dir='ltr'>τὸ</span> <span class='ocrx_word' id='word_1_351' title='bbox 1632 3828 1916 3898; x_wconf 72' lang='grc' dir='ltr'>γεννηθὲν</span> <span class='ocrx_word' id='word_1_352' title='bbox 1952 3827 2157 3902; x_wconf 79' lang='grc' dir='ltr'><strong><em>Λιουίᾳ</em></strong></span> <span class='ocrx_word' id='word_1_353' title='bbox 2200 3838 2268 3901; x_wconf 81' lang='grc' dir='ltr'>τῇ</span> <span class='ocrx_word' id='word_1_354' title='bbox 2310 3829 2510 3884; x_wconf 78' lang='grc' dir='ltr'><strong><em>ἑαυτοῦ</em></strong></span> <span class='ocrx_word' id='word_1_355' title='bbox 2550 3851 2645 3899; x_wconf 82' lang='grc' dir='ltr'>γυ-</span> 
     </span>
     <span class='ocr_line' id='line_1_39' title="bbox 347 3907 2646 3982; baseline 0.002 -20"><span class='ocrx_word' id='word_1_356' title='bbox 347 3910 501 3964; x_wconf 67' lang='grc' dir='ltr'><strong><em>ναικὶ.</em></strong></span> <span class='ocrx_word' id='word_1_357' title='bbox 537 3909 774 3966; x_wconf 76' lang='grc' dir='ltr'><strong><em>παιδίον</em></strong></span> <span class='ocrx_word' id='word_1_358' title='bbox 811 3909 1036 3979; x_wconf 76' lang='grc' dir='ltr'><strong><em>Νέρωνι</em></strong></span> <span class='ocrx_word' id='word_1_359' title='bbox 1071 3915 1148 3982; x_wconf 79' lang='grc' dir='ltr'>τῷ</span> <span class='ocrx_word' id='word_1_360' title='bbox 1185 3910 1358 3978; x_wconf 77' lang='grc' dir='ltr'><strong><em>πατρὶ</em></strong></span> <span class='ocrx_word' id='word_1_361' title='bbox 1395 3907 1703 3964; x_wconf 74' lang='grc' dir='ltr'><strong><em>ἀπέδωκεν.</em></strong></span> <span class='ocrx_word' id='word_1_362' title='bbox 1768 3909 1876 3963; x_wconf 81' lang='lat' dir='ltr'>Sed</span> <span class='ocrx_word' id='word_1_363' title='bbox 1913 3909 2029 3962; x_wconf 76' lang='lat' dir='ltr'>iam</span> <span class='ocrx_word' id='word_1_364' title='bbox 2068 3909 2327 3964; x_wconf 75' lang='lat' dir='ltr'>Schmidt</span> <span class='ocrx_word' id='word_1_365' title='bbox 2364 3911 2646 3978; x_wconf 71' lang='lat' dir='ltr'>(Zeitxhr.</span> 
     </span>
     <span class='ocr_line' id='line_1_40' title="bbox 345 3989 2649 4063; baseline 0 -19"><span class='ocrx_word' id='word_1_366' title='bbox 345 3989 388 4056; x_wconf 80' lang='lat' dir='ltr'>t‘.</span> <span class='ocrx_word' id='word_1_367' title='bbox 419 3990 930 4063; x_wconf 61' lang='lat' dir='ltr'>Goedtichtsw-ioegI</span> <span class='ocrx_word' id='word_1_368' title='bbox 964 4010 1020 4062; x_wconf 83' lang='lat' dir='ltr'>p.</span> <span class='ocrx_word' id='word_1_369' title='bbox 1051 3995 1176 4055; x_wconf 76' lang='lat'><strong>333)</strong></span> <span class='ocrx_word' id='word_1_370' title='bbox 1207 3994 1266 4045; x_wconf 78' lang='lat' dir='ltr'>et</span> <span class='ocrx_word' id='word_1_371' title='bbox 1299 3990 1566 4044; x_wconf 84' lang='lat' dir='ltr'>Huebner</span> <span class='ocrx_word' id='word_1_372' title='bbox 1603 3990 1693 4044; x_wconf 81' lang='lat' dir='ltr'>De</span> <span class='ocrx_word' id='word_1_373' title='bbox 1728 3997 1831 4044; x_wconf 83' lang='lat' dir='ltr'>act.</span> <span class='ocrx_word' id='word_1_374' title='bbox 1857 4007 1913 4059; x_wconf 84' lang='lat' dir='ltr'>p.</span> <span class='ocrx_word' id='word_1_375' title='bbox 1944 3991 2015 4046; x_wconf 84' lang='lat' dir='ltr'>R.</span> <span class='ocrx_word' id='word_1_376' title='bbox 2056 4008 2109 4059; x_wconf 90' lang='lat' dir='ltr'>p.</span> <span class='ocrx_word' id='word_1_377' title='bbox 2142 3996 2245 4045; x_wconf 80' lang='lat'>602</span> <span class='ocrx_word' id='word_1_378' title='bbox 2293 4006 2421 4045; x_wconf 87' lang='lat' dir='ltr'>eum</span> <span class='ocrx_word' id='word_1_379' title='bbox 2458 4007 2528 4044; x_wconf 81' lang='lat' dir='ltr'>ex</span> <span class='ocrx_word' id='word_1_380' title='bbox 2565 3991 2649 4045; x_wconf 87' lang='lat' dir='ltr'>di-</span> 
     </span>
     <span class='ocr_line' id='line_1_41' title="bbox 349 4069 2644 4142; baseline 0.001 -19"><span class='ocrx_word' id='word_1_381' title='bbox 349 4070 504 4125; x_wconf 77' lang='lat' dir='ltr'>urnis</span> <span class='ocrx_word' id='word_1_382' title='bbox 541 4072 936 4142; x_wconf 79' lang='lat' dir='ltr'>depromptum</span> <span class='ocrx_word' id='word_1_383' title='bbox 975 4088 1097 4127; x_wconf 85' lang='lat' dir='ltr'>esse</span> <span class='ocrx_word' id='word_1_384' title='bbox 1126 4073 1495 4142; x_wconf 77' lang='lat' dir='ltr'>putauerunt3</span> <span class='ocrx_word' id='word_1_385' title='bbox 1534 4069 1606 4124; x_wconf 86' lang='lat' dir='ltr'>ef.</span> <span class='ocrx_word' id='word_1_386' title='bbox 1636 4069 1801 4125; x_wconf 90' lang='lat' dir='ltr'>Dion.</span> <span class='ocrx_word' id='word_1_387' title='bbox 1831 4076 1918 4137; x_wconf 80' lang='lat'>44,</span> <span class='ocrx_word' id='word_1_388' title='bbox 1952 4077 2035 4136; x_wconf 93' lang='grc'>11,</span> <span class='ocrx_word' id='word_1_389' title='bbox 2066 4076 2097 4124; x_wconf 87' lang='grc'><strong>3</strong></span> <span class='ocrx_word' id='word_1_390' title='bbox 2138 4070 2195 4133; x_wconf 77' lang='grc' dir='ltr'>ἐς</span> <span class='ocrx_word' id='word_1_391' title='bbox 2219 4072 2289 4124; x_wconf 79' lang='grc' dir='ltr'>τὰ</span> <span class='ocrx_word' id='word_1_392' title='bbox 2318 4070 2644 4142; x_wconf 79' lang='grc' dir='ltr'><strong><em>ὑπομνήμα-</em></strong></span> 
     </span>
     <span class='ocr_line' id='line_1_42' title="bbox 349 4149 2650 4223; baseline 0 -19"><span class='ocrx_word' id='word_1_393' title='bbox 349 4171 415 4205; x_wconf 80' lang='grc' dir='ltr'>τα</span> <span class='ocrx_word' id='word_1_394' title='bbox 453 4152 809 4223; x_wconf 75' lang='grc' dir='ltr'><strong><em>ἐγγραφῆναι</em></strong></span> <span class='ocrx_word' id='word_1_395' title='bbox 848 4151 1110 4222; x_wconf 75' lang='grc' dir='ltr'><strong><em>ἐποίησεν</em></strong></span> <span class='ocrx_word' id='word_1_396' title='bbox 1145 4155 1257 4207; x_wconf 75' lang='grc' dir='ltr'><strong><em>κτλ.</em></strong></span> <span class='ocrx_word' id='word_1_397' title='bbox 1315 4156 1400 4220; x_wconf 85' lang='grc'><strong><em>57,</em></strong></span> <span class='ocrx_word' id='word_1_398' title='bbox 1435 4158 1518 4216; x_wconf 81' lang='lat'>12,</span> <span class='ocrx_word' id='word_1_399' title='bbox 1547 4157 1578 4203; x_wconf 79' lang='lat'>2</span> <span class='ocrx_word' id='word_1_400' title='bbox 1619 4149 1755 4205; x_wconf 78' lang='grc' dir='ltr'>ὥστε</span> <span class='ocrx_word' id='word_1_401' title='bbox 1783 4181 1852 4190; x_wconf 91' lang='grc'><strong>-</strong></span> <span class='ocrx_word' id='word_1_402' title='bbox 1881 4151 1979 4205; x_wconf 72' lang='grc' dir='ltr'>καὶ</span> <span class='ocrx_word' id='word_1_403' title='bbox 2015 4159 2179 4206; x_wconf 82' lang='grc' dir='ltr'><strong><em>τοῦτο</em></strong></span> <span class='ocrx_word' id='word_1_404' title='bbox 2218 4152 2313 4205; x_wconf 78' lang='grc' dir='ltr'>καὶ</span> <span class='ocrx_word' id='word_1_405' title='bbox 2352 4151 2408 4214; x_wconf 81' lang='grc' dir='ltr'>ἐς</span> <span class='ocrx_word' id='word_1_406' title='bbox 2442 4149 2511 4204; x_wconf 83' lang='grc' dir='ltr'>τὰ</span> <span class='ocrx_word' id='word_1_407' title='bbox 2549 4153 2650 4221; x_wconf 78' lang='grc' dir='ltr'>δη-</span> 
     </span>
     <span class='ocr_line' id='line_1_43' title="bbox 351 4231 2649 4304; baseline -0.001 -16"><span class='ocrx_word' id='word_1_408' title='bbox 351 4231 516 4300; x_wconf 81' lang='grc' dir='ltr'><strong><em>μόσια</em></strong></span> <span class='ocrx_word' id='word_1_409' title='bbox 554 4232 931 4302; x_wconf 79' lang='grc' dir='ltr'><strong><em>ὑπομνήματα</em></strong></span> <span class='ocrx_word' id='word_1_410' title='bbox 968 4231 1356 4304; x_wconf 77' lang='grc' dir='ltr'><strong><em>ἐσγράφεσθαι</em></strong></span> <span class='ocrx_word' id='word_1_411' title='bbox 1393 4231 1484 4302; x_wconf 85' lang='lat' dir='ltr'>(de</span> <span class='ocrx_word' id='word_1_412' title='bbox 1521 4231 1721 4293; x_wconf 82' lang='lat' dir='ltr'>Liuia).</span> <span class='ocrx_word' id='word_1_413' title='bbox 1780 4236 1866 4298; x_wconf 80' lang='grc'><strong><em>60,</em></strong></span> <span class='ocrx_word' id='word_1_414' title='bbox 1896 4237 1963 4284; x_wconf 78' lang='grc'>38</span> <span class='ocrx_word' id='word_1_415' title='bbox 2011 4231 2109 4286; x_wconf 75' lang='grc' dir='ltr'>καὶ</span> <span class='ocrx_word' id='word_1_416' title='bbox 2144 4240 2309 4286; x_wconf 81' lang='grc' dir='ltr'><strong><em>τοῦτο</em></strong></span> <span class='ocrx_word' id='word_1_417' title='bbox 2347 4232 2445 4286; x_wconf 75' lang='grc' dir='ltr'>καὶ</span> <span class='ocrx_word' id='word_1_418' title='bbox 2482 4231 2541 4294; x_wconf 77' lang='grc' dir='ltr'>ἐς</span> <span class='ocrx_word' id='word_1_419' title='bbox 2578 4231 2649 4286; x_wconf 80' lang='grc' dir='ltr'>τὰ</span> 
     </span>
     <span class='ocr_line' id='line_1_44' title="bbox 351 4311 1615 4385; baseline -0.002 -17"><span class='ocrx_word' id='word_1_420' title='bbox 351 4313 723 4383; x_wconf 72' lang='grc' dir='ltr'><strong><em>ὑπομνήματα</em></strong></span> <span class='ocrx_word' id='word_1_421' title='bbox 761 4313 1098 4385; x_wconf 78' lang='grc' dir='ltr'><strong><em>ἐσεγράφετο</em></strong></span> <span class='ocrx_word' id='word_1_422' title='bbox 1136 4313 1228 4382; x_wconf 87' lang='lat' dir='ltr'>(de</span> <span class='ocrx_word' id='word_1_423' title='bbox 1266 4311 1615 4383; x_wconf 76' lang='lat' dir='ltr'>Agrippina).</span> 
     </span>
    </p>
   </div>
  </div>
 </body>
</html>
