3234 5034
980 305 1077 360 DE
1116 304 1362 360 GENTE
1400 307 1665 363 POPVLI
1702 305 1994 362 ROMANI
2559 307 2639 371 13

408 463 738 534 praeferant
774 468 1042 536 tempore,
1090 483 1230 536 quos
1278 467 1405 522 falli
1452 467 1731 524 existimo.
1790 467 1890 522 sed
1936 467 2196 536 quolibet
2237 471 2492 539 tempore
2521 470 2643 523 nati

410 545 549 614 sint,
597 547 824 600 constet
857 545 1007 601 inter
1042 547 1341 602 historicos
1378 563 1608 618 graues,
1647 549 1745 616 qui
1781 548 1924 602 haec
1961 548 2200 618 antiqua
2239 547 2446 604 litteris
2483 565 2642 604 man-

411 624 691 680 dauerunt
711 626 905 681 ambos
924 626 1179 682 homines
1198 627 1390 694 fuisse,
1406 630 1465 683 et
1483 629 1636 697 quod
1655 627 1990 682 mortalibus
2013 627 2086 682 ad
2105 629 2276 683 istam
2294 629 2474 683 uitam
2496 646 2644 685 com·

408 705 632 761 modius
660 705 976 762 ducendam
1003 707 1279 762 beneficia.
1305 707 1485 763 multa
1514 707 1870 776 contulerint,
1899 709 2138 763 honores
2159 710 2232 764 ab
2264 709 2345 765 eis
2373 711 2644 764 meruisse

278 805 305 845 5
410 787 650 842 diuinos.
688 787 946 842 Minerua.
974 803 1107 844 uero
1135 788 1304 859 longe
1340 789 1431 843 his
1469 789 1770 860 antiquior.
1817 807 1950 844 nam
1979 789 2325 860 temporibus
2354 789 2541 860 Ogygi
2570 791 2644 844 ad

409 866 623 935 lacum,
660 869 759 938 qui
796 867 1046 923 Tritonis
1086 868 1308 935 dicitur,
1350 869 1619 940 uirginali
1659 871 1989 940 apparuisse
2026 868 2204 924 fertur
2241 873 2456 937 aetate,
2493 869 2646 924 unde

410 949 469 1002 et
504 947 764 1002 Tritonis
799 951 1127 1018 nuncupata
1164 952 1276 1018 est,
1314 950 1617 1004 multorum
1651 966 1787 1004 sane
1815 966 2047 1021 operum
2073 951 2360 1004 inuenti-ix
2389 953 2448 1004 et
2481 952 2645 1004 tanto

408 1027 719 1098 procliuius
758 1027 867 1083 dea.
903 1028 1137 1098 credita,
1175 1033 1389 1098 quanto
1428 1031 1613 1084 minus
1653 1030 1811 1101 origo
1849 1031 1971 1085 eius
1999 1031 2266 1086 innotuit.
2310 1031 2462 1099 quod
2491 1029 2643 1085 enim

410 1108 481 1162 de
519 1109 707 1179 capite
742 1108 893 1163 Iouis
921 1112 1062 1164 nata.
1090 1110 1329 1179 canitur,
1366 1112 1551 1181 poetis
1582 1113 1641 1165 et
1667 1109 1896 1174 fabulis,
1925 1127 2036 1164 non
2064 1110 2338 1164 historiae
2365 1111 2644 1179 rebusque

253 1207 309 1246 ιο
408 1189 587 1258 gestis
626 1192 714 1243 est
749 1188 1168 1259 adplicandum.
1200 1222 1267 1230 —
1297 1189 1407 1244 Sed
1444 1189 1703 1259 quolibet
1747 1196 2001 1261 tempore
2047 1189 2246 1259 fuerit,
2292 1191 2408 1245 iam
2453 1194 2646 1245 tamen

409 1269 671 1324 Minerua.
713 1272 1007 1340 tamquam
1053 1271 1161 1325 dea
1206 1270 1499 1325 colebatur
1554 1275 1830 1341 regnante
1884 1270 2327 1325 Atheniensibus
2383 1271 2646 1340 Cecrope,

410 1349 521 1442 sub
525 1366 683 1484 ¹²⁸:1¹:130
740 1367 873 1421 rege
928 1350 1105 1405 etiam
1157 1351 1343 1420 ipsam
1391 1349 1485 1406 uel
1542 1351 1918 1406 instauratam
1973 1352 2164 1406 ferunt
2212 1349 2304 1406 uel
2358 1350 2646 1406 conditam

410 1447 526 1484 cmi
644 1448 721 1484 m.

523 1512 667 1580 7⁸³³.
724 1520 977 1593 Auyust.
1019 1520 1097 1580 de
1142 1524 1261 1580 eiu.
1301 1521 1357 1579 d.
1396 1519 1638 1580 XVIII
1667 1519 1709 1578 9
1757 1517 1905 1579 Nam
1951 1527 2018 1580 ut
2051 1519 2313 1580 Athenae
2361 1537 2648 1579 uocaren-

256 1633 309 1674 ιε
340 1627 457 1696 tur,
504 1615 663 1696 quod
710 1623 873 1676 certe
920 1634 1140 1678 nomen
1185 1635 1217 1676 a
1266 1616 1534 1678 Minerua
1580 1626 1698 1696 est,
1747 1635 1897 1696 quae
1946 1616 2171 1679 Graece
2205 1612 2452 1695 Ἀθηνᾶ
2500 1615 2646 1678 dici-

337 1722 464 1793 tur,
524 1713 678 1774 hanc
739 1732 978 1775 causam
1016 1714 1199 1774 Varro
1262 1713 1510 1775 indicat:
1572 1714 1720 1776 Cum
1783 1715 2158 1794 apparuisset
2216 1713 2338 1775 illic
2399 1722 2647 1794 repente

336 1812 534 1873 oliuae
582 1811 760 1873 arbor
800 1820 859 1874 et
905 1812 1020 1873 alio
1066 1812 1193 1873 loco
1241 1830 1391 1893 aqua
1441 1816 1759 1892 erupisset,
1806 1831 2010 1891 regem
2056 1811 2325 1892 prodigia
2368 1815 2482 1874 ista
2524 1831 2648 1891 rno-

334 1919 577 1990 uerunt‚
637 1918 697 1971 et
757 1912 922 1971 misit
980 1910 1052 1971 ad
1108 1911 1438 1990 Apollinem
1492 1910 1846 1990 Delphicum
1901 1913 2298 1990 sciscitatum,
2356 1910 2500 1991 quid
2557 1914 2646 1972 in·

338 2007 741 2088 tellegendum
800 2015 961 2070 esset
1022 2007 1243 2089 quidue
1304 2008 1658 2071 faciendum.
1733 2007 1834 2070 ille
1897 2008 2232 2090 respondit,
2297 2008 2456 2088 quod
2517 2008 2648 2071 olea

255 2124 311 2164 πο
338 2106 671 2167 Mineruam
728 2108 1119 2186 significaret,
1165 2106 1326 2169 unda
1370 2105 1715 2187 Neptunum
1771 2115 1831 2168 et
1877 2106 2036 2187 quod
2094 2115 2256 2169 esset
2309 2110 2371 2168 in
2421 2109 2648 2169 ciuium

336 2213 657 2284 potestate,
713 2223 787 2265 ex
842 2207 1015 2266 cuius
1069 2207 1271 2285 potius
1326 2201 1586 2266 nomine‘
1616 2204 1870 2267 duorum
1918 2205 2194 2284 deorum,
2242 2223 2500 2284 quorum
2545 2205 2648 2267 illa

338 2304 507 2382 signa
553 2311 773 2382 essent,
820 2305 1049 2368 ciuitas
1072 2313 1407 2364 uocaretur.
1456 2305 1570 2364 isto
1610 2303 1870 2383 Cecrops
1909 2303 2150 2364 oraculo
2189 2310 2435 2383 accepto
2480 2306 2646 2365 ciues

336 2419 546 2462 omnes
592 2403 906 2480 utriusque
954 2419 1132 2462 sexus
1181 2395 1341 2484 (mos
1388 2403 1551 2462 enim
1596 2409 1742 2463 tunc
1786 2404 1849 2462 in
1899 2400 2128 2463 eisdem
2182 2401 2330 2462 locis
2379 2409 2532 2481 erat,
2581 2411 2648 2464 ut

338 2501 517 2560 etiam
564 2499 819 2560 feminae
865 2497 1123 2579 publicis
1170 2497 1707 2560 consultationibus
1754 2495 2147 2584 interessent)
2197 2498 2271 2560 ad
2331 2498 2648 2561 ferendum

256 2613 309 2653 ss
337 2597 688 2676 suffragium
735 2600 1108 2658 conuocauit.
1156 2596 1425 2658 consulta
1463 2599 1649 2676 igitur
1685 2596 2066 2659 multitudine
2107 2614 2302 2659 mares
2338 2617 2448 2678 pro
2489 2597 2644 2678 Nep-

340 2703 509 2774 tuno,
567 2695 820 2756 i'eminae
876 2713 985 2774 pro
1042 2695 1311 2756 Minerua
1366 2694 1558 2757 tulere
1616 2697 1971 2774 sententiaS‚
2029 2704 2090 2756 et
2143 2697 2280 2775 quia
2335 2714 2454 2757 una
2510 2696 2646 2776 plus

338 2795 583 2854 inuenta
630 2799 723 2854 est
779 2793 1163 2873 feminarum,
1208 2793 1477 2855 Minerua
1523 2795 1687 2854 uicit.
1736 2801 1880 2854 tunc
1928 2793 2238 2873 Neptunus
2286 2797 2474 2856 iratus
2521 2813 2644 2856 ma-

338 2893 489 2953 rinis
515 2891 799 2952 fluctibus
838 2890 1321 2953 exaestuantibus
1360 2899 1553 2952 terras
1580 2891 2036 2953 Atheniensium
2065 2891 2382 2972 populatus
2419 2901 2528 2954 est.
2559 2927 2642 2938 -—

337 2992 511 3052 cuius
554 2998 626 3050 ut
668 2988 977 3051 iracundia
1022 2989 1377 3069 placaretur,
1422 2988 1650 3069 triplici
1697 2989 1991 3070 supplicio
2040 2989 2185 3050 dicit
2231 2989 2391 3050 idem
2437 2999 2646 3052 auctor

256 3105 313 3144 so
338 3087 410 3148 ab
455 3087 923 3149 Atheniensibus
968 3088 1210 3149 affectas
1258 3106 1391 3148 esse
1446 3086 1749 3168 mulieres,
1795 3095 1863 3148 ut
1908 3087 2071 3148 nulla
2113 3087 2369 3149 ulterius
2415 3087 2644 3149 ferrent

339 3186 639 3266 suffragia,
681 3193 752 3247 ut
797 3185 997 3248 nullus
1042 3187 1416 3247 nascentium
1462 3194 1800 3248 maternum
1838 3205 2055 3248 nomen
2093 3187 2410 3266 acciperet,
2455 3195 2527 3248 ut
2567 3205 2643 3249 ne

339 3287 473 3364 quis
520 3302 623 3346 eas
667 3284 1001 3346 Athenaeas
1047 3292 1309 3345 uocaret.

520 3375 671 3445 ¹7¹²*.
718 3384 976 3458 Anqust.
1006 3385 1083 3444 de
1120 3387 1239 3444 eiu.
1270 3385 1328 3444 d.
1356 3384 1599 3444 XVIII
1627 3383 1716 3444 10
1759 3383 1920 3445 Haec
1946 3383 2132 3443 Varro
2171 3401 2289 3444 non
2328 3381 2536 3462 credit,
2567 3402 2642 3444 ne

340 3480 587 3542 deorum
632 3487 881 3542 naturae
928 3499 1035 3542 seu
1080 3481 1350 3542 moribus
1396 3480 1600 3542 credat
1647 3483 2001 3563 incongrua3
2049 3489 2110 3541 et
2155 3489 2354 3542 tamen
2392 3499 2511 3542 non
2559 3481 2641 3541 fa·

259 3595 313 3634 ³5
338 3578 625 3657 bulosam,
672 3577 779 3640 sed
817 3579 1160 3639 historicam
1201 3580 1493 3639 rationem
1542 3578 1614 3639 de
1652 3578 2017 3640 Athenarum
2054 3576 2343 3640 uocabulo
2383 3577 2641 3641 reddens

338 3685 563 3738 tantam
618 3675 883 3756 Neptuni
927 3685 987 3738 et
1032 3675 1337 3738 Mineruae
1393 3677 1558 3737 litem
1615 3680 1742 3738 suis
1799 3677 2016 3738 litteris
2066 3679 2298 3756 inserit,
2347 3676 2420 3737 de
2467 3680 2640 3739 cuius

341 3777 580 3836 nomine
635 3777 833 3854 potius
888 3774 987 3835 illa
1045 3777 1259 3836 ciuitas
1305 3782 1642 3854 uocaretur,
1689 3785 1756 3836 ut
1801 3794 1938 3836 cum
1985 3773 2394 3854 prodigiorum
2442 3783 2638 3836 osten-

340 3876 563 3935 tatione
627 3872 1083 3952 contenderent,
1156 3876 1317 3935 inter
1380 3893 1484 3934 eos
1548 3873 1814 3935 iudicare
1877 3891 1990 3935 nec
2052 3873 2258 3954 Apollo
2333 3873 2639 3936 consultus

519 4053 603 4101 13.
640 4047 901 4116 Sequitur
934 4046 1008 4114 fr.
1038 4052 1088 4101 5.

518 4118 589 4172 ⁷·
622 4119 915 4174 continuat
947 4118 1020 4185 fr.
1050 4123 1102 4173 6.
1305 4117 1382 4172 7³.
1422 4117 1599 4189 Haec]
1637 4119 1906 4173 antecedit
1938 4118 2011 4185 fr.
2043 4123 2095 4172 8.

520 4290 615 4377 7⁸,
667 4297 767 4356 27.
815 4301 947 4355 tum
993 4315 1076 4371 ey
