3234 5034
657 346 907 393 xm„
1159 325 1256 379 DE
1295 324 1758 382 scaffTonvm
1796 324 1984 381 vrris
2020 326 2115 380 ET
2154 324 2469 381 scmr‘ns

657 502 766 575 est,
811 502 880 556 ut
925 502 1113 556 totum
1149 494 1262 556 hoc
1299 512 1487 574 genus
1525 494 1797 555 uirorum
1842 493 2236 556 litteratorum
2282 494 2439 557 ultra
2473 493 2769 555 Romanos
2807 483 2957 557 lines

657 594 854 656 studia
900 600 962 654 et
1006 595 1315 654 scientiam
1358 611 1716 674 propagasse
1762 592 1969 655 uideas
2008 594 2117 671 (cf.
2146 594 2270 655 Leo
2299 595 2509 670 Bioyr.
2534 613 2603 671 p.
2636 594 2767 654 193
2784 595 2960 671 sqq).

657 693 765 755 sed
811 694 942 753 eius
989 694 1235 772 scriptio
1281 710 1394 753 nec
1437 690 1768 773 καθολική
1814 710 1926 752 nec
1970 689 2162 773 κοινὴ
2210 688 2469 771 ἱστορία
2521 692 2652 771 fuit,
2702 710 2839 753 cum
2886 692 2959 753 ad

659 791 926 870 singulos
971 792 1136 851 uiros
1183 789 1635 871 singularesque
1682 808 1779 852 res
1824 792 2173 872 pertineret,
2218 790 2281 851 id
2327 790 2484 871 quod
2522 792 2702 853 etiam
2740 790 2959 853 clarius

657 892 720 951 in
775 890 1045 951 uirorum
1096 887 1420 949 illustrium
1475 890 1618 950 uitis
1676 888 2041 969 explicandis
2098 889 2357 969 adparet,
2418 887 2637 969 quibus
2682 889 2795 950 hoc
2842 888 2959 950 sibi

655 993 1072 1069 proposuerat,
1137 994 1205 1048 ut
1270 986 1498 1049 collatis
1563 985 1926 1049 Graecorum
1989 987 2509 1069 Romanorumque
2573 988 2772 1067 factis,
2835 988 2959 1048 utri

656 1088 810 1149 utris
854 1085 1230 1165 praeferendi
1276 1092 1495 1165 essent,
1540 1085 1792 1147 iudicari
1828 1095 2032 1166 posset
2069 1088 2204 1165 (23,
2235 1088 2337 1164 13,
2368 1087 2456 1162 4),
2506 1104 2621 1166 qua
2670 1085 2741 1147 de
2780 1105 2959 1148 causa

656 1184 718 1246 id
774 1185 920 1264 egit,
975 1192 1043 1245 ut
1097 1182 1354 1246 Graecos
1361 1231 1380 1264 ,
1437 1202 1690 1264 quorum
1754 1202 1952 1245 mores
2002 1187 2279 1265 uitaeque
2344 1186 2616 1246 instituta
2670 1202 2779 1246 suo
2823 1186 2957 1246 iure

656 1286 748 1345 uti
793 1282 1151 1344 concederet
1195 1290 1256 1343 et
1301 1282 1541 1343 doceret
1578 1282 1687 1359 (cs.
1711 1281 1973 1363 praefi),
2010 1281 2183 1344 laude
2231 1302 2337 1344 sua
2380 1300 2498 1344 non
2546 1282 2849 1345 fraudaret
2892 1285 2959 1344 in

657 1381 984 1461 eodemque
1040 1379 1226 1459 gradu
1281 1389 1555 1460 poneret,
1603 1400 1719 1460 quo
1767 1400 1907 1442 suos
1955 1382 2144 1460 ciueS,
2189 1383 2254 1442 in
2300 1379 2647 1441 Hannibalis
2692 1382 2818 1442 uita
2862 1381 2960 1443 his

657 1480 834 1541 etiam
872 1479 1250 1558 obtrectaret,
1279 1486 1340 1539 et
1375 1498 1494 1540 non
1532 1478 1725 1541 solum
1761 1478 2035 1541 bellicam
2074 1479 2180 1540 sed
2217 1481 2397 1540 etiam
2436 1486 2664 1541 ceteras
2701 1482 2960 1542 uirtutes

657 1585 934 1657 artesque
981 1586 1318 1657 exponeret.
1391 1578 1592 1657 itaque
1639 1595 1837 1658 pugna
1873 1576 2235 1639 Marathonia
2284 1574 2457 1638 ‘nihil
2503 1576 2695 1639 adhuc
2742 1577 2957 1658 glorio·

658 1676 784 1737 sius
832 1671 1132 1737 extitisse'
1175 1675 1475 1755 praedicat
1522 1677 1611 1751 (1,
1651 1678 1710 1753 5,
1749 1677 1839 1756 5),
1893 1675 2053 1737 idem
2109 1674 2265 1756 quod
2312 1674 2379 1747 Q.
2419 1675 2675 1737 Ennium
2723 1684 2959 1757 poetam

660 1771 801 1835 Cato
839 1791 912 1834 ex
950 1772 1222 1835 Sardinia
1259 1773 1588 1854 deduxerit,
1626 1791 1746 1835 non
1784 1776 2033 1835 minoris
2080 1775 2368 1854 aestimat,
2416 1792 2591 1854 quam
2633 1773 2962 1854 quemlibet

657 1872 1090 1952 amplissimum
1155 1871 1596 1933 Sardiniensem
1664 1872 2030 1952 triumphum
2087 1873 2251 1947 (Cat.
2294 1873 2351 1948 1,
2389 1873 2479 1952 4),
2535 1872 2677 1952 quid
2693 1869 2727 1933 ?
2799 1872 2961 1952 quod

657 1970 1054 2050 eloquentiam
1080 1972 1454 2032 innocentiae
1483 1978 1781 2032 antestare
1809 1971 2095 2051 exemplis
2122 1969 2537 2032 Themistoclis
2566 1970 2960 2051 Aristidisque

661 2067 1025 2130 demonstrat
1061 2069 1150 2146 (3,
1191 2070 1248 2145 1,
1287 2068 1356 2144 2)
1397 2077 1572 2149 atque
1620 2088 1768 2149 quae
1804 2070 1867 2129 in
1906 2088 2105 2131 amore
2142 2068 2473 2130 Alcibiades
2514 2068 2761 2130 delicate
2797 2071 2959 2131 ioco-

660 2184 842 2245 seque
889 2166 1147 2247 fecisset,
1195 2166 1522 2229 relaturum
1571 2186 1635 2229 se
1682 2168 1866 2229 fuisse
1912 2168 2245 2247 profitetur,
2293 2169 2413 2229 nisi
2456 2168 2681 2229 maiora
2726 2170 2959 2248 potiora

657 2265 905 2326 haberet
948 2266 1039 2343 (7,
1066 2266 1127 2341 2,
1156 2265 1244 2339 3).

836 2363 988 2425 Tum
1034 2365 1097 2424 in
1141 2365 1440 2426 materia
1487 2364 1859 2425 tractanda
1904 2382 1969 2425 se
2016 2382 2135 2425 non
2182 2382 2279 2425 res
2326 2363 2619 2444 explicare
2658 2364 2765 2426 sed
2800 2366 2960 2427 uitas

659 2480 938 2523 enarrare
974 2479 1169 2541 neque
1207 2462 1514 2523 historiam
1553 2462 1927 2523 scribendam
1967 2453 2271 2541 suscipere
2308 2462 2621 2541 profitetur
2650 2465 2785 2539 (16,
2816 2465 2874 2541 1,
2899 2465 2956 2524 1.

660 2561 739 2638 cf.
781 2561 883 2636 15,
913 2561 972 2637 1,
999 2561 1100 2642 3);
1155 2562 1354 2641 itaque
1411 2579 1661 2622 securus
1707 2580 1738 2621 a
1794 2568 2130 2640 temporum
2186 2560 2395 2621 ordine
2450 2561 2685 2622 aberrat
2740 2580 2959 2642 resque

661 2667 884 2720 temere
921 2660 1135 2719 miscet
1171 2666 1344 2739 atque
1383 2658 1693 2720 confundit
1730 2659 1839 2735 (cs.
1863 2663 2079 2736 potira.
2112 2659 2213 2735 12,
2243 2658 2285 2718 2
2296 2681 2320 2731 ;
2356 2659 2415 2719 3.
2464 2660 2568 2736 23,
2599 2660 2657 2739 4,
2689 2660 2884 2735 4-5,
2915 2662 2959 2722 3

660 2774 798 2819 cum
843 2758 1218 2835 Nipperdeyi
1265 2760 1456 2833 adn),
1502 2759 1742 2818 omnino
1789 2758 2035 2837 omittit,
2083 2776 2233 2837 quae
2280 2757 2353 2818 ad
2410 2758 2595 2818 uitam
2654 2757 2958 2820 illustran-

661 2854 792 2915 dam
840 2873 958 2916 non
1003 2857 1306 2936 pertinere
1351 2854 1686 2934 uideantur,
1734 2872 2074 2935 eorumque,
2121 2856 2225 2934 qui
2270 2856 2419 2916 uiris
2458 2857 2583 2916 suis
2619 2855 2961 2918 illustribus

660 2952 983 3032 adfuerint,
1041 2952 1244 3014 laudes
1297 2954 1515 3013 minuit
1568 2961 1671 3014 aut
1723 2959 1903 3033 tacet3
1960 2952 2149 3033 uelut,
2204 2960 2272 3013 ut
2316 2954 2495 3014 unius
2540 2953 2960 3015 Themistoclis

658 3051 974 3131 prudentia
1003 3050 1309 3113 Graeciam
1337 3051 1643 3112 liberatam
1672 3070 1805 3112 esse
1832 3050 2219 3131 Europaeque
2250 3049 2637 3112 succubuisse
2667 3051 2863 3113 Asiam
2892 3055 2960 3113 in

661 3152 789 3211 eius
826 3151 952 3211 uita
990 3157 1152 3211 recte
1187 3150 1564 3230 praedicasse
1600 3149 1876 3211 uideatur
1914 3151 2001 3225 (5,
2030 3152 2121 3228 3),
2158 3149 2455 3211 Leonidae
2492 3150 2739 3229 eiusque
2779 3150 2961 3231 Spar-

661 3249 937 3309 tiatarum
990 3246 1356 3309 fortitudinis
1409 3266 1486 3307 ne
1540 3248 1813 3309 meminit
1858 3246 2123 3327 quidem,
2182 3248 2459 3309 Aristidis
2515 3256 2711 3309 autem
2766 3251 2962 3311 uicto-

659 3348 808 3406 riam
845 3345 1248 3407 Plataeensem
1294 3344 1560 3406 breuiter
1605 3354 2027 3407 commemorat
2064 3346 2154 3422 (2,
2184 3347 2255 3420 1)
2293 3348 2555 3425 satisque
2602 3345 2779 3407 habet
2824 3348 2961 3409 eius

659 3442 1076 3504 abstinentiam
1103 3445 1622 3524 innocentiamque
1650 3444 1938 3524 laudasse,
1973 3446 2311 3524 partitionis
2349 3446 2545 3523 operis
2588 3446 2765 3505 etiam
2809 3445 2961 3506 ohli-

658 3543 927 3621 uiscitur,
974 3543 1055 3603 ita
1100 3549 1168 3602 ut
1213 3541 1526 3604 Phocionis
1571 3545 1775 3623 uitam,
1822 3562 1957 3603 cum
1994 3544 2305 3621 integritas
2341 3544 2499 3603 uitae
2536 3542 2723 3604 multo
2762 3546 2965 3605 notior

661 3640 841 3701 fuerit
886 3659 1062 3719 quam
1109 3641 1200 3700 rei
1243 3640 1517 3701 militaris
1553 3639 1720 3701 labor
1753 3641 2049 3720 huiusque
2085 3642 2371 3702 memoria
2408 3643 2489 3701 sit
2523 3636 2755 3721 ‘nulla',
2792 3640 2963 3703 illius

660 3746 857 3800 autem
903 3755 1115 3816 magna
1161 3738 1314 3799 fama
1360 3739 1494 3815 (19,
1535 3740 1593 3815 1,
1636 3740 1723 3817 1),
1779 3737 1852 3799 ab
1910 3758 2063 3801 anno
2126 3740 2487 3818 octogesimo
2552 3757 2801 3801 exorsus
2860 3759 2963 3801 res

657 3839 974 3899 intestinas
1021 3845 1272 3917 exponat
1308 3840 1462 3913 (uid.
1494 3838 1616 3899 Leo
1656 3839 1865 3914 Bioyr.
1891 3858 1959 3916 p.
1990 3836 2167 3912 208).
2244 3845 2449 3899 contra
2502 3836 2725 3916 largam
2772 3837 2964 3899 fabel-

657 3934 847 3998 larum
905 3954 1249 4016 rerumque,
1305 3955 1455 4016 quae
1515 3938 1743 3997 animos
1798 3954 2041 3997 mouere
2096 3938 2351 4015 possint,
2406 3938 2637 4015 copiam
2684 3936 2963 3999 effundit.

657 4053 795 4095 nam
842 4053 978 4095 cum
1034 4042 1310 4113 expertes
1362 4034 1460 4095 uel
1508 4034 1687 4096 rudes
1733 4033 2065 4095 litterarum
2112 4032 2496 4112 Graecam,
2542 4033 2785 4113 uulguS,
2834 4054 2964 4097 non

657 4132 974 4193 historicos
1021 4131 1240 4193 librum
1288 4151 1462 4193 suum
1507 4133 1572 4192 in
1617 4150 1829 4193 manus
1878 4141 2219 4212 sumpturos
2264 4150 2396 4193 esse
2436 4131 2690 4211 simulat,
2736 4134 2790 4193 si
2828 4142 2963 4194 tan-

659 4238 784 4291 tum
841 4229 1014 4291 modo
1069 4249 1331 4292 summas
1385 4230 1672 4310 attigerit,
1726 4230 2057 4291 satietatem
2110 4229 2399 4292 lectorum
2464 4232 2718 4291 maxime
2783 4240 2968 4292 canet

659 4336 833 4408 atque
882 4330 962 4389 ita
1006 4330 1070 4388 in
1115 4327 1427 4408 Pelopidae
1474 4329 1598 4390 uita
1644 4346 1780 4389 cum
1829 4329 2085 4389 satietati
2138 4337 2264 4389 tum
2323 4330 2690 4408 ignorantiae
2748 4347 2965 4391 eorum
