3234 5034
622 286 966 333 cxxxxnn
1106 263 1201 318 DE
1240 263 1706 320 SCRIPTORVM
1742 265 1932 320 VITIs
1971 265 2066 319 ET
2103 261 2418 319 SCRIPTIS

618 431 825 496 αὐτοῦ
870 430 1159 514 πάντων,
1204 429 1474 514 ἀνδρῶν
1519 439 1636 514 τῆς
1672 428 2058 516 Ἑλληνικῆς
2103 431 2407 508 παιδείας
2451 427 2560 495 ἐπὶ
2605 435 2920 494 πλεῖστον

619 529 937 613 ἡκόντων,
982 530 1106 612 τὴν
1154 529 1451 616 ἱστορίαν
1498 529 1622 594 οὐκ
1669 532 1903 617 ἔφερες
1949 533 2044 605 εἰς
2089 528 2322 614 μέσους

806 631 1033 692 Contra
1064 633 1281 708 Apion.
1311 632 1355 692 I
1377 632 1464 692 10
1502 631 1660 704 Πῶς
1697 623 1822 693 οὖν
1861 628 1986 693 οὐκ
2023 627 2109 692 ἂν
2143 634 2422 710 θρασεῖς
2459 651 2559 704 τις
2599 625 2918 710 ἡγήσαιτο

618 727 773 802 τοὺς
829 725 1398 810 ἄνταγωνίζεσθαί
1428 750 1543 811 μοι
1588 727 1739 809 περὶ
1785 736 1902 811 τῆς
1947 725 2266 810 ἀληθείας
2325 725 2920 811 ἐπικεχειρηκόταςς

620 827 691 890 οἳ
730 821 855 889 κᾶν
892 835 1030 900 τοῖς
1066 835 1203 888 τῶν
1239 825 1746 911 αὐτοκρατόρων
1767 822 1819 913 ¹)
1865 824 2336 908 ὑπομνήμασιν
2375 822 2676 908 ἐντυχεῖν
2723 820 2918 906 λέγω·

620 941 761 1007 σιν,
818 919 957 987 ἀλλ’
1035 923 1117 988 οὔ
1183 946 1257 1005 γε
1320 919 1431 987 καὶ
1495 933 1638 1000 τοῖς
1701 921 2041 1008 ἡμετέροις
2103 932 2238 986 τῶν
2301 921 2922 1004 ἀντιπολεμούντων

618 1021 959 1106 πράγμασι
1006 1020 1399 1106 παρέτυχον.

798 1121 909 1182 Hic
962 1122 1249 1202 Iosephus
1304 1141 1438 1183 cum
1494 1124 1811 1184 iactatione
1867 1121 2120 1203 quadam
2173 1130 2380 1202 postea
2441 1121 2753 1202 professus
2815 1128 2920 1199 est,

622 1220 779 1302 quod
817 1223 879 1281 in
929 1220 1325 1301 descriptione
1370 1223 1563 1302 ipsius
1610 1221 1752 1282 belli
1799 1240 1918 1282 non
1954 1239 2204 1283 necesse
2243 1239 2376 1281 esse
2415 1219 2683 1299 duxerat,
2723 1238 2918 1299 neque

622 1319 797 1380 fidem
857 1321 1057 1400 ipsum
1116 1318 1383 1398 legentes
1444 1318 1869 1400 denegabimus
1938 1322 2185 1394 (Gesch.
2233 1321 2374 1381 Litt.
2414 1319 2457 1379 I
2479 1337 2548 1396 p.
2587 1319 2724 1380 396.
2749 1322 2921 1394 sqq).

622 1417 727 1479 sed
785 1419 963 1479 etiam
1020 1418 1173 1498 apud
1220 1418 1489 1479 Tacitum
1546 1420 1800 1498 uestigia
1855 1417 2180 1479 eorundem
2228 1418 2570 1497 Vespasiani
2625 1434 2922 1478 commen-

622 1518 912 1577 tariorum
960 1518 1365 1577 inueniuntur.
1456 1535 1593 1577 nam
1634 1535 1785 1596 quae
1835 1516 1908 1578 de
1965 1516 2276 1596 asphaltite
2322 1515 2570 1578 Iudaeae
2617 1515 2776 1594 lacu,
2851 1515 2922 1576 de

624 1633 763 1694 agro
806 1614 1125 1694 Sodomita,
1166 1614 1237 1676 de
1275 1614 1563 1696 prodigiis
1602 1623 1738 1676 ante
1778 1615 2184 1696 Hierosolyma
2222 1622 2552 1694 expugnata
2589 1613 2923 1676 obseruatis

625 1715 797 1788 (hist.
841 1715 896 1774 V
924 1715 997 1786 6,
988 1735 1001 1748 ·
1039 1714 1115 1786 7,·
1161 1714 1275 1789 13)
1321 1713 1566 1794 profert,
1614 1716 1894 1794 quoniam
1939 1733 2076 1774 cum
2122 1712 2370 1794 Iosepho
2427 1714 2518 1787 (b.
2557 1713 2694 1775 Iud.
2734 1714 2839 1774 IV
2865 1712 2924 1790 8,

624 1813 683 1874 4.
745 1812 834 1872 VI
862 1813 921 1889 5,
959 1812 1032 1886 3)
1084 1813 1424 1891 concinunt,
1462 1811 1537 1872 ad
1580 1811 1716 1873 illos
1754 1811 1952 1875 redire
1989 1812 2298 1894 uidentur3
2335 1829 2532 1892 neque
2569 1813 2731 1872 enim
2767 1830 2925 1874 nunc

625 1903 723 1994 (ut
768 1911 945 1971 etiam
994 1908 1301 1970 Lehmann
1355 1911 1565 1972 Claud.
1604 1929 1664 1972 u.
1703 1913 1868 1973 Nero
1905 1911 1949 1971 I
1971 1930 2040 1989 p.
2068 1911 2158 1972 33
2173 1905 2292 1995 sq.)
2359 1929 2428 1971 ea
2491 1909 2566 1971 ad
2618 1909 2782 1971 hunc
2834 1909 2926 1970 lu-

627 2008 839 2070 daeum
897 2007 1219 2070 rettuleris,
1231 2003 1283 2093 ¹)
1376 2010 1591 2070 tertius
1660 2009 1914 2089 denique
1981 2007 2225 2070 accedat
2267 2007 2494 2070 Plinius
2549 2010 2768 2088 maior,
2825 2011 2928 2088 qui

632 2125 782 2188 quae
840 2109 1095 2187 sparsim
1150 2108 1214 2168 in
1280 2106 1533 2168 naturali
1588 2106 1836 2169 historia
1900 2106 1972 2168 de
2027 2105 2160 2168 lacu
2221 2105 2534 2186 asphaltite
2597 2106 2840 2168 exhibet
2883 2107 2928 2166 V

628 2201 708 2267 71
734 2225 821 2285 sq.
878 2204 932 2265 11
970 2201 1119 2266 226.
1174 2205 1275 2266 Vll
1312 2201 1426 2284 65,
1492 2208 1818 2286 composita
1873 2205 2124 2286 aliisque
2183 2203 2364 2267 rebus
2419 2213 2588 2266 aucta
2651 2204 2929 2284 leguntur

624 2303 725 2366 uel
786 2303 940 2384 apud
995 2303 1310 2383 Iosephum
1369 2303 1469 2365 uel
1530 2303 1686 2384 apud
1741 2304 2012 2366 Tacitum
2069 2323 2262 2384 neque
2319 2322 2462 2366 casu
2517 2321 2652 2364 esse
2707 2303 2928 2366 factum

624 2402 891 2482 uidetur,
946 2400 1103 2482 quod
1156 2401 1256 2462 hic
1312 2404 1555 2482 scripsit
1610 2399 1626 2424 ‘
1648 2413 1858 2466 certo
1913 2408 2100 2465 anni
2153 2397 2265 2486 (sc.
2313 2394 2610 2486 tempore)
2659 2405 2928 2465 bitumen

628 2496 865 2580 efferit’,
912 2499 1141 2562 Plinius
1179 2500 1279 2561 Vll
1316 2496 1403 2562 65
1442 2497 1613 2576 ‘quin
1653 2508 1712 2562 et
1749 2503 2108 2564 bituminum
2143 2505 2310 2562 lenta
2347 2509 2577 2563 natura
2607 2535 2694 2544 —
2723 2509 2930 2562 certo

628 2607 947 2676 tempore
982 2603 1163 2660 anni
1206 2595 1658 2678 supernatans',
1699 2598 1798 2660 ille
1829 2599 1902 2661 de
1929 2598 2242 2661 bituminis
2271 2597 2634 2660 abscissione
2666 2596 2931 2660 ‘ueteres
2972 2634 2977 2638 -

629 2693 925 2759 auctores’
964 2693 1189 2776 ‘gnaris
1226 2693 1515 2758 locorum'
1556 2701 1818 2778 opponit,
1855 2698 1956 2759 hic
1991 2697 2142 2760 nihil
2178 2700 2242 2758 in
2277 2696 2410 2758 lacu
2445 2699 2640 2776 mergi
2677 2698 2928 2759 samam

630 2813 763 2858 esse
809 2794 1051 2856 adnotat
1097 2798 1134 2870 (
1142 2797 1195 2856 V
1217 2796 1347 2871 72).
1440 2795 1579 2856 talia
1637 2803 1836 2858 autem
1893 2799 2072 2858 etiam
2119 2795 2372 2857 ducibus
2416 2794 2702 2856 Romanis
2753 2814 2930 2857 curae

629 2895 813 2956 fuisse
862 2892 1233 2974 CorbuloniS,
1288 2892 1565 2974 Muciani,
1620 2894 1850 2956 Paulini
1910 2893 2196 2975 exemplis
2243 2896 2388 2956 satis
2435 2889 2928 2977 comprobatur.⁸)

810 2992 927 3054 Sed
980 2999 1228 3073 propter
1274 2993 1449 3054 talem
1506 2995 1984 3055 testimoniorum
2041 2995 2299 3073 inopiam
2356 3009 2648 3072 quaerere
2707 2994 2928 3053 omitti-

629 3110 783 3170 muS,
828 3109 971 3153 uum
1021 3091 1415 3171 Vespasianus
1462 3101 1702 3171 praeter
1747 3091 2042 3153 Iudaicam
2091 3093 2270 3152 etiam
2317 3089 2462 3152 alias
2499 3090 2930 3170 expeditiones»,

630 3197 698 3252 ut
742 3189 1166 3268 Britannicam,
1214 3192 1656 3251 commentariis
1705 3193 1834 3252 suis
1871 3188 2214 3269 complexus
2251 3191 2332 3250 sit
2369 3195 2471 3250 aut
2507 3207 2624 3268 quo
2661 3197 2928 3268 tempore

633 3307 735 3349 eos
784 3288 1071 3370 ediderit3
1129 3295 1291 3349 certe
1346 3287 1661 3368 Iosephus,
1717 3307 1854 3349 cum
1911 3287 2086 3350 breui
2137 3296 2273 3367 post
2317 3305 2368 3348 a.
2409 3283 2522 3368 757
2534 3282 2664 3348 828
2709 3286 2928 3350 bellum

632 3406 808 3448 suum
854 3389 1201 3466 imperatori
1249 3387 1495 3466 eiusque
1544 3386 1664 3447 filio
1709 3385 2000 3467 traderet,
2061 3405 2164 3447 eos
2219 3389 2336 3448 iam
2390 3389 2454 3446 in
2511 3385 2788 3448 manibus
2833 3387 2932 3447 ba·

814 3561 866 3629 1)
902 3557 1006 3612 Est
1041 3557 1135 3611 hic
1170 3557 1405 3626 pluralis
1452 3558 1762 3613 rhetoricus
1812 3575 1993 3628 neque
2041 3576 2182 3629 opus
2229 3558 2338 3614 erit.
2373 3577 2500 3614 cum
2539 3557 2931 3613 Gutschmidio

634 3643 742 3708 (op.
774 3637 851 3690 IV
885 3657 939 3708 p.
971 3641 1096 3706 411)
1145 3639 1214 3692 de
1271 3636 1572 3692 coniuncta.
1627 3655 1798 3709 opera.
1851 3639 1968 3693 Titi
2023 3639 2125 3693 filii
2173 3639 2448 3710 cogitare:
2499 3639 2642 3694 ‘weil
2685 3640 2788 3707 fiir
2832 3640 2931 3693 den

633 3723 885 3788 spii-teron
929 3719 1044 3772 Teil
1088 3719 1181 3774 des
1226 3719 1431 3788 Krieye
1474 3721 1755 3775 natt‘a'rlich
1801 3719 1890 3775 die
1933 3721 2222 3789 officiellen
2267 3721 2550 3790 Rapporte
2594 3719 2688 3775 des
2732 3719 2935 3775 Solones

635 3799 726 3854 die
766 3799 1089 3870 erndlaqe
1128 3800 1403 3854 bildeten’.

819 3883 872 3948 2)
912 3877 1037 3934 vid.
1070 3877 1125 3934 C.
1156 3879 1217 3935 Ε.
1247 3879 1413 3934 Peter
1450 3881 1615 3936 Flav.
1643 3881 1912 3951 Josephus
1947 3898 2002 3935 u.
2033 3882 2086 3934 cl.
2113 3879 2243 3948 jad.
2275 3879 2476 3950 Kn‘eq,
2523 3881 2712 3950 Progr.
2753 3878 2934 3934 Perle-

636 3961 777 4030 berg
818 3965 951 4013 1871
991 3978 1047 4029 p.
1080 3965 1109 4013 7
1132 3977 1251 4029 sqq.
2977 4023 2984 4030 .

817 4043 871 4112 3)
908 4039 1112 4094 Nissen
1138 4059 1212 4095 m.
1242 4041 1345 4095 Rh.
1376 4040 1555 4095 XXVI
1590 4060 1646 4111 p.
1678 4047 1777 4096 541
1817 4059 1930 4096 non
1969 4039 2219 4108 dubitat,
2257 4039 2394 4108 quin
2431 4055 2576 4108 quae
2614 4041 2684 4094 de
2711 4041 2931 4095 Iudaeis

638 4119 869 4174 Tacitus
917 4121 1047 4175 hist.
1076 4119 1127 4174 V
1166 4127 1197 4174 2
1224 4139 1344 4192 sqq.
1383 4121 1658 4191 proferat,
1707 4139 1775 4177 ex
1829 4121 2002 4175 Plinii
2051 4121 2124 4174 ‘A
2167 4122 2273 4176 fine
2325 4119 2530 4173 Aufidii
2576 4121 2762 4174 Bassi’
2817 4126 2933 4190 (per

639 4217 769 4335 {iffi
812 4218 881 4256 ex
927 4201 1145 4256 Licinio
1192 4201 1475 4272 Muciano)
1520 4202 1798 4258 fluxerint.
1866 4205 1926 4256 at
1961 4205 2113 4257 recte
2152 4217 2279 4254 eum
2315 4201 2606 4271 redarguit
2647 4200 2926 4256 Detlefsen

770 4325 783 4336 .
814 4287 884 4335 34
919 4301 974 4352 p.
1004 4287 1072 4336 48
1094 4299 1213 4351 sqq.
