<?xml version="1.0" encoding="UTF-8"?>
<!DOCTYPE html PUBLIC "-//W3C//DTD XHTML 1.0 Transitional//EN"
    "http://www.w3.org/TR/xhtml1/DTD/xhtml1-transitional.dtd">
<html xmlns="http://www.w3.org/1999/xhtml" xml:lang="en" lang="en">
 <head>
  <title>
</title>
<meta http-equiv="Content-Type" content="text/html;charset=utf-8" />
  <meta name='ocr-system' content='tesseract 3.04.00' />
  <meta name='ocr-capabilities' content='ocr_page ocr_carea ocr_par ocr_line ocrx_word'/>
</head>
<body>
  <div class='ocr_page' id='page_1' title='image "./historicorvmrom00petegoog_0174.png"; bbox 0 0 3234 5034; ppageno 0'>
   <div class='ocr_carea' id='block_1_1' title="bbox 1187 357 2653 429">
    <p class='ocr_par' dir='ltr' id='par_1_1' title="bbox 1187 357 2653 429">
     <span class='ocr_line' id='line_1_1' title="bbox 1187 357 2653 429; baseline 0.006 -11"><span class='ocrx_word' id='word_1_1' title='bbox 1187 360 1448 418; x_wconf 79' lang='lat' dir='ltr'>FABIVS</span> <span class='ocrx_word' id='word_1_2' title='bbox 1485 357 1833 417; x_wconf 80' lang='lat' dir='ltr'><strong>RVSTIGVS</strong></span> <span class='ocrx_word' id='word_1_3' title='bbox 2434 378 2653 429; x_wconf 70' lang='lat' dir='ltr'><strong>cnxm</strong></span> 
     </span>
    </p>
   </div>
   <div class='ocr_carea' id='block_1_2' title="bbox 343 529 2687 4252">
    <p class='ocr_par' dir='ltr' id='par_1_2' title="bbox 343 529 2687 4252">
     <span class='ocr_line' id='line_1_2' title="bbox 351 529 2649 612; baseline -0 -21"><span class='ocrx_word' id='word_1_4' title='bbox 351 529 694 591; x_wconf 80' lang='lat' dir='ltr'>recentibus</span> <span class='ocrx_word' id='word_1_5' title='bbox 743 529 896 591; x_wconf 82' lang='lat' dir='ltr'><strong>odiis</strong></span> <span class='ocrx_word' id='word_1_6' title='bbox 943 534 1268 612; x_wconf 89' lang='lat' dir='ltr'><strong>composita</strong></span> <span class='ocrx_word' id='word_1_7' title='bbox 1314 535 1409 611; x_wconf 85' lang='lat' dir='ltr'><strong>sit,</strong></span> <span class='ocrx_word' id='word_1_8' title='bbox 1449 531 1566 593; x_wconf 87' lang='lat' dir='ltr'><strong>sibi</strong></span> <span class='ocrx_word' id='word_1_9' title='bbox 1610 539 1679 593; x_wconf 87' lang='lat' dir='ltr'><strong>ut</strong></span> <span class='ocrx_word' id='word_1_10' title='bbox 1713 533 1801 592; x_wconf 89' lang='lat' dir='ltr'><strong>ira</strong></span> <span class='ocrx_word' id='word_1_11' title='bbox 1840 538 1939 592; x_wconf 89' lang='lat' dir='ltr'><strong>aut</strong></span> <span class='ocrx_word' id='word_1_12' title='bbox 1978 529 2174 591; x_wconf 89' lang='lat' dir='ltr'><strong>studio</strong></span> <span class='ocrx_word' id='word_1_13' title='bbox 2212 549 2401 591; x_wconf 90' lang='lat' dir='ltr'><strong>uacuo</strong></span> <span class='ocrx_word' id='word_1_14' title='bbox 2438 531 2649 591; x_wconf 80' lang='lat' dir='ltr'><strong>tertiae</strong></span> 
     </span>
     <span class='ocr_line' id='line_1_3' title="bbox 348 626 2651 711; baseline 0 -22"><span class='ocrx_word' id='word_1_15' title='bbox 348 628 674 691; x_wconf 79' lang='lat' dir='ltr'><strong>tradendae</strong></span> <span class='ocrx_word' id='word_1_16' title='bbox 725 631 1140 691; x_wconf 88' lang='lat' dir='ltr'><strong>necessitatem</strong></span> <span class='ocrx_word' id='word_1_17' title='bbox 1187 633 1359 710; x_wconf 83' lang='lat' dir='ltr'>quasi</span> <span class='ocrx_word' id='word_1_18' title='bbox 1404 632 1741 711; x_wconf 83' lang='lat' dir='ltr'><strong>impositam</strong></span> <span class='ocrx_word' id='word_1_19' title='bbox 1782 648 1913 691; x_wconf 89' lang='lat' dir='ltr'><strong>esse</strong></span> <span class='ocrx_word' id='word_1_20' title='bbox 1953 631 2355 690; x_wconf 80' lang='lat' dir='ltr'><strong>ratiocinetur.</strong></span> <span class='ocrx_word' id='word_1_21' title='bbox 2422 626 2651 689; x_wconf 85' lang='lat' dir='ltr'><strong>similli-</strong></span> 
     </span>
     <span class='ocr_line' id='line_1_4' title="bbox 349 727 2652 809; baseline -0.001 -21"><span class='ocrx_word' id='word_1_22' title='bbox 349 746 513 788; x_wconf 91' lang='lat' dir='ltr'><strong>mum</strong></span> <span class='ocrx_word' id='word_1_23' title='bbox 564 734 656 789; x_wconf 91' lang='lat' dir='ltr'><strong>est</strong></span> <span class='ocrx_word' id='word_1_24' title='bbox 700 731 1075 807; x_wconf 91' lang='lat' dir='ltr'><strong>prooemium</strong></span> <span class='ocrx_word' id='word_1_25' title='bbox 1120 729 1522 809; x_wconf 79' lang='lat' dir='ltr'><strong>historiarum,</strong></span> <span class='ocrx_word' id='word_1_26' title='bbox 1568 730 1687 790; x_wconf 89' lang='lat' dir='ltr'><strong>nisi</strong></span> <span class='ocrx_word' id='word_1_27' title='bbox 1725 728 1884 809; x_wconf 91' lang='lat' dir='ltr'><strong>quod</strong></span> <span class='ocrx_word' id='word_1_28' title='bbox 1929 728 2053 788; x_wconf 90' lang='lat' dir='ltr'><strong>hiat</strong></span> <span class='ocrx_word' id='word_1_29' title='bbox 2097 727 2321 788; x_wconf 90' lang='lat' dir='ltr'><strong>lacuna.</strong></span> <span class='ocrx_word' id='word_1_30' title='bbox 2371 745 2507 788; x_wconf 90' lang='lat' dir='ltr'><strong>nam</strong></span> <span class='ocrx_word' id='word_1_31' title='bbox 2554 744 2652 787; x_wconf 88' lang='lat' dir='ltr'><strong>res</strong></span> 
     </span>
     <span class='ocr_line' id='line_1_5' title="bbox 349 822 2651 910; baseline 0 -24"><span class='ocrx_word' id='word_1_32' title='bbox 349 845 542 906; x_wconf 88' lang='lat' dir='ltr'><strong>usque</strong></span> <span class='ocrx_word' id='word_1_33' title='bbox 591 825 665 887; x_wconf 89' lang='lat' dir='ltr'><strong>ad</strong></span> <span class='ocrx_word' id='word_1_34' title='bbox 712 845 761 887; x_wconf 93' lang='lat' dir='ltr'><strong>a.</strong></span> <span class='ocrx_word' id='word_1_35' title='bbox 791 822 876 887; x_wconf 87' lang='lat'><strong>68</strong></span> <span class='ocrx_word' id='word_1_36' title='bbox 883 822 1066 910; x_wconf 63' lang='lat'><strong>7821,</strong></span> <span class='ocrx_word' id='word_1_37' title='bbox 1103 836 1299 907; x_wconf 89' lang='lat' dir='ltr'><strong>gestas</strong></span> <span class='ocrx_word' id='word_1_38' title='bbox 1347 847 1378 888; x_wconf 90' lang='lat' dir='ltr'><strong>a</strong></span> <span class='ocrx_word' id='word_1_39' title='bbox 1425 827 1674 890; x_wconf 88' lang='lat' dir='ltr'><strong>multis</strong></span> <span class='ocrx_word' id='word_1_40' title='bbox 1722 827 2064 888; x_wconf 87' lang='lat' dir='ltr'><strong>auctoribus</strong></span> <span class='ocrx_word' id='word_1_41' title='bbox 2113 824 2327 888; x_wconf 89' lang='lat' dir='ltr'><strong>relatas</strong></span> <span class='ocrx_word' id='word_1_42' title='bbox 2373 843 2503 886; x_wconf 89' lang='lat' dir='ltr'><strong>esse</strong></span> <span class='ocrx_word' id='word_1_43' title='bbox 2554 843 2651 886; x_wconf 83' lang='lat' dir='ltr'><strong>ex·</strong></span> 
     </span>
     <span class='ocr_line' id='line_1_6' title="bbox 350 917 2651 1012; baseline -0.001 -26"><span class='ocrx_word' id='word_1_44' title='bbox 350 927 534 1005; x_wconf 78' lang='lat' dir='ltr'><strong>ponit,</strong></span> <span class='ocrx_word' id='word_1_45' title='bbox 581 923 876 986; x_wconf 88' lang='lat' dir='ltr'><strong>libertatis</strong></span> <span class='ocrx_word' id='word_1_46' title='bbox 924 917 1182 1008; x_wconf 88' lang='lat' dir='ltr'><strong>(primae</strong></span> <span class='ocrx_word' id='word_1_47' title='bbox 1229 921 1468 1012; x_wconf 86' lang='lat' dir='ltr'><strong>aetatis)</strong></span> <span class='ocrx_word' id='word_1_48' title='bbox 1517 928 1647 1007; x_wconf 87' lang='lat' dir='ltr'><strong>pari</strong></span> <span class='ocrx_word' id='word_1_49' title='bbox 1702 925 2039 1005; x_wconf 87' lang='lat' dir='ltr'><strong>eloquentia</strong></span> <span class='ocrx_word' id='word_1_50' title='bbox 2084 943 2153 985; x_wconf 90' lang='lat' dir='ltr'><strong>ac</strong></span> <span class='ocrx_word' id='word_1_51' title='bbox 2205 923 2496 1005; x_wconf 88' lang='lat' dir='ltr'><strong>libertate,</strong></span> <span class='ocrx_word' id='word_1_52' title='bbox 2544 926 2651 984; x_wconf 92' lang='lat' dir='ltr'><strong>im-</strong></span> 
     </span>
     <span class='ocr_line' id='line_1_7' title="bbox 351 1016 2653 1107; baseline -0 -22"><span class='ocrx_word' id='word_1_53' title='bbox 351 1031 695 1103; x_wconf 87' lang='lat' dir='ltr'><strong>peratorum</strong></span> <span class='ocrx_word' id='word_1_54' title='bbox 737 1016 802 1107; x_wconf 91' lang='lat' dir='ltr'><strong>(i.</strong></span> <span class='ocrx_word' id='word_1_55' title='bbox 835 1043 884 1086; x_wconf 87' lang='lat' dir='ltr'><strong>e.</strong></span> <span class='ocrx_word' id='word_1_56' title='bbox 915 1024 1159 1086; x_wconf 90' lang='lat' dir='ltr'><strong>alterius</strong></span> <span class='ocrx_word' id='word_1_57' title='bbox 1199 1033 1258 1086; x_wconf 89' lang='lat' dir='ltr'><strong>et</strong></span> <span class='ocrx_word' id='word_1_58' title='bbox 1295 1019 1554 1107; x_wconf 84' lang='lat' dir='ltr'><strong>tertiae),</strong></span> <span class='ocrx_word' id='word_1_59' title='bbox 1592 1042 1727 1086; x_wconf 90' lang='lat' dir='ltr'><strong>cum</strong></span> <span class='ocrx_word' id='word_1_60' title='bbox 1772 1041 1982 1103; x_wconf 89' lang='lat' dir='ltr'><strong>magna</strong></span> <span class='ocrx_word' id='word_1_61' title='bbox 2030 1025 2269 1102; x_wconf 86' lang='lat' dir='ltr'><strong>ingenia</strong></span> <span class='ocrx_word' id='word_1_62' title='bbox 2314 1025 2653 1102; x_wconf 84' lang='lat' dir='ltr'><strong>cessissent,</strong></span> 
     </span>
     <span class='ocr_line' id='line_1_8' title="bbox 350 1122 2657 1203; baseline -0.001 -19"><span class='ocrx_word' id='word_1_63' title='bbox 350 1124 608 1184; x_wconf 86' lang='lat' dir='ltr'><strong>ueritate</strong></span> <span class='ocrx_word' id='word_1_64' title='bbox 657 1123 911 1184; x_wconf 82' lang='lat' dir='ltr'><strong>infracta</strong></span> <span class='ocrx_word' id='word_1_65' title='bbox 955 1141 1094 1184; x_wconf 90' lang='lat' dir='ltr'><strong>cum</strong></span> <span class='ocrx_word' id='word_1_66' title='bbox 1139 1126 1374 1185; x_wconf 84' lang='lat' dir='ltr'><strong>inscitia</strong></span> <span class='ocrx_word' id='word_1_67' title='bbox 1422 1126 1511 1184; x_wconf 92' lang='lat' dir='ltr'><strong>rei</strong></span> <span class='ocrx_word' id='word_1_68' title='bbox 1551 1143 1606 1203; x_wconf 87' lang='lat' dir='ltr'><strong>p.</strong></span> <span class='ocrx_word' id='word_1_69' title='bbox 1644 1132 1773 1184; x_wconf 91' lang='lat' dir='ltr'><strong>tum</strong></span> <span class='ocrx_word' id='word_1_70' title='bbox 1812 1123 2211 1182; x_wconf 85' lang='lat' dir='ltr'><strong>assentatione</strong></span> <span class='ocrx_word' id='word_1_71' title='bbox 2258 1129 2359 1182; x_wconf 91' lang='lat' dir='ltr'><strong>aut</strong></span> <span class='ocrx_word' id='word_1_72' title='bbox 2404 1122 2557 1202; x_wconf 89' lang='lat' dir='ltr'><strong>odio,</strong></span> <span class='ocrx_word' id='word_1_73' title='bbox 2597 1129 2657 1182; x_wconf 89' lang='lat' dir='ltr'><strong>at</strong></span> 
     </span>
     <span class='ocr_line' id='line_1_9' title="bbox 349 1219 2656 1302; baseline 0 -21"><span class='ocrx_word' id='word_1_74' title='bbox 349 1239 432 1300; x_wconf 90' lang='lat' dir='ltr'><strong>se,</strong></span> <span class='ocrx_word' id='word_1_75' title='bbox 471 1240 614 1282; x_wconf 89' lang='lat' dir='ltr'><strong>cum</strong></span> <span class='ocrx_word' id='word_1_76' title='bbox 651 1220 852 1302; x_wconf 90' lang='lat' dir='ltr'><strong>Galba,</strong></span> <span class='ocrx_word' id='word_1_77' title='bbox 890 1219 1060 1301; x_wconf 86' lang='lat' dir='ltr'><strong>Otho,</strong></span> <span class='ocrx_word' id='word_1_78' title='bbox 1089 1221 1358 1284; x_wconf 88' lang='lat' dir='ltr'><strong>Vitellius</strong></span> <span class='ocrx_word' id='word_1_79' title='bbox 1398 1241 1508 1284; x_wconf 90' lang='lat' dir='ltr'><strong>nec</strong></span> <span class='ocrx_word' id='word_1_80' title='bbox 1544 1220 1836 1282; x_wconf 81' lang='lat' dir='ltr'><strong>beneficio</strong></span> <span class='ocrx_word' id='word_1_81' title='bbox 1873 1238 1986 1281; x_wconf 93' lang='lat' dir='ltr'><strong>nec</strong></span> <span class='ocrx_word' id='word_1_82' title='bbox 2023 1221 2243 1281; x_wconf 90' lang='lat' dir='ltr'><strong>iniuria</strong></span> <span class='ocrx_word' id='word_1_83' title='bbox 2279 1219 2394 1281; x_wconf 90' lang='lat' dir='ltr'><strong>sibi</strong></span> <span class='ocrx_word' id='word_1_84' title='bbox 2432 1223 2656 1300; x_wconf 82' lang='lat' dir='ltr'><strong>cogniti</strong></span> 
     </span>
     <span class='ocr_line' id='line_1_10' title="bbox 349 1317 2655 1399; baseline 0 -19"><span class='ocrx_word' id='word_1_85' title='bbox 349 1321 472 1380; x_wconf 85' lang='lat' dir='ltr'><strong>sint</strong></span> <span class='ocrx_word' id='word_1_86' title='bbox 511 1317 888 1399; x_wconf 84' lang='lat' dir='ltr'><strong>dignitasque</strong></span> <span class='ocrx_word' id='word_1_87' title='bbox 927 1338 1033 1382; x_wconf 90' lang='lat' dir='ltr'><strong>sua</strong></span> <span class='ocrx_word' id='word_1_88' title='bbox 1071 1339 1104 1380; x_wconf 93' lang='lat' dir='ltr'><strong>a</strong></span> <span class='ocrx_word' id='word_1_89' title='bbox 1141 1318 1362 1382; x_wconf 89' lang='lat' dir='ltr'><strong>Flauiis</strong></span> <span class='ocrx_word' id='word_1_90' title='bbox 1400 1318 1614 1398; x_wconf 84' lang='lat' dir='ltr'><strong>adiuta,</strong></span> <span class='ocrx_word' id='word_1_91' title='bbox 1652 1318 2035 1381; x_wconf 88' lang='lat' dir='ltr'><strong>ambitionem</strong></span> <span class='ocrx_word' id='word_1_92' title='bbox 2075 1326 2273 1380; x_wconf 89' lang='lat' dir='ltr'><strong>autem</strong></span> <span class='ocrx_word' id='word_1_93' title='bbox 2309 1319 2481 1380; x_wconf 88' lang='lat' dir='ltr'><strong>facile</strong></span> <span class='ocrx_word' id='word_1_94' title='bbox 2520 1322 2655 1399; x_wconf 89' lang='lat' dir='ltr'><strong>quis</strong></span> 
     </span>
     <span class='ocr_line' id='line_1_11' title="bbox 351 1417 2657 1498; baseline -0.001 -20"><span class='ocrx_word' id='word_1_95' title='bbox 351 1426 692 1497; x_wconf 86' lang='lat' dir='ltr'><strong>auersetur,</strong></span> <span class='ocrx_word' id='word_1_96' title='bbox 749 1417 1200 1480; x_wconf 86' lang='lat' dir='ltr'><strong>obtrectationis</strong></span> <span class='ocrx_word' id='word_1_97' title='bbox 1255 1417 1478 1479; x_wconf 90' lang='lat' dir='ltr'><strong>nullam</strong></span> <span class='ocrx_word' id='word_1_98' title='bbox 1541 1435 1779 1480; x_wconf 85' lang='lat' dir='ltr'><strong>causam</strong></span> <span class='ocrx_word' id='word_1_99' title='bbox 1846 1417 2094 1498; x_wconf 81' lang='lat' dir='ltr'><strong>habere3</strong></span> <span class='ocrx_word' id='word_1_100' title='bbox 2150 1420 2349 1498; x_wconf 87' lang='lat' dir='ltr'><strong>itaque</strong></span> <span class='ocrx_word' id='word_1_101' title='bbox 2404 1436 2497 1497; x_wconf 90' lang='lat' dir='ltr'><strong>se,</strong></span> <span class='ocrx_word' id='word_1_102' title='bbox 2554 1419 2657 1497; x_wconf 88' lang='lat' dir='ltr'><strong>qui</strong></span> 
     </span>
     <span class='ocr_line' id='line_1_12' title="bbox 350 1515 2656 1596; baseline -0 -20"><span class='ocrx_word' id='word_1_103' title='bbox 350 1518 760 1596; x_wconf 84' lang='lat' dir='ltr'><strong>incorruptam</strong></span> <span class='ocrx_word' id='word_1_104' title='bbox 819 1515 996 1578; x_wconf 79' lang='lat' dir='ltr'><strong>tidem</strong></span> <span class='ocrx_word' id='word_1_105' title='bbox 1060 1517 1434 1596; x_wconf 85' lang='lat' dir='ltr'><strong>profiteatur,</strong></span> <span class='ocrx_word' id='word_1_106' title='bbox 1500 1535 1694 1596; x_wconf 84' lang='lat' dir='ltr'><strong>neque</strong></span> <span class='ocrx_word' id='word_1_107' title='bbox 1755 1535 1889 1577; x_wconf 89' lang='lat' dir='ltr'><strong>cum</strong></span> <span class='ocrx_word' id='word_1_108' title='bbox 1948 1534 2148 1576; x_wconf 90' lang='lat' dir='ltr'><strong>amore</strong></span> <span class='ocrx_word' id='word_1_109' title='bbox 2194 1534 2551 1596; x_wconf 85' lang='lat' dir='ltr'><strong>quemquam</strong></span> <span class='ocrx_word' id='word_1_110' title='bbox 2598 1522 2656 1576; x_wconf 91' lang='lat' dir='ltr'><strong>et</strong></span> 
     </span>
     <span class='ocr_line' id='line_1_13' title="bbox 350 1612 2659 1696; baseline 0 -22"><span class='ocrx_word' id='word_1_111' title='bbox 350 1616 483 1676; x_wconf 83' lang='lat' dir='ltr'><strong>sine</strong></span> <span class='ocrx_word' id='word_1_112' title='bbox 547 1613 686 1676; x_wconf 90' lang='lat' dir='ltr'><strong>odio</strong></span> <span class='ocrx_word' id='word_1_113' title='bbox 753 1612 953 1675; x_wconf 87' lang='lat' dir='ltr'><strong>dicere</strong></span> <span class='ocrx_word' id='word_1_114' title='bbox 1019 1633 1212 1696; x_wconf 90' lang='lat' dir='ltr'><strong>posse,</strong></span> <span class='ocrx_word' id='word_1_115' title='bbox 1277 1617 1675 1696; x_wconf 87' lang='lat' dir='ltr'><strong>principatum</strong></span> <span class='ocrx_word' id='word_1_116' title='bbox 1741 1622 1937 1675; x_wconf 90' lang='lat' dir='ltr'><strong>autem</strong></span> <span class='ocrx_word' id='word_1_117' title='bbox 2004 1613 2238 1676; x_wconf 89' lang='lat' dir='ltr'><strong>Neruae</strong></span> <span class='ocrx_word' id='word_1_118' title='bbox 2294 1633 2361 1675; x_wconf 90' lang='lat' dir='ltr'><strong>ac</strong></span> <span class='ocrx_word' id='word_1_119' title='bbox 2416 1613 2659 1676; x_wconf 88' lang='lat' dir='ltr'><strong>Traiani</strong></span> 
     </span>
     <span class='ocr_line' id='line_1_14' title="bbox 353 1711 2658 1794; baseline 0 -20"><span class='ocrx_word' id='word_1_120' title='bbox 353 1715 652 1774; x_wconf 90' lang='lat' dir='ltr'><strong>senectuti</strong></span> <span class='ocrx_word' id='word_1_121' title='bbox 709 1715 1067 1793; x_wconf 84' lang='lat' dir='ltr'><strong>seposuisse.</strong></span> <span class='ocrx_word' id='word_1_122' title='bbox 1141 1732 1293 1794; x_wconf 90' lang='lat' dir='ltr'><strong>quae</strong></span> <span class='ocrx_word' id='word_1_123' title='bbox 1349 1715 1402 1774; x_wconf 88' lang='lat' dir='ltr'><strong>si</strong></span> <span class='ocrx_word' id='word_1_124' title='bbox 1448 1713 1929 1794; x_wconf 78' lang='lat' dir='ltr'><strong>perlustraueriS,</strong></span> <span class='ocrx_word' id='word_1_125' title='bbox 1986 1731 2225 1774; x_wconf 89' lang='lat' dir='ltr'><strong>causam</strong></span> <span class='ocrx_word' id='word_1_126' title='bbox 2274 1711 2658 1792; x_wconf 82' lang='lat' dir='ltr'><strong>desiderabiS,</strong></span> 
     </span>
     <span class='ocr_line' id='line_1_15' title="bbox 354 1808 2657 1894; baseline -0 -22"><span class='ocrx_word' id='word_1_127' title='bbox 354 1830 464 1872; x_wconf 90' lang='lat' dir='ltr'><strong>cur</strong></span> <span class='ocrx_word' id='word_1_128' title='bbox 508 1810 752 1873; x_wconf 91' lang='lat' dir='ltr'><strong>Tacitus</strong></span> <span class='ocrx_word' id='word_1_129' title='bbox 799 1831 920 1872; x_wconf 88' lang='lat' dir='ltr'><strong>non</strong></span> <span class='ocrx_word' id='word_1_130' title='bbox 966 1831 1102 1874; x_wconf 92' lang='lat' dir='ltr'><strong>cum</strong></span> <span class='ocrx_word' id='word_1_131' title='bbox 1151 1813 1413 1891; x_wconf 82' lang='lat' dir='ltr'><strong>Augusto</strong></span> <span class='ocrx_word' id='word_1_132' title='bbox 1460 1811 1565 1872; x_wconf 90' lang='lat' dir='ltr'><strong>sed</strong></span> <span class='ocrx_word' id='word_1_133' title='bbox 1620 1831 1758 1874; x_wconf 91' lang='lat' dir='ltr'><strong>cum</strong></span> <span class='ocrx_word' id='word_1_134' title='bbox 1814 1810 2083 1873; x_wconf 89' lang='lat' dir='ltr'><strong>kalendis</strong></span> <span class='ocrx_word' id='word_1_135' title='bbox 2131 1831 2180 1873; x_wconf 88' lang='lat' dir='ltr'><strong>a.</strong></span> <span class='ocrx_word' id='word_1_136' title='bbox 2210 1808 2465 1894; x_wconf 75' lang='lat' dir='ltr'><strong><em>69s822</em></strong></span> <span class='ocrx_word' id='word_1_137' title='bbox 2512 1813 2657 1872; x_wconf 88' lang='lat' dir='ltr'><strong>scri·</strong></span> 
     </span>
     <span class='ocr_line' id='line_1_16' title="bbox 353 1908 2659 1989; baseline -0 -18"><span class='ocrx_word' id='word_1_138' title='bbox 353 1908 536 1971; x_wconf 90' lang='lat' dir='ltr'><strong>bendi</strong></span> <span class='ocrx_word' id='word_1_139' title='bbox 610 1911 847 1971; x_wconf 88' lang='lat' dir='ltr'><strong>initium</strong></span> <span class='ocrx_word' id='word_1_140' title='bbox 922 1911 1150 1972; x_wconf 80' lang='lat' dir='ltr'><strong>fecerit.</strong></span> <span class='ocrx_word' id='word_1_141' title='bbox 1243 1911 1562 1971; x_wconf 88' lang='lat' dir='ltr'><strong>scitissime</strong></span> <span class='ocrx_word' id='word_1_142' title='bbox 1636 1912 1819 1989; x_wconf 87' lang='lat' dir='ltr'><strong>igitur</strong></span> <span class='ocrx_word' id='word_1_143' title='bbox 1891 1908 1957 1970; x_wconf 93' lang='grc' dir='ltr'><strong>Ο.</strong></span> <span class='ocrx_word' id='word_1_144' title='bbox 2015 1909 2201 1970; x_wconf 90' lang='lat' dir='ltr'><strong>Seeck</strong></span> <span class='ocrx_word' id='word_1_145' title='bbox 2270 1912 2371 1983; x_wconf 88' lang='lat' dir='ltr'><strong>(m.</strong></span> <span class='ocrx_word' id='word_1_146' title='bbox 2417 1911 2532 1972; x_wconf 71' lang='grc' dir='ltr'><strong>Βῆ.</strong></span> <span class='ocrx_word' id='word_1_147' title='bbox 2571 1911 2659 1970; x_wconf 81' lang='lat'><strong>56</strong></span> 
     </span>
     <span class='ocr_line' id='line_1_17' title="bbox 343 2003 2659 2093; baseline 0 -25"><span class='ocrx_word' id='word_1_148' title='bbox 343 2028 410 2086; x_wconf 77' lang='lat' dir='ltr'><strong>p.</strong></span> <span class='ocrx_word' id='word_1_149' title='bbox 439 2003 842 2092; x_wconf 58' lang='lat'><em>227-2321,</em></span> <span class='ocrx_word' id='word_1_150' title='bbox 867 2009 1159 2093; x_wconf 49' lang='lat' dir='ltr'><strong>historias·</strong></span> <span class='ocrx_word' id='word_1_151' title='bbox 1186 2006 1462 2070; x_wconf 89' lang='lat' dir='ltr'><strong>edentem</strong></span> <span class='ocrx_word' id='word_1_152' title='bbox 1501 2027 1637 2070; x_wconf 91' lang='lat' dir='ltr'><strong>eum</strong></span> <span class='ocrx_word' id='word_1_153' title='bbox 1676 2007 1835 2070; x_wconf 91' lang='lat' dir='ltr'><strong>aliud</strong></span> <span class='ocrx_word' id='word_1_154' title='bbox 1878 2027 2045 2088; x_wconf 70' lang='lat' dir='ltr'><strong>epm,</strong></span> <span class='ocrx_word' id='word_1_155' title='bbox 2087 2028 2203 2088; x_wconf 91' lang='lat' dir='ltr'><strong>quo</strong></span> <span class='ocrx_word' id='word_1_156' title='bbox 2243 2027 2339 2069; x_wconf 90' lang='lat' dir='ltr'><strong>res</strong></span> <span class='ocrx_word' id='word_1_157' title='bbox 2377 2008 2659 2070; x_wconf 84' lang='lat' dir='ltr'><strong>Iuliorum</strong></span> 
     </span>
     <span class='ocr_line' id='line_1_18' title="bbox 355 2102 2661 2188; baseline 0 -20"><span class='ocrx_word' id='word_1_158' title='bbox 355 2116 417 2168; x_wconf 90' lang='lat' dir='ltr'><strong>et</strong></span> <span class='ocrx_word' id='word_1_159' title='bbox 471 2107 856 2169; x_wconf 86' lang='lat' dir='ltr'><strong>Claudiorum</strong></span> <span class='ocrx_word' id='word_1_160' title='bbox 921 2126 1112 2188; x_wconf 87' lang='lat' dir='ltr'><strong>usque</strong></span> <span class='ocrx_word' id='word_1_161' title='bbox 1178 2107 1253 2168; x_wconf 96' lang='lat' dir='ltr'><strong>ad</strong></span> <span class='ocrx_word' id='word_1_162' title='bbox 1317 2114 1632 2168; x_wconf 87' lang='lat' dir='ltr'><strong>exeuntem</strong></span> <span class='ocrx_word' id='word_1_163' title='bbox 1688 2125 1738 2168; x_wconf 93' lang='lat' dir='ltr'><strong>a.</strong></span> <span class='ocrx_word' id='word_1_164' title='bbox 1787 2102 2038 2188; x_wconf 71' lang='lat' dir='ltr'><em>68s821</em></span> <span class='ocrx_word' id='word_1_165' title='bbox 2098 2109 2215 2168; x_wconf 90' lang='lat' dir='ltr'><strong>iam</strong></span> <span class='ocrx_word' id='word_1_166' title='bbox 2272 2109 2401 2168; x_wconf 92' lang='lat' dir='ltr'><strong>sine</strong></span> <span class='ocrx_word' id='word_1_167' title='bbox 2457 2110 2547 2168; x_wconf 87' lang='lat' dir='ltr'><strong>ira</strong></span> <span class='ocrx_word' id='word_1_168' title='bbox 2602 2117 2661 2169; x_wconf 91' lang='lat' dir='ltr'><strong>et</strong></span> 
     </span>
     <span class='ocr_line' id='line_1_19' title="bbox 357 2204 2687 2291; baseline 0 -23"><span class='ocrx_word' id='word_1_169' title='bbox 357 2205 556 2268; x_wconf 88' lang='lat' dir='ltr'><strong>studio</strong></span> <span class='ocrx_word' id='word_1_170' title='bbox 614 2208 872 2286; x_wconf 87' lang='lat' dir='ltr'><strong>scriptae</strong></span> <span class='ocrx_word' id='word_1_171' title='bbox 931 2225 1064 2268; x_wconf 90' lang='lat' dir='ltr'><strong>esse</strong></span> <span class='ocrx_word' id='word_1_172' title='bbox 1119 2204 1488 2284; x_wconf 88' lang='lat' dir='ltr'><strong>uiderentur,</strong></span> <span class='ocrx_word' id='word_1_173' title='bbox 1546 2223 1666 2267; x_wconf 91' lang='lat' dir='ltr'><strong>non</strong></span> <span class='ocrx_word' id='word_1_174' title='bbox 1713 2204 1903 2266; x_wconf 90' lang='lat' dir='ltr'><strong>solum</strong></span> <span class='ocrx_word' id='word_1_175' title='bbox 1951 2207 2015 2266; x_wconf 91' lang='lat' dir='ltr'><strong>in</strong></span> <span class='ocrx_word' id='word_1_176' title='bbox 2060 2205 2335 2268; x_wconf 90' lang='lat' dir='ltr'><strong>manibus</strong></span> <span class='ocrx_word' id='word_1_177' title='bbox 2379 2205 2687 2291; x_wconf 73' lang='lat' dir='ltr'><strong>habuisse,</strong></span> 
     </span>
     <span class='ocr_line' id='line_1_20' title="bbox 357 2299 2659 2389; baseline 0 -24"><span class='ocrx_word' id='word_1_178' title='bbox 357 2304 464 2366; x_wconf 89' lang='lat' dir='ltr'><strong>sed</strong></span> <span class='ocrx_word' id='word_1_179' title='bbox 528 2307 709 2366; x_wconf 90' lang='lat' dir='ltr'><strong>etiam</strong></span> <span class='ocrx_word' id='word_1_180' title='bbox 768 2306 1145 2366; x_wconf 89' lang='lat' dir='ltr'><strong>continuasse</strong></span> <span class='ocrx_word' id='word_1_181' title='bbox 1159 2299 1212 2389; x_wconf 84' lang='lat'><strong>¹)</strong></span> <span class='ocrx_word' id='word_1_182' title='bbox 1271 2305 1549 2383; x_wconf 90' lang='lat' dir='ltr'><strong>coniecit,</strong></span> <span class='ocrx_word' id='word_1_183' title='bbox 1616 2312 1745 2365; x_wconf 91' lang='lat' dir='ltr'><strong>tum</strong></span> <span class='ocrx_word' id='word_1_184' title='bbox 1800 2322 1974 2382; x_wconf 85' lang='lat' dir='ltr'><strong>uero,</strong></span> <span class='ocrx_word' id='word_1_185' title='bbox 2030 2323 2164 2365; x_wconf 90' lang='lat' dir='ltr'><strong>cum</strong></span> <span class='ocrx_word' id='word_1_186' title='bbox 2221 2304 2462 2366; x_wconf 90' lang='lat' dir='ltr'><strong>annales</strong></span> <span class='ocrx_word' id='word_1_187' title='bbox 2523 2323 2659 2366; x_wconf 89' lang='lat' dir='ltr'><strong>cum</strong></span> 
     </span>
     <span class='ocr_line' id='line_1_21' title="bbox 358 2403 2662 2484; baseline 0 -20"><span class='ocrx_word' id='word_1_188' title='bbox 358 2403 628 2464; x_wconf 87' lang='lat' dir='ltr'><strong>historiis</strong></span> <span class='ocrx_word' id='word_1_189' title='bbox 681 2421 802 2464; x_wconf 90' lang='lat' dir='ltr'><strong>uno</strong></span> <span class='ocrx_word' id='word_1_190' title='bbox 859 2421 1038 2483; x_wconf 89' lang='lat' dir='ltr'><strong>opere</strong></span> <span class='ocrx_word' id='word_1_191' title='bbox 1096 2405 1512 2482; x_wconf 88' lang='lat' dir='ltr'><strong>coniungeret,</strong></span> <span class='ocrx_word' id='word_1_192' title='bbox 1569 2421 1644 2462; x_wconf 91' lang='lat' dir='ltr'><strong>ne</strong></span> <span class='ocrx_word' id='word_1_193' title='bbox 1701 2404 1829 2481; x_wconf 87' lang='lat' dir='ltr'><strong>ipse</strong></span> <span class='ocrx_word' id='word_1_194' title='bbox 1895 2421 2097 2464; x_wconf 89' lang='lat' dir='ltr'><strong>secum</strong></span> <span class='ocrx_word' id='word_1_195' title='bbox 2158 2411 2475 2484; x_wconf 82' lang='lat' dir='ltr'><strong>pugnaret,</strong></span> <span class='ocrx_word' id='word_1_196' title='bbox 2532 2406 2662 2465; x_wconf 91' lang='lat' dir='ltr'><strong>eius</strong></span> 
     </span>
     <span class='ocr_line' id='line_1_22' title="bbox 361 2501 2662 2581; baseline -0 -18"><span class='ocrx_word' id='word_1_197' title='bbox 361 2504 726 2563; x_wconf 88' lang='lat' dir='ltr'><strong>mentionem</strong></span> <span class='ocrx_word' id='word_1_198' title='bbox 794 2501 1111 2581; x_wconf 87' lang='lat' dir='ltr'><strong>expulisse.</strong></span> <span class='ocrx_word' id='word_1_199' title='bbox 1205 2518 1520 2563; x_wconf 90' lang='lat' dir='ltr'><strong>numerum</strong></span> <span class='ocrx_word' id='word_1_200' title='bbox 1585 2507 1784 2562; x_wconf 89' lang='lat' dir='ltr'><strong>autem</strong></span> <span class='ocrx_word' id='word_1_201' title='bbox 1858 2519 2065 2561; x_wconf 90' lang='lat' dir='ltr'><strong>eorum</strong></span> <span class='ocrx_word' id='word_1_202' title='bbox 2136 2503 2522 2581; x_wconf 86' lang='lat' dir='ltr'><strong>scriptorum,</strong></span> <span class='ocrx_word' id='word_1_203' title='bbox 2589 2501 2662 2563; x_wconf 92' lang='lat' dir='ltr'><strong>de</strong></span> 
     </span>
     <span class='ocr_line' id='line_1_23' title="bbox 361 2598 2663 2680; baseline 0 -20"><span class='ocrx_word' id='word_1_204' title='bbox 361 2599 580 2680; x_wconf 87' lang='lat' dir='ltr'><strong>quibus</strong></span> <span class='ocrx_word' id='word_1_205' title='bbox 627 2601 876 2680; x_wconf 87' lang='lat' dir='ltr'><strong>cogitari</strong></span> <span class='ocrx_word' id='word_1_206' title='bbox 924 2607 1140 2680; x_wconf 87' lang='lat' dir='ltr'><strong>posset,</strong></span> <span class='ocrx_word' id='word_1_207' title='bbox 1189 2603 1275 2660; x_wconf 89' lang='lat' dir='ltr'><strong>eis</strong></span> <span class='ocrx_word' id='word_1_208' title='bbox 1314 2598 1657 2661; x_wconf 89' lang='lat' dir='ltr'><strong>nominibus</strong></span> <span class='ocrx_word' id='word_1_209' title='bbox 1695 2601 2007 2677; x_wconf 87' lang='lat' dir='ltr'><strong>contineri,</strong></span> <span class='ocrx_word' id='word_1_210' title='bbox 2055 2617 2204 2678; x_wconf 87' lang='lat' dir='ltr'><strong>quae</strong></span> <span class='ocrx_word' id='word_1_211' title='bbox 2244 2602 2305 2661; x_wconf 93' lang='lat' dir='ltr'><strong>in</strong></span> <span class='ocrx_word' id='word_1_212' title='bbox 2354 2599 2663 2662; x_wconf 83' lang='lat' dir='ltr'><strong>annalibus</strong></span> 
     </span>
     <span class='ocr_line' id='line_1_24' title="bbox 362 2694 2662 2778; baseline 0 -20"><span class='ocrx_word' id='word_1_213' title='bbox 362 2697 494 2760; x_wconf 87' lang='lat' dir='ltr'><strong>Xlll</strong></span> <span class='ocrx_word' id='word_1_214' title='bbox 540 2694 630 2759; x_wconf 81' lang='lat'><strong>20</strong></span> <span class='ocrx_word' id='word_1_215' title='bbox 675 2705 743 2760; x_wconf 95' lang='lat' dir='ltr'><strong>ut</strong></span> <span class='ocrx_word' id='word_1_216' title='bbox 788 2698 1390 2778; x_wconf 86' lang='lat' dir='ltr'><strong>locupletissimorum</strong></span> <span class='ocrx_word' id='word_1_217' title='bbox 1444 2704 1753 2759; x_wconf 88' lang='lat' dir='ltr'><strong>auctorum</strong></span> <span class='ocrx_word' id='word_1_218' title='bbox 1803 2696 2165 2777; x_wconf 88' lang='lat' dir='ltr'><strong>protulisset,</strong></span> <span class='ocrx_word' id='word_1_219' title='bbox 2211 2698 2378 2758; x_wconf 86' lang='lat' dir='ltr'><strong>Fabii</strong></span> <span class='ocrx_word' id='word_1_220' title='bbox 2416 2699 2662 2778; x_wconf 86' lang='lat' dir='ltr'><strong>Rustici,</strong></span> 
     </span>
     <span class='ocr_line' id='line_1_25' title="bbox 361 2795 2663 2878; baseline 0 -21"><span class='ocrx_word' id='word_1_221' title='bbox 361 2797 558 2876; x_wconf 84' lang='lat' dir='ltr'><strong>Plinii,</strong></span> <span class='ocrx_word' id='word_1_222' title='bbox 607 2795 821 2859; x_wconf 90' lang='lat' dir='ltr'><strong>Cluuii.</strong></span> <span class='ocrx_word' id='word_1_223' title='bbox 893 2799 1058 2877; x_wconf 88' lang='lat' dir='ltr'><strong>atqui</strong></span> <span class='ocrx_word' id='word_1_224' title='bbox 1093 2795 1354 2858; x_wconf 89' lang='lat' dir='ltr'><strong>Plinium</strong></span> <span class='ocrx_word' id='word_1_225' title='bbox 1399 2795 1555 2857; x_wconf 91' lang='lat' dir='ltr'><strong>ultra</strong></span> <span class='ocrx_word' id='word_1_226' title='bbox 1602 2795 1733 2857; x_wconf 90' lang='lat' dir='ltr'><strong>illas</strong></span> <span class='ocrx_word' id='word_1_227' title='bbox 1782 2795 2061 2857; x_wconf 87' lang='lat' dir='ltr'><strong>kalendas</strong></span> <span class='ocrx_word' id='word_1_228' title='bbox 2106 2798 2171 2857; x_wconf 91' lang='lat' dir='ltr'><strong>in</strong></span> <span class='ocrx_word' id='word_1_229' title='bbox 2216 2797 2484 2858; x_wconf 89' lang='lat' dir='ltr'><strong>historiis</strong></span> <span class='ocrx_word' id='word_1_230' title='bbox 2528 2816 2663 2878; x_wconf 91' lang='lat' dir='ltr'><strong>pro·</strong></span> 
     </span>
     <span class='ocr_line' id='line_1_26' title="bbox 362 2893 2663 2974; baseline 0 -18"><span class='ocrx_word' id='word_1_231' title='bbox 362 2913 636 2974; x_wconf 79' lang='lat' dir='ltr'><strong>gressum</strong></span> <span class='ocrx_word' id='word_1_232' title='bbox 683 2913 818 2956; x_wconf 90' lang='lat' dir='ltr'><strong>esse</strong></span> <span class='ocrx_word' id='word_1_233' title='bbox 861 2903 1150 2973; x_wconf 87' lang='lat' dir='ltr'><strong>constare,</strong></span> <span class='ocrx_word' id='word_1_234' title='bbox 1189 2894 1386 2955; x_wconf 87' lang='lat' dir='ltr'><strong>uideri</strong></span> <span class='ocrx_word' id='word_1_235' title='bbox 1421 2896 1599 2956; x_wconf 90' lang='lat' dir='ltr'><strong>etiam</strong></span> <span class='ocrx_word' id='word_1_236' title='bbox 1637 2893 1913 2955; x_wconf 90' lang='lat' dir='ltr'><strong>Cluuium</strong></span> <span class='ocrx_word' id='word_1_237' title='bbox 1954 2897 2039 2968; x_wconf 83' lang='lat' dir='ltr'><strong>(u.</strong></span> <span class='ocrx_word' id='word_1_238' title='bbox 2065 2912 2133 2972; x_wconf 80' lang='lat' dir='ltr'><strong>p.</strong></span> <span class='ocrx_word' id='word_1_239' title='bbox 2168 2915 2277 2955; x_wconf 70' lang='lat' dir='ltr'><strong>cmx</strong></span> <span class='ocrx_word' id='word_1_240' title='bbox 2289 2899 2389 2974; x_wconf 74' lang='lat' dir='ltr'><strong>m),</strong></span> <span class='ocrx_word' id='word_1_241' title='bbox 2438 2905 2663 2956; x_wconf 90' lang='lat' dir='ltr'><strong>restare</strong></span> 
     </span>
     <span class='ocr_line' id='line_1_27' title="bbox 361 2991 2665 3073; baseline 0.002 -21"><span class='ocrx_word' id='word_1_242' title='bbox 361 2994 550 3073; x_wconf 87' lang='lat' dir='ltr'><strong>igitur</strong></span> <span class='ocrx_word' id='word_1_243' title='bbox 583 2992 832 3054; x_wconf 88' lang='lat' dir='ltr'><strong>Fabium</strong></span> <span class='ocrx_word' id='word_1_244' title='bbox 868 2993 1195 3054; x_wconf 86' lang='lat' dir='ltr'><strong>Rusticum.</strong></span> <span class='ocrx_word' id='word_1_245' title='bbox 1262 2991 1366 3054; x_wconf 90' lang='lat' dir='ltr'><strong>sed</strong></span> <span class='ocrx_word' id='word_1_246' title='bbox 1407 2995 1586 3054; x_wconf 88' lang='lat' dir='ltr'><strong>etiam</strong></span> <span class='ocrx_word' id='word_1_247' title='bbox 1624 3001 1783 3053; x_wconf 87' lang='lat' dir='ltr'><strong>certa</strong></span> <span class='ocrx_word' id='word_1_248' title='bbox 1822 3001 2167 3071; x_wconf 84' lang='lat' dir='ltr'><strong>argumenta</strong></span> <span class='ocrx_word' id='word_1_249' title='bbox 2204 2992 2409 3072; x_wconf 91' lang='lat' dir='ltr'><strong>habeo,</strong></span> <span class='ocrx_word' id='word_1_250' title='bbox 2448 2993 2665 3073; x_wconf 91' lang='lat' dir='ltr'><strong>quibus</strong></span> 
     </span>
     <span class='ocr_line' id='line_1_28' title="bbox 362 3089 2665 3171; baseline 0 -19"><span class='ocrx_word' id='word_1_251' title='bbox 362 3091 460 3153; x_wconf 91' lang='lat' dir='ltr'><strong>hic</strong></span> <span class='ocrx_word' id='word_1_252' title='bbox 507 3093 636 3171; x_wconf 86' lang='lat' dir='ltr'><strong>ipse</strong></span> <span class='ocrx_word' id='word_1_253' title='bbox 685 3089 1154 3154; x_wconf 87' lang='lat' dir='ltr'><strong>commendetur.</strong></span> <span class='ocrx_word' id='word_1_254' title='bbox 1227 3109 1365 3152; x_wconf 88' lang='lat' dir='ltr'><strong>nam</strong></span> <span class='ocrx_word' id='word_1_255' title='bbox 1413 3109 1678 3170; x_wconf 87' lang='lat' dir='ltr'><strong>causam,</strong></span> <span class='ocrx_word' id='word_1_256' title='bbox 1726 3109 1862 3152; x_wconf 88' lang='lat' dir='ltr'><strong>cum</strong></span> <span class='ocrx_word' id='word_1_257' title='bbox 1910 3090 2150 3152; x_wconf 87' lang='lat' dir='ltr'><strong>Tacitus</strong></span> <span class='ocrx_word' id='word_1_258' title='bbox 2206 3091 2449 3153; x_wconf 87' lang='lat' dir='ltr'><strong>annales</strong></span> <span class='ocrx_word' id='word_1_259' title='bbox 2502 3094 2665 3153; x_wconf 88' lang='lat' dir='ltr'><strong>inco·</strong></span> 
     </span>
     <span class='ocr_line' id='line_1_29' title="bbox 365 3187 2669 3269; baseline 0.001 -19"><span class='ocrx_word' id='word_1_260' title='bbox 365 3189 557 3268; x_wconf 88' lang='lat' dir='ltr'><strong>haret,</strong></span> <span class='ocrx_word' id='word_1_261' title='bbox 617 3189 908 3251; x_wconf 82' lang='lat' dir='ltr'><strong>defecisse</strong></span> <span class='ocrx_word' id='word_1_262' title='bbox 963 3207 1211 3250; x_wconf 91' lang='lat' dir='ltr'><strong>necesse</strong></span> <span class='ocrx_word' id='word_1_263' title='bbox 1265 3199 1373 3267; x_wconf 88' lang='lat' dir='ltr'><strong>est,</strong></span> <span class='ocrx_word' id='word_1_264' title='bbox 1428 3207 1542 3268; x_wconf 86' lang='lat' dir='ltr'><strong>qua</strong></span> <span class='ocrx_word' id='word_1_265' title='bbox 1601 3187 1913 3252; x_wconf 90' lang='lat' dir='ltr'><strong>duodecim</strong></span> <span class='ocrx_word' id='word_1_266' title='bbox 1970 3189 2095 3250; x_wconf 75' lang='lat' dir='ltr'><strong>fere</strong></span> <span class='ocrx_word' id='word_1_267' title='bbox 2150 3191 2323 3250; x_wconf 89' lang='lat' dir='ltr'><strong>annis</strong></span> <span class='ocrx_word' id='word_1_268' title='bbox 2382 3197 2544 3269; x_wconf 87' lang='lat' dir='ltr'><strong>ante,</strong></span> <span class='ocrx_word' id='word_1_269' title='bbox 2598 3198 2669 3252; x_wconf 91' lang='lat' dir='ltr'><strong>ut</strong></span> 
     </span>
     <span class='ocr_line' id='line_1_30' title="bbox 363 3286 2665 3367; baseline 0 -19"><span class='ocrx_word' id='word_1_270' title='bbox 363 3287 507 3349; x_wconf 89' lang='lat' dir='ltr'><strong>illud</strong></span> <span class='ocrx_word' id='word_1_271' title='bbox 555 3305 708 3366; x_wconf 88' lang='lat' dir='ltr'><strong>opus</strong></span> <span class='ocrx_word' id='word_1_272' title='bbox 753 3289 1145 3366; x_wconf 77' lang='lat' dir='ltr'><strong>continuaret,</strong></span> <span class='ocrx_word' id='word_1_273' title='bbox 1191 3287 1484 3367; x_wconf 88' lang='lat' dir='ltr'><strong>impulsus</strong></span> <span class='ocrx_word' id='word_1_274' title='bbox 1531 3295 1707 3366; x_wconf 90' lang='lat' dir='ltr'><strong>esset,</strong></span> <span class='ocrx_word' id='word_1_275' title='bbox 1754 3305 1904 3366; x_wconf 89' lang='lat' dir='ltr'><strong>quae</strong></span> <span class='ocrx_word' id='word_1_276' title='bbox 1952 3286 2025 3348; x_wconf 90' lang='lat' dir='ltr'><strong>de</strong></span> <span class='ocrx_word' id='word_1_277' title='bbox 2072 3287 2281 3349; x_wconf 92' lang='lat' dir='ltr'><strong>Cluuio</strong></span> <span class='ocrx_word' id='word_1_278' title='bbox 2328 3297 2431 3349; x_wconf 90' lang='lat' dir='ltr'><strong>aut</strong></span> <span class='ocrx_word' id='word_1_279' title='bbox 2474 3288 2665 3349; x_wconf 87' lang='lat' dir='ltr'><strong>Plinio</strong></span> 
     </span>
     <span class='ocr_line' id='line_1_31' title="bbox 366 3381 2665 3466; baseline 0 -19"><span class='ocrx_word' id='word_1_280' title='bbox 366 3385 526 3447; x_wconf 88' lang='lat' dir='ltr'><strong>nulla</strong></span> <span class='ocrx_word' id='word_1_281' title='bbox 571 3387 836 3446; x_wconf 89' lang='lat' dir='ltr'><strong>inueniri</strong></span> <span class='ocrx_word' id='word_1_282' title='bbox 881 3388 1090 3465; x_wconf 89' lang='lat' dir='ltr'><strong>potuit,</strong></span> <span class='ocrx_word' id='word_1_283' title='bbox 1137 3393 1334 3466; x_wconf 90' lang='lat' dir='ltr'><strong>potest</strong></span> <span class='ocrx_word' id='word_1_284' title='bbox 1381 3385 1450 3447; x_wconf 91' lang='lat' dir='ltr'><strong>de</strong></span> <span class='ocrx_word' id='word_1_285' title='bbox 1499 3384 1701 3466; x_wconf 89' lang='lat' dir='ltr'><strong>Fabio,</strong></span> <span class='ocrx_word' id='word_1_286' title='bbox 1748 3387 1853 3464; x_wconf 90' lang='lat' dir='ltr'><strong>qui</strong></span> <span class='ocrx_word' id='word_1_287' title='bbox 1898 3403 1946 3446; x_wconf 93' lang='lat' dir='ltr'><strong>a.</strong></span> <span class='ocrx_word' id='word_1_288' title='bbox 1992 3381 2118 3447; x_wconf 83' lang='lat'><strong>108</strong></span> <span class='ocrx_word' id='word_1_289' title='bbox 2164 3385 2262 3447; x_wconf 88' lang='lat' dir='ltr'><strong>uel</strong></span> <span class='ocrx_word' id='word_1_290' title='bbox 2313 3382 2439 3446; x_wconf 89' lang='lat'><strong>109</strong></span> <span class='ocrx_word' id='word_1_291' title='bbox 2488 3390 2665 3449; x_wconf 87' lang='lat' dir='ltr'><strong>etiam</strong></span> 
     </span>
     <span class='ocr_line' id='line_1_32' title="bbox 364 3482 2665 3564; baseline 0 -19"><span class='ocrx_word' id='word_1_292' title='bbox 364 3483 611 3545; x_wconf 89' lang='lat' dir='ltr'><strong>uiuebat</strong></span> <span class='ocrx_word' id='word_1_293' title='bbox 655 3492 716 3545; x_wconf 91' lang='lat' dir='ltr'><strong>et</strong></span> <span class='ocrx_word' id='word_1_294' title='bbox 758 3501 916 3546; x_wconf 89' lang='lat' dir='ltr'><strong>unus</strong></span> <span class='ocrx_word' id='word_1_295' title='bbox 955 3502 1026 3545; x_wconf 83' lang='lat' dir='ltr'><strong>ex</strong></span> <span class='ocrx_word' id='word_1_296' title='bbox 1065 3482 1242 3544; x_wconf 88' lang='lat' dir='ltr'><strong>Plinii</strong></span> <span class='ocrx_word' id='word_1_297' title='bbox 1279 3485 1504 3563; x_wconf 77' lang='lat' dir='ltr'><strong>amiciS,</strong></span> <span class='ocrx_word' id='word_1_298' title='bbox 1541 3493 1668 3544; x_wconf 88' lang='lat' dir='ltr'><strong>tum</strong></span> <span class='ocrx_word' id='word_1_299' title='bbox 1707 3491 1905 3545; x_wconf 88' lang='lat' dir='ltr'><strong>autem</strong></span> <span class='ocrx_word' id='word_1_300' title='bbox 1942 3483 2259 3546; x_wconf 89' lang='lat' dir='ltr'><strong>admodum</strong></span> <span class='ocrx_word' id='word_1_301' title='bbox 2302 3503 2483 3546; x_wconf 85' lang='lat' dir='ltr'><strong>senex</strong></span> <span class='ocrx_word' id='word_1_302' title='bbox 2522 3493 2665 3564; x_wconf 86' lang='lat' dir='ltr'><strong>erat,</strong></span> 
     </span>
     <span class='ocr_line' id='line_1_33' title="bbox 369 3581 2666 3662; baseline -0 -18"><span class='ocrx_word' id='word_1_303' title='bbox 369 3591 433 3644; x_wconf 91' lang='lat' dir='ltr'><strong>ut</strong></span> <span class='ocrx_word' id='word_1_304' title='bbox 496 3581 598 3644; x_wconf 90' lang='lat' dir='ltr'><strong>diu</strong></span> <span class='ocrx_word' id='word_1_305' title='bbox 663 3601 802 3644; x_wconf 89' lang='lat' dir='ltr'><strong>eum</strong></span> <span class='ocrx_word' id='word_1_306' title='bbox 865 3585 1052 3644; x_wconf 89' lang='lat' dir='ltr'><strong>uitam</strong></span> <span class='ocrx_word' id='word_1_307' title='bbox 1118 3600 1472 3662; x_wconf 85' lang='lat' dir='ltr'><strong>propagasse</strong></span> <span class='ocrx_word' id='word_1_308' title='bbox 1535 3600 1749 3662; x_wconf 83' lang='lat' dir='ltr'><strong>pamm</strong></span> <span class='ocrx_word' id='word_1_309' title='bbox 1814 3584 1894 3643; x_wconf 92' lang='lat' dir='ltr'><strong>sit</strong></span> <span class='ocrx_word' id='word_1_310' title='bbox 1946 3584 2079 3643; x_wconf 89' lang='lat' dir='ltr'><strong>ueri</strong></span> <span class='ocrx_word' id='word_1_311' title='bbox 2133 3582 2354 3662; x_wconf 90' lang='lat' dir='ltr'><strong>simile,</strong></span> <span class='ocrx_word' id='word_1_312' title='bbox 2412 3583 2485 3643; x_wconf 89' lang='lat' dir='ltr'><strong>ad</strong></span> <span class='ocrx_word' id='word_1_313' title='bbox 2536 3586 2666 3645; x_wconf 90' lang='lat' dir='ltr'><strong>eius</strong></span> 
     </span>
     <span class='ocr_line' id='line_1_34' title="bbox 370 3679 2666 3761; baseline 0 -19"><span class='ocrx_word' id='word_1_314' title='bbox 370 3689 564 3742; x_wconf 84' lang='lat' dir='ltr'><strong>autem</strong></span> <span class='ocrx_word' id='word_1_315' title='bbox 621 3683 842 3742; x_wconf 89' lang='lat' dir='ltr'><strong>mortui</strong></span> <span class='ocrx_word' id='word_1_316' title='bbox 899 3681 1210 3742; x_wconf 89' lang='lat' dir='ltr'><strong>historiam</strong></span> <span class='ocrx_word' id='word_1_317' title='bbox 1257 3679 1498 3742; x_wconf 88' lang='lat' dir='ltr'><strong>Tacitus</strong></span> <span class='ocrx_word' id='word_1_318' title='bbox 1551 3679 2069 3760; x_wconf 87' lang='lat' dir='ltr'><strong>redintegrandam</strong></span> <span class='ocrx_word' id='word_1_319' title='bbox 2117 3680 2402 3741; x_wconf 91' lang='lat' dir='ltr'><strong>incolumi</strong></span> <span class='ocrx_word' id='word_1_320' title='bbox 2447 3683 2666 3761; x_wconf 89' lang='lat' dir='ltr'><strong>pietate</strong></span> 
     </span>
     <span class='ocr_line' id='line_1_35' title="bbox 370 3778 2668 3858; baseline 0 -18"><span class='ocrx_word' id='word_1_321' title='bbox 370 3787 436 3840; x_wconf 89' lang='lat' dir='ltr'><strong>ut</strong></span> <span class='ocrx_word' id='word_1_322' title='bbox 479 3778 790 3840; x_wconf 88' lang='lat' dir='ltr'><strong>accederet</strong></span> <span class='ocrx_word' id='word_1_323' title='bbox 845 3778 1015 3840; x_wconf 83' lang='lat' dir='ltr'><strong>facile</strong></span> <span class='ocrx_word' id='word_1_324' title='bbox 1061 3797 1094 3839; x_wconf 90' lang='lat' dir='ltr'><strong>a</strong></span> <span class='ocrx_word' id='word_1_325' title='bbox 1143 3796 1208 3839; x_wconf 89' lang='lat' dir='ltr'><strong>se</strong></span> <span class='ocrx_word' id='word_1_326' title='bbox 1265 3780 1586 3858; x_wconf 85' lang='lat' dir='ltr'><strong>impetrare</strong></span> <span class='ocrx_word' id='word_1_327' title='bbox 1642 3781 1920 3858; x_wconf 88' lang='lat' dir='ltr'><strong>potuerit,</strong></span> <span class='ocrx_word' id='word_1_328' title='bbox 1976 3781 2326 3858; x_wconf 87' lang='lat' dir='ltr'><strong>praesertim</strong></span> <span class='ocrx_word' id='word_1_329' title='bbox 2384 3797 2521 3840; x_wconf 91' lang='lat' dir='ltr'><strong>cum</strong></span> <span class='ocrx_word' id='word_1_330' title='bbox 2568 3779 2668 3840; x_wconf 92' lang='lat' dir='ltr'><strong>ille</strong></span> 
     </span>
     <span class='ocr_line' id='line_1_36' title="bbox 371 3874 2669 3957; baseline 0 -18"><span class='ocrx_word' id='word_1_331' title='bbox 371 3879 621 3939; x_wconf 90' lang='lat' dir='ltr'><strong>crimine</strong></span> <span class='ocrx_word' id='word_1_332' title='bbox 683 3875 834 3957; x_wconf 91' lang='lat' dir='ltr'><strong>odii,</strong></span> <span class='ocrx_word' id='word_1_333' title='bbox 895 3884 1058 3938; x_wconf 89' lang='lat' dir='ltr'><strong>certe</strong></span> <span class='ocrx_word' id='word_1_334' title='bbox 1124 3874 1196 3938; x_wconf 91' lang='lat' dir='ltr'><strong>de</strong></span> <span class='ocrx_word' id='word_1_335' title='bbox 1254 3875 1518 3956; x_wconf 88' lang='lat' dir='ltr'><strong>Nerone,</strong></span> <span class='ocrx_word' id='word_1_336' title='bbox 1583 3895 1703 3938; x_wconf 90' lang='lat' dir='ltr'><strong>non</strong></span> <span class='ocrx_word' id='word_1_337' title='bbox 1768 3885 2000 3938; x_wconf 88' lang='lat' dir='ltr'><strong>careret</strong></span> <span class='ocrx_word' id='word_1_338' title='bbox 2055 3880 2141 3951; x_wconf 83' lang='lat' dir='ltr'><strong>(u.</strong></span> <span class='ocrx_word' id='word_1_339' title='bbox 2173 3877 2258 3954; x_wconf 84' lang='lat' dir='ltr'><strong>fr.</strong></span> <span class='ocrx_word' id='word_1_340' title='bbox 2289 3878 2379 3953; x_wconf 85' lang='lat'><strong>2).</strong></span> <span class='ocrx_word' id='word_1_341' title='bbox 2462 3886 2669 3939; x_wconf 86' lang='lat' dir='ltr'><strong>contra</strong></span> 
     </span>
     <span class='ocr_line' id='line_1_37' title="bbox 373 3973 2667 4038; baseline 0 -2"><span class='ocrx_word' id='word_1_342' title='bbox 373 3975 504 4038; x_wconf 88' lang='lat' dir='ltr'><strong>talis</strong></span> <span class='ocrx_word' id='word_1_343' title='bbox 560 3994 738 4037; x_wconf 89' lang='lat' dir='ltr'><strong>causa</strong></span> <span class='ocrx_word' id='word_1_344' title='bbox 803 3974 1014 4036; x_wconf 90' lang='lat' dir='ltr'><strong>Cluuio</strong></span> <span class='ocrx_word' id='word_1_345' title='bbox 1081 3973 1264 4037; x_wconf 90' lang='lat' dir='ltr'><strong>deest.</strong></span> <span class='ocrx_word' id='word_1_346' title='bbox 1337 3994 1474 4036; x_wconf 89' lang='lat' dir='ltr'><strong>nam</strong></span> <span class='ocrx_word' id='word_1_347' title='bbox 1537 3983 1605 4036; x_wconf 89' lang='lat' dir='ltr'><strong>ut</strong></span> <span class='ocrx_word' id='word_1_348' title='bbox 1671 3978 1799 4036; x_wconf 89' lang='lat' dir='ltr'><strong>eius</strong></span> <span class='ocrx_word' id='word_1_349' title='bbox 1856 3975 2135 4036; x_wconf 89' lang='lat' dir='ltr'><strong>historias</strong></span> <span class='ocrx_word' id='word_1_350' title='bbox 2201 3978 2355 4036; x_wconf 89' lang='lat' dir='ltr'><strong>intra</strong></span> <span class='ocrx_word' id='word_1_351' title='bbox 2411 3975 2667 4037; x_wconf 91' lang='lat' dir='ltr'><strong>Neronis</strong></span> 
     </span>
     <span class='ocr_line' id='line_1_38' title="bbox 373 4072 2667 4155; baseline -0.001 -19"><span class='ocrx_word' id='word_1_352' title='bbox 373 4075 686 4155; x_wconf 85' lang='lat' dir='ltr'><strong>imperium</strong></span> <span class='ocrx_word' id='word_1_353' title='bbox 735 4073 1074 4135; x_wconf 87' lang='lat' dir='ltr'><strong>substitisse</strong></span> <span class='ocrx_word' id='word_1_354' title='bbox 1121 4092 1280 4135; x_wconf 89' lang='lat' dir='ltr'><strong>nunc</strong></span> <span class='ocrx_word' id='word_1_355' title='bbox 1327 4092 1635 4153; x_wconf 88' lang='lat' dir='ltr'><strong>ponamus,</strong></span> <span class='ocrx_word' id='word_1_356' title='bbox 1684 4072 1956 4134; x_wconf 82' lang='lat' dir='ltr'><strong>facundia</strong></span> <span class='ocrx_word' id='word_1_357' title='bbox 2004 4077 2133 4134; x_wconf 89' lang='lat' dir='ltr'><strong>eius</strong></span> <span class='ocrx_word' id='word_1_358' title='bbox 2178 4092 2297 4134; x_wconf 90' lang='lat' dir='ltr'><strong>non</strong></span> <span class='ocrx_word' id='word_1_359' title='bbox 2343 4073 2499 4136; x_wconf 89' lang='lat' dir='ltr'><strong>clara</strong></span> <span class='ocrx_word' id='word_1_360' title='bbox 2538 4075 2667 4154; x_wconf 79' lang='lat' dir='ltr'><strong>suit,</strong></span> 
     </span>
     <span class='ocr_line' id='line_1_39' title="bbox 374 4167 2666 4252; baseline -0.001 -18"><span class='ocrx_word' id='word_1_361' title='bbox 374 4191 520 4252; x_wconf 82' lang='lat' dir='ltr'><strong>quae</strong></span> <span class='ocrx_word' id='word_1_362' title='bbox 577 4175 630 4234; x_wconf 83' lang='lat' dir='ltr'><strong>si</strong></span> <span class='ocrx_word' id='word_1_363' title='bbox 687 4172 924 4251; x_wconf 77' lang='lat' dir='ltr'><strong>fuisset,</strong></span> <span class='ocrx_word' id='word_1_364' title='bbox 980 4172 1138 4252; x_wconf 82' lang='lat' dir='ltr'><strong>Apro</strong></span> <span class='ocrx_word' id='word_1_365' title='bbox 1195 4174 1257 4233; x_wconf 88' lang='lat' dir='ltr'><strong>in</strong></span> <span class='ocrx_word' id='word_1_366' title='bbox 1320 4171 1546 4251; x_wconf 89' lang='lat' dir='ltr'><strong>dialogo</strong></span> <span class='ocrx_word' id='word_1_367' title='bbox 1603 4189 1653 4232; x_wconf 88' lang='lat' dir='ltr'><strong>a.</strong></span> <span class='ocrx_word' id='word_1_368' title='bbox 1696 4167 1943 4251; x_wconf 77' lang='lat' dir='ltr'><em>74s827</em></span> <span class='ocrx_word' id='word_1_369' title='bbox 2001 4190 2144 4252; x_wconf 89' lang='lat' dir='ltr'><strong>prae</strong></span> <span class='ocrx_word' id='word_1_370' title='bbox 2200 4171 2431 4233; x_wconf 80' lang='lat' dir='ltr'><strong>Aufidio</strong></span> <span class='ocrx_word' id='word_1_371' title='bbox 2488 4172 2666 4232; x_wconf 88' lang='lat' dir='ltr'><strong>Basso</strong></span> 
     </span>
    </p>
   </div>
   <div class='ocr_carea' id='block_1_3' title="bbox 411 4315 850 4322">
    <p class='ocr_par' dir='ltr' id='par_1_3' title="bbox 411 4315 850 4322">
     <span class='ocr_line' id='line_1_40' title="bbox 411 4315 850 4322; baseline 0 0"><span class='ocrx_word' id='word_1_372' title='bbox 411 4315 726 4322; x_wconf 56' lang='lat'><strong><em>——-—-——.-⁴———-</em></strong></span> <span class='ocrx_word' id='word_1_373' title='bbox 754 4315 850 4322; x_wconf 76' lang='lat'><strong>--—-</strong></span> 
     </span>
    </p>
   </div>
   <div class='ocr_carea' id='block_1_4' title="bbox 553 4387 2243 4531">
    <p class='ocr_par' dir='ltr' id='par_1_4' title="bbox 553 4387 2243 4531">
     <span class='ocr_line' id='line_1_41' title="bbox 553 4387 2070 4459; baseline -0.001 -15"><span class='ocrx_word' id='word_1_374' title='bbox 553 4391 604 4458; x_wconf 88' lang='lat'><strong>1)</strong></span> <span class='ocrx_word' id='word_1_375' title='bbox 645 4387 762 4442; x_wconf 85' lang='lat' dir='ltr'><strong>Hoc</strong></span> <span class='ocrx_word' id='word_1_376' title='bbox 799 4388 917 4442; x_wconf 80' lang='lat' dir='ltr'><strong>iam</strong></span> <span class='ocrx_word' id='word_1_377' title='bbox 951 4387 1158 4442; x_wconf 75' lang='lat' dir='ltr'><strong>Nissen</strong></span> <span class='ocrx_word' id='word_1_378' title='bbox 1195 4407 1268 4444; x_wconf 89' lang='lat' dir='ltr'><strong>m.</strong></span> <span class='ocrx_word' id='word_1_379' title='bbox 1297 4387 1402 4442; x_wconf 84' lang='lat' dir='ltr'><strong>Rh.</strong></span> <span class='ocrx_word' id='word_1_380' title='bbox 1435 4393 1502 4442; x_wconf 79' lang='lat'><strong>86</strong></span> <span class='ocrx_word' id='word_1_381' title='bbox 1540 4404 1594 4458; x_wconf 87' lang='lat' dir='ltr'><strong>p.</strong></span> <span class='ocrx_word' id='word_1_382' title='bbox 1625 4392 1731 4442; x_wconf 81' lang='lat'><strong>498</strong></span> <span class='ocrx_word' id='word_1_383' title='bbox 1768 4387 2070 4459; x_wconf 76' lang='lat' dir='ltr'><strong>perspexit..</strong></span> 
     </span>
     <span class='ocr_line' id='line_1_42' title="bbox 2128 4477 2243 4531; baseline 0 0"><span class='ocrx_word' id='word_1_384' title='bbox 2128 4477 2243 4531; x_wconf 74' lang='lat' dir='ltr'><strong>XI*</strong></span> 
     </span>
    </p>
   </div>
  </div>
 </body>
</html>
