3234 5034
489 343 762 393 Lxxxv1
994 325 1089 378 DE
1130 324 1595 380 SCRIPTORVM
1633 327 1822 382 VITIS
1860 327 1954 381 ΕΤ
1995 325 2310 382 SCRIPTIS

488 495 605 552 iam
654 491 879 570 legerat
926 492 1026 554 uel
1064 492 1393 572 audiuerat,
1440 512 1578 554 cum
1627 494 1866 554 Catonis
1903 503 2158 556 mortem
2195 494 2434 556 audisse
2480 496 2596 556 sihi
2633 495 2808 556 uide-

488 597 655 650 retur
667 584 748 674 ¹);
796 609 931 650 nam
980 593 1161 652 etiam
1210 591 1371 652 hunc
1406 609 1638 652 morem
1675 592 1916 653 Asinius
1975 593 2342 671 instituerat,
2385 600 2456 653 ut
2499 592 2808 654 aduocatis

488 687 829 748 hominibus
878 691 1099 768 scripta
1147 707 1253 750 sua
1301 691 1583 750 recitaret
1631 691 1901 762 (Seneca
1947 698 2142 752 contr.
2175 691 2277 750 IV
2292 691 2532 768 praef.)
2548 685 2620 774 ²).

662 785 917 847 Adiutus
972 795 1172 849 autem
1228 795 1321 848 est
1366 789 1429 847 in
1478 806 1547 848 ea
1594 806 1660 847 re
1709 805 1741 847 a
1788 787 1852 847 L.
1893 787 2058 848 Ateio
2106 788 2499 867 Praetextato,
2546 791 2650 868 qui
2702 788 2804 850 de-

485 882 689 944 functo
765 883 1044 946 Sallustio
1101 878 1181 967 (a.
1229 879 1517 968 36s718)
1584 881 1747 946 ‘eum
1823 885 2285 946 familiarissime
2359 882 2566 947 coluit’
2623 894 2804 966 atque

483 989 553 1041 ut
604 980 774 1042 illum
830 981 1132 1044 breuiario
1189 1001 1391 1043 rerum
1453 984 1720 1043 omnium
1786 981 2186 1044 Romanarum
2254 985 2644 1062 instruxerat,
2711 987 2804 1045 sic

481 1078 623 1139 huic
660 1082 995 1159 praeceptis
1044 1079 1117 1141 de
1165 1082 1397 1141 ratione
1446 1080 1767 1160 scribendi,
1817 1077 1907 1142 ‘ut
1953 1089 2092 1141 noto
2131 1080 2418 1160 ciuilique
2458 1089 2519 1142 et
2553 1085 2802 1161 proprio

482 1195 759 1238 sermone
812 1177 1129 1257 uteretur’,
1188 1181 1376 1240 suasit
1433 1180 1628 1252 (Suet.
1668 1182 1746 1240 de
1787 1199 1884 1254 qr.
1926 1173 2124 1262 10).³)
2211 1179 2350 1239 hinc
2413 1179 2803 1242 confirmatur

484 1293 619 1335 eum
668 1293 788 1336 non
834 1283 970 1337 ante
1019 1275 1285 1337 Sallustii
1332 1284 1583 1337 mortem
1634 1275 1707 1336 ad
1753 1276 2062 1338 historiam
2117 1279 2471 1355 accessisse,
2517 1278 2581 1336 in
2628 1279 2802 1338 cuius

483 1371 683 1434 locum
737 1391 995 1435 uacuum
1052 1373 1405 1435 succederet
1451 1368 1678 1458 (lepide
1735 1377 1866 1434 eius
1921 1373 2227 1453 luguriam
2281 1374 2563 1436 Horatius
2615 1376 2802 1454 signi·

482 1471 621 1531 fleat
664 1473 725 1530 in
774 1471 877 1532 illo
925 1474 1191 1533 carmine
1236 1492 1293 1532 u.
1334 1468 1419 1533 25
1440 1467 1620 1556 sqq.)‚
1675 1481 1735 1532 et
1781 1472 2059 1552 efficitur,
2105 1480 2175 1533 ut
2217 1472 2548 1533 timendum
2597 1472 2799 1552 fuerit,

481 1587 557 1629 ne
601 1571 863 1648 tragicas
910 1568 1198 1649 ampullas
1244 1571 1305 1630 in
1357 1570 1676 1632 dictionem
1725 1589 1935 1649 parum
1982 1578 2178 1649 aptam
2222 1570 2595 1631 transferret.
2661 1571 2802 1632 rhe-

482 1669 729 1728 toricam
796 1675 995 1728 tamen
1063 1675 1249 1730 artem
1316 1666 1389 1728 ad
1456 1667 1840 1729 scribendum
1907 1666 2210 1748 adhibuit3
2275 1685 2413 1728 nam
2459 1687 2796 1747 pugnarum

478 1766 915 1826 maritimarum
961 1767 1461 1845 terrestriumque
1508 1761 2296 1845 strepitum‘orationesque
2345 1761 2648 1850 ducum4),
2687 1766 2798 1826 Ca-

479 1865 637 1923 tonis
695 1871 1039 1924 constanter
1092 1863 1369 1924 obeuntis
1424 1871 1680 1926 mortem
1727 1862 2008 1924 Horatius
2057 1871 2222 1927 certo
2271 1871 2601 1942 exspectat,
2649 1863 2799 1924 dici·

480 1968 698 2040 turque
756 1980 788 2021 a
836 1961 1067 2023 Valerio
1121 1961 1374 2022 Maximo
1432 1961 1673 2022 rhetore
1728 1978 1847 2021 non
1893 1963 2141 2022 minima
2188 1979 2328 2040 pars
2372 1961 2626 2022 Romani
2672 1961 2799 2023 stili

484 2059 590 2135 (fr.
631 2059 729 2139 1);
777 2061 998 2139 quippe
1045 2058 1247 2138 lingua
1292 2077 1439 2120 usus
1483 2067 1578 2121 est
1624 2059 1829 2120 Latina
1870 2060 1978 2137 (fr.
2019 2060 2076 2119 1.
2116 2061 2175 2120 5.
2213 2059 2306 2133 8).
2367 2077 2556 2138 genus
2593 2068 2796 2121 tamen

480 2174 655 2216 suum
704 2155 942 2217 dicendi
981 2158 1161 2217 etiam
1208 2159 1272 2217 in
1318 2157 1567 2218 historia
1615 2159 1810 2218 tenuit
1847 2175 2287 2237 numerumque
2325 2159 2614 2218 orationis
2651 2176 2795 2218 con-

480 2252 635 2314 sulto
693 2256 951 2333 spreuit,
1007 2253 1069 2314 id
1127 2253 1286 2334 quod
1339 2253 1439 2315 uel
1496 2274 1564 2315 ex
1625 2273 1812 2334 paruo
1869 2255 2225 2335 fragmento,
2273 2273 2390 2334 quo
2439 2254 2793 2317 Ciceronem

478 2359 779 2412 mortuum
829 2351 1187 2432 deplorauit,
1240 2354 1655 2432 cognoscimus
1665 2399 1682 2432 ‚
1738 2355 1916 2413 etiam
1973 2354 2036 2412 in
2095 2371 2164 2413 ea
2220 2370 2286 2414 re
2334 2352 2599 2414 Sallustii
2657 2371 2794 2414 suc·

480 2467 685 2510 cessor
732 2443 1013 2533 (Norden
1063 2451 1202 2511 Ant.
1242 2453 1537 2528 Kunstpr.
1571 2470 1642 2527 p.
1680 2451 1812 2511 262
1839 2469 1964 2526 sqq.
2014 2451 2147 2510 200
2173 2445 2426 2534 sqq.⁵)),
2484 2449 2794 2512 Ciceronis

484 2573 705 2580 -———-—-⁴—--
728 2575 791 2580 ——

659 2641 711 2709 1)
749 2637 900 2693 Scite
938 2639 1045 2694 hoc
1083 2655 1309 2694 carmen
1346 2639 1624 2694 tractauit.
1661 2638 1838 2694 Seeck
1875 2639 2053 2693 Wien.
2083 2639 2242 2694 stud.
2275 2645 2360 2704 24,
2398 2657 2454 2708 p.
2485 2644 2790 2704 499-510,

478 2735 606 2772 cum
646 2719 1003 2786 ‘periculosae
1040 2717 1270 2789 plenum
1314 2737 1454 2789 opus
1498 2720 1671 2774 aleae'
1713 2719 1786 2772 nd
1835 2719 2048 2773 dictum
2097 2717 2352 2773 Caesari·
2394 2708 2792 2774 Rubiconense

478 2799 713 2854 referret
740 2800 1167 2868 (interpretatus
1200 2801 1315 2854 ‘ein
1344 2801 1521 2866 Werk‚
1554 2801 1742 2854 ‹tessen-
1770 2799 1962 2854 Inhalt
1987 2799 2345 2870 qeft'ihrlichea
2371 2799 2447 2854 W
2441 2799 2794 2870 ffrfelspiel’),

482 2879 713 2934 ‘incedis
747 2897 855 2949 per
898 2881 1049 2950 iqui-s
1100 2881 1411 2950 suppositos
1456 2880 1632 2934 cineri
1685 2879 1891 2933 doloao’
1948 2879 2022 2932 ad
2069 2879 2312 2948 primum
2350 2878 2792 2946 triumuiratum,

476 2975 588 3027 quo
625 2975 830 3030 graues
866 2958 1204 3013 inimicitiae
1243 2959 1439 3015 dolosa.
1478 2957 1780 3013 concordia.
1817 2960 2157 3029 tegerentur.
2217 2957 2332 3011 alia
2369 2957 2556 3012 minus
2592 2959 2790 3028 probo,

479 3038 550 3092 cf.
581 3037 952 3110 Sonnenburg
988 3057 1129 3093 mus.
1160 3039 1264 3094 Rh.
1296 3045 1382 3108 59,
1413 3058 1467 3108 p.
1498 3044 1800 3092 506—511.

655 3120 708 3187 2)
748 3118 829 3174 De
876 3119 1201 3189 Landgrafii
1250 3119 1597 3188 coniectura,
1647 3135 1762 3187 qua
1802 3117 2037 3173 ‘bellum
2083 3117 2434 3173 Africanum’
2477 3119 2549 3173 ab
2589 3118 2790 3174 Asinio

474 3215 577 3269 per
621 3200 807 3270 ipsum
850 3198 1066 3254 bellum
1114 3199 1457 3270 descriptum
1506 3215 1628 3254 esse
1667 3198 1942 3265 uoluerat,
1981 3215 2132 3252 nunc
2167 3199 2344 3254 uerba.
2380 3199 2565 3254 facere
2604 3198 2788 3254 omisi.

477 3277 558 3333 cf.
590 3277 807 3333 Schanz
844 3279 899 3332 1²
934 3297 988 3349 p.
1020 3285 1122 3332 213
1146 3297 1227 3347 sq.

656 3361 709 3428 3)
747 3358 937 3414 Etiam
969 3359 1243 3413 ‘Aufusti’
1275 3358 1377 3429 (sic
1408 3357 1622 3414 Vsener
1657 3378 1729 3412 m.
1763 3359 1868 3412 Rh.
1890 3365 1976 3425 24,
2003 3376 2058 3428 p.
2083 3363 2202 3413 101.
2235 3364 2339 3412 104
2389 3365 2508 3413 111.
2553 3357 2793 3413 ‘alm-esti

472 3439 635 3504 fusti’
678 3438 820 3508 cod.)
865 3438 1223 3508 grammatici
1263 3438 1452 3493 ‘liber'
1494 3437 1726 3507 quidam
1773 3438 2176 3509 grammaticus
2217 3437 2318 3492 ‘ad
2354 3440 2618 3493 Asinium
2655 3440 2786 3493 Pol-

476 3519 693 3574 lione'm'
734 3517 945 3572 citatus
984 3517 1227 3572 Gramm.
1258 3520 1381 3574 Lat.
1412 3519 1514 3573 VII
1551 3537 1605 3589 p.
1639 3525 1706 3574 35
1736 3519 1801 3574 K.
1833 3519 2004 3590 (idem
2033 3520 2131 3588 qui
2170 3537 2204 3573 a.
2231 3518 2408 3574 Paulo
2439 3519 2593 3575 Festi
2629 3537 2684 3588 p.
2716 3525 2786 3573 94

474 3601 535 3652 et
570 3597 859 3652 Prisciano
888 3597 1018 3651 VIII
1049 3603 1114 3653 17
1152 3616 1205 3668 p.
1238 3602 1382 3669 383).
1423 3599 1664 3654 forsitan
1701 3598 1875 3654 etiam
1910 3598 2141 3654 Asinius
2179 3599 2465 3669 Epicadus
2505 3601 2595 3654 ‘ex
2629 3607 2790 3670 yeme

476 3678 755 3734 Parthina
790 3679 1021 3746 ibrida',
1058 3679 1157 3748 qui
1196 3682 1393 3734 contra
1428 3681 1744 3751 Augustum
1787 3678 2108 3734 coniurauit
2135 3679 2310 3748 (Suet.
2338 3681 2484 3750 Aug.
2519 3683 2622 3750 19),
2661 3677 2788 3734 eius

472 3757 711 3812 libertus
748 3756 935 3814 fuerit.

653 3843 707 3907 4)
748 3837 827 3893 of.
859 3855 1194 3893 consensum
1232 3840 1503 3894 orationis
1540 3838 1797 3894 Caesaris
1835 3841 1968 3895 ante
2005 3857 2257 3910 pugnam
2295 3839 2646 3894 Pharsaliam
2681 3839 2790 3894 ha-

474 3920 631 3974 bitae
677 3917 970 3973 exordium
1018 3920 1171 3990 apud
1220 3920 1544 3990 Appianum
1580 3920 1635 3974 b.
1669 3937 1714 3974 c.
1743 3919 1796 3972 H
1835 3926 1900 3974 ’13
1966 3918 2049 3974 Τὰ
2086 3917 2190 3990 μὲν
2227 3917 2634 3992 δυσχερέστατα
2673 3919 2786 3990 ἤδη

474 3998 865 4068 νενικήκαμεν,
905 3993 949 4054 ὦ
987 3999 1166 4068 φίλοι·
1205 4001 1333 4056 ἀντὶ
1368 3999 1476 4070 γὰρ
1514 4004 1676 4068 λιμοῦ
1716 4000 1814 4055 καὶ
1850 3998 2098 4068 ἀπορίας
2133 3999 2376 4069 ἀνδράσι
2419 4000 2784 4070 μαχούμεθα·

472 4078 575 4150 ἥδε
613 4076 676 4133 δὲ
715 4079 750 4148 ἡ
788 4077 969 4148 ἡμέρα
1013 4088 1199 4147 κρινεῖ
1237 4079 1441 4134 πάντα.
1494 4083 1553 4135 et
1590 4080 1745 4150 apud
1783 4079 2150 4134 Plutarchum
2185 4081 2380 4149 Pomp.
2411 4097 2456 4134 c.
2490 4084 2558 4134 68
2588 4078 2649 4134 '0
2677 4080 2788 4148 μὲν

475 4155 579 4214 οὖν
608 4163 830 4228 Καῖσαρ
870 4159 1045 4214 εἰπὼν
1080 4160 1185 4229 τὴν
1220 4158 1696 4228 προσδοκωμένην
1731 4159 1892 4230 ἥκειν
1928 4157 2160 4228 ἡμέραν,
2199 4159 2262 4215 ἐν
2297 4153 2334 4232 ᾖ
2372 4161 2516 4228 πρὸς
2551 4159 2789 4228 ἄνδρας,

474 4239 543 4293 οὐ
580 4239 722 4307 πρὸς
756 4239 919 4308 λιμὸν
957 4239 1091 4294 οὐδὲ
1127 4237 1333 4294 πενίαν
1370 4249 1697 4310 μαχοῦνται.

654 4322 709 4390 5)
746 4318 826 4374 cf.
858 4320 1071 4374 Seneca
1106 4323 1287 4389 pater,
1326 4320 1423 4389 qui
1462 4323 1590 4389 post
1627 4319 1693 4375 fr.
1726 4325 1757 4373 ὅ
1786 4323 1954 4390 (suas.
1987 4325 2040 4391 6)
2069 4321 2211 4375 haec
2239 4320 2426 4374 addit:
2467 4320 2791 4388 Adfirmare
