3234 5034
473 1729 652 1814 ‘54.

513 1839 614 1904 75‘0

654 339 798 388 CXII
1144 336 1241 391 DE
1281 336 1746 393 SCRIPTORVM
1784 336 1974 390 VITIS
2010 336 2105 410 ET
2144 335 2459 392 SCRIPTIS

661 525 784 566 rm.
822 526 904 566 lx.
943 525 1116 565 xxxv
1149 513 1210 566 et
1242 507 1577 566 secundum
1613 507 1883 566 indicem
1918 509 2103 565 etiam
2141 507 2277 579 ην)
2326 511 2461 565 octo
2506 503 2669 564 locos
2717 519 2957 582 excerp·

649 611 744 664 tos
790 605 1046 664 inseruit
1084 603 1194 680 (fr.
1234 604 1290 664 7.
1332 603 1435 664 12.
1473 602 1578 663 25.
1619 602 1721 664 13.
1761 602 1866 663 24.
1906 603 2009 662 14.
2048 601 2153 661 26.
2193 602 2329 680 27),
2376 599 2665 682 quosdam
2705 604 2825 662 iam
2863 599 2959 662 ab·

651 696 936 786 solutis.¹)

829 799 1024 860 Etiam
1069 799 1390 860 Asconium
1449 816 1584 859 eum
1643 804 1778 859 ante
1836 797 2040 859 oculos
2094 797 2403 878 habuisse,
2464 816 2599 859 cum
2662 815 2959 858 commen·

650 899 834 958 tarios
881 915 1022 958 suos
1070 896 1381 975 scriberet,
1428 897 1546 956 iam
1593 914 1777 976 supra
1824 895 2100 974 diximus,
2138 899 2494 975 saepiusque
2534 897 2677 957 citat
2717 896 2826 973 (fr.
2858 895 2956 956 19.

650 996 740 1057 20
785 998 894 1057 bis.
942 996 1049 1056 22.
1087 995 1204 1069 23)
1263 1013 1440 1075 quam
1487 1011 1849 1073 quemquam
1906 993 2085 1055 alium
2154 1001 2459 1068 auctorem
2518 987 2785 1076 (Liuium
2852 992 2959 1070 bis,

651 1091 998 1155 Sallustium
1043 1087 1286 1176 semel),
1343 1094 1523 1153 etiam
1569 1110 1747 1172 quam
1795 1099 1924 1153 acta
1972 1085 2154 1174 (quae
2206 1085 2583 1175 quinquies);
2640 1109 2779 1152 nam
2826 1109 2883 1170 p.
2922 1089 2955 1152 l

651 1183 888 1274 (contra
933 1184 1241 1273 Pisonem)
1287 1208 1500 1269 parum
1549 1189 1806 1251 feliciter
1850 1188 2151 1268 Kiessling
2197 1196 2259 1250 et
2306 1189 2542 1250 Schoell
2578 1188 2819 1250 Tironis
2864 1187 2959 1250 uel

649 1287 898 1369 Nepotis
935 1291 1176 1350 nomine
1215 1287 1490 1349 lacunam
1527 1287 1925 1367 expleuerunt
1958 1305 2068 1367 pro
2106 1285 2389 1349 editionis
2425 1288 2717 1367 principis
2748 1284 2957 1350 ‘Fene-

647 1383 867 1464 stella’,
914 1405 1052 1448 cum
1097 1386 1239 1447 Tiro
1287 1385 1359 1446 ab
1396 1387 1651 1446 Asconio
1689 1404 1809 1447 uno
1845 1384 1977 1446 loco
2014 1385 2303 1448 inferiore
2343 1388 2435 1462 (p.
2464 1386 2583 1460 43)
2620 1387 2957 1446 nominatus

651 1487 746 1564 sit,
801 1483 982 1564 idque
1039 1483 1239 1546 addita
1291 1483 1432 1544 libri
1488 1485 1909 1564 inscriptione,
1966 1481 2164 1562 Nepos
2220 1501 2541 1564 nusquam,
2592 1482 2957 1546 Fenestellae

649 1591 848 1646 autem
905 1583 1318 1644 auctoritatem
1381 1583 1560 1643 etiam
1616 1581 1717 1644 hic
1774 1581 2019 1660 refutet,
2080 1587 2147 1641 ut
2201 1580 2397 1642 tribus
2443 1580 2577 1642 aliis
2626 1581 2805 1663 locis;
2862 1580 2955 1640 ad-

651 1680 914 1744 dendum
959 1681 1145 1759 igitur
1189 1688 1284 1742 est
1327 1679 1441 1740 hoc
1488 1680 1913 1759 fragmentum:

830 1797 886 1858 p.
930 1776 963 1839 1
1005 1777 1074 1839 K.
1112 1786 1172 1838 et
1211 1777 1370 1838 Sch.:
1444 1779 1789 1840 Fenestella
1844 1779 2087 1854 quidem
2138 1782 2354 1854 posuit
2405 1779 2570 1838 hanc
2634 1781 2801 1838 inter
2858 1794 2958 1838 eas

651 1882 966 1940 orationes
1018 1895 1172 1953 quas
1220 1879 1386 1937 dixit
1432 1878 1647 1937 Cicero
1686 1877 1754 1938 L.
1783 1875 2048 1938 Domitio
2086 1877 2285 1953 Appio
2330 1876 2586 1936 Claudio
2634 1891 2785 1936 coss.
2822 1876 2955 1936 ulti-

649 1993 824 2038 mam.
897 1977 1013 2037 sed
1053 1983 1122 2036 ut
1166 1992 1280 2051 eqo
1326 1977 1406 2035 ab
1453 1992 1523 2035 eo
1571 1977 1953 2050 dissentiam,
1994 1973 2157 2050 facit
2189 1977 2465 2050 primum
2510 1975 2677 2049 quod
2719 1981 2778 2034 et
2824 1991 2879 2048 q.
2914 1991 2958 2032 s.

828 2071 1018 2134 Dubia
1074 2091 1172 2133 res
1229 2079 1322 2134 est
1374 2091 1430 2151 p.
1471 2068 1574 2150 62,
1613 2068 1673 2151 8,
1729 2069 1833 2132 ubi
1881 2073 2012 2132 eius
2058 2089 2279 2132 nomen
2324 2070 2535 2131 lacuna
2584 2069 2957 2132 intercidisse

651 2170 950 2250 Kiessling
997 2173 1081 2246 (a.
1119 2173 1176 2232 h.
1213 2173 1279 2244 l.)
1337 2171 1642 2249 opinatur,
1698 2177 1759 2230 et
1815 2188 1869 2248 p.
1909 2165 2024 2248 31,
2066 2164 2354 2248 13—16,
2414 2167 2521 2230 ubi
2566 2165 2959 2228 Lichtenfeldt

653 2271 776 2344 (De
820 2272 1075 2331 Asconii
1113 2269 1390 2346 fontibus
1437 2287 1516 2328 ac
1554 2271 1683 2342 fide
1713 2286 1783 2344 p.
1822 2268 1909 2328 56
1924 2270 2061 2346 sq),
2110 2264 2268 2347 quod
2313 2266 2377 2327 hi
2419 2284 2636 2328 uersus
2672 2283 2813 2328 cum
2850 2265 2959 2344 Ap-

650 2370 828 2447 piano
875 2371 928 2429 b.
959 2386 1011 2429 c.
1042 2368 1120 2428 ΙΙ
1148 2366 1238 2428 20
1283 2375 1343 2428 et
1389 2366 1477 2426 23
1524 2375 1584 2426 et
1628 2364 1947 2427 Plutarcho
2003 2367 2171 2428 Caes,
2208 2363 2296 2426 28
2344 2365 2744 2443 consentiunt,
2791 2364 2959 2425 initio

652 2473 850 2529 autem
915 2465 1324 2526 commentarii
1389 2465 1677 2525 orationis
1741 2462 2095 2524 Milonianae
2152 2464 2235 2540 (p.
2274 2463 2379 2538 26,
2418 2463 2489 2537 5)
2548 2462 2843 2524 Asconius
2896 2479 2959 2524 se

653 2560 1009 2626 ‘annalibus’
1049 2581 1224 2623 usum
1265 2581 1398 2623 esse
1445 2562 1777 2641 profitetur,
1824 2562 1933 2624 bos
1980 2560 2055 2623 ad
2091 2562 2363 2624 Asinium
2398 2559 2725 2622 Pollionem
2764 2559 2959 2622 redire

653 2670 883 2740 censet,
931 2679 1126 2741 neque
1179 2669 1378 2721 tamen
1428 2659 1501 2720 ad
1547 2661 1765 2739 ipsum,
1810 2661 1914 2740 qui
1960 2677 2255 2739 nusquam
2302 2657 2375 2719 ab
2421 2659 2699 2719 Asconio·
2724 2659 2959 2735 citetur,

649 2759 759 2822 sed
804 2777 915 2840 per
951 2753 1344 2820 Fenestellam
1383 2766 1689 2820 auctorem
1726 2757 1901 2837 paulo
1938 2763 2075 2837 post
2111 2759 2373 2818 citatum.
2422 2773 2569 2818 num
2605 2755 2959 2819 Plutarchus

651 2866 892 2938 praeter
933 2865 1062 2918 tres
1107 2855 1288 2935 locoS,
1336 2855 1553 2936 quibus
1602 2873 1740 2917 eum
1788 2857 2013 2936 citauit,
2060 2873 2199 2916 eum
2244 2855 2594 2934 inspexerit,
2630 2855 2961 2934 nescimus;

653 2974 791 3017 nam
849 2955 1318 3016 coniurationem
1375 2953 1661 3014 Catilinae
1718 2951 2050 3014 secundum
2105 2971 2243 3014 eum
2298 2953 2585 3031 scriptam
2632 2969 2767 3014 esse
2816 2951 2959 3012 mibi

671 3203 676 3208 ⁸
834 3140 888 3206 1)
925 3135 1188 3190 Muenzer
1239 3135 1409 3205 Quell.
1449 3134 1501 3188 d.
1533 3134 1685 3190 Plin.
1708 3151 1770 3203 p.
1800 3137 1908 3188 343
1925 3150 2036 3202 sqq.
2079 3165 2143 3172 —
2184 3133 2375 3185 Brunn
2422 3134 2513 3188 De
2556 3131 2746 3186 Plinii
2790 3133 2959 3187 indie.

653 3235 708 3287 p.
739 3223 807 3272 42
854 3214 1061 3270 indicis
1115 3213 1314 3269 ordine
1369 3214 1572 3268 ductus
1622 3211 1795 3266 etiam
1840 3211 2047 3266 XXXV
2088 3217 2154 3265 10
2201 3227 2270 3266 ex
2316 3209 2637 3266 Fenestella
2674 3215 2962 3281 sumptum

654 3313 775 3352 esse
815 3295 1126 3351 arbitratus
1163 3297 1266 3361 est,
1294 3293 1395 3348 ubi
1423 3292 1551 3362 quis
1577 3293 1793 3364 primus
1824 3292 2101 3362 imagines
2130 3290 2465 3362 scriptorum
2492 3290 2555 3345 in
2581 3289 2961 3360 bybliothecis

653 3375 908 3448 posuerit
943 3374 1184 3445 quaerit,
1219 3377 1409 3428 utrum
1446 3372 1677 3428 Asinius
1714 3370 1914 3439 Pollio,
1955 3373 2015 3441 ‘q
2028 3372 2095 3426 ui
2132 3371 2393 3443 primus
2428 3371 2843 3426 bibliothecam
2880 3371 2961 3426 di·

654 3457 836 3512 cando
864 3455 1097 3527 ingenia
1124 3453 1414 3510 hominum
1441 3469 1560 3508 rem
1597 3471 1651 3523 p.
1682 3451 1865 3522 fecie,
1896 3469 1969 3506 an
2000 3451 2377 3507 Alexandriae
2404 3453 2467 3506 et
2490 3451 2753 3523 Pergami
2782 3467 2962 3524 reges,

653 3541 776 3592 tum
811 3535 903 3591 uir
938 3536 1174 3605 quidam
1201 3535 1401 3589 doetus
1431 3533 1581 3603 apud
1614 3531 1953 3587 Zarnckium
1982 3534 2122 3600 (Lis.
2148 3532 2615 3588 Centralbl.1882
2640 3549 2685 3588 c.
2707 3535 2823 3587 936
2838 3537 2965 3602 aff),

655 3635 782 3672 eum
817 3615 988 3672 index
1026 3616 1166 3670 duos
1203 3613 1495 3670 annalium
1531 3613 1852 3682 scriptores,
1890 3611 2153 3667 Pisonem
2185 3615 2245 3666 et
2270 3611 2648 3666 Fenestellam
2676 3610 2966 3678 exhibeat,

653 3697 784 3750 VIII
814 3703 912 3752 131
947 3695 1294 3764 (Annalibus
1319 3701 1572 3750 notatum
1599 3700 1679 3748 est
1709 3694 1793 3748 M.
1815 3695 2019 3748 Pisone
2050 3693 2134 3747 M.
2161 3693 2429 3748 Messalla
2458 3709 2589 3748 coss.
2609 3709 2661 3746 a.
2684 3691 2737 3746 d.
2762 3692 2969 3747 XIIII

653 3779 919 3833 kalendas
967 3776 1214 3832 Octobris
1257 3775 1572 3830 Domitium
1605 3774 2031 3830 Ahenobarbum
2078 3773 2308 3830 aedilem
2352 3773 2593 3828 curulem
2637 3789 2801 3828 ursos
2836 3771 2963 3827 Nu-

653 3857 884 3913 midicos
918 3863 1132 3912 eentum
1168 3861 1220 3912 et
1255 3854 1476 3911 totidem
1519 3861 1811 3910 uenator-es
1844 3853 2147 3923 Aethiopas
2190 3855 2254 3908 in
2296 3854 2442 3909 circo
2484 3851 2718 3921 dedisse)
2760 3853 2821 3906 et
2857 3855 2964 3906 210

657 3937 932 4006 (Solidum
978 3953 1178 4005 aprwm
1215 3935 1594 3991 Ronmnormn
1634 3935 1754 4003 pri
1760 3951 1899 3989 mus
1944 3935 2010 3988 in
2052 3933 2231 4003 epulis
2274 3933 2535 4002 adposuit
2580 3933 2647 3987 P.
2685 3932 2967 3990 Seruilius

656 4017 877 4084 Rullus,
917 4022 1080 4086 pater
1123 4019 1242 4072 eius
1278 4015 1464 4081 Rulli,
1509 4017 1609 4084 qui
1648 4015 1923 4070 Ciceronis
1965 4015 2258 4069 considam
2304 4014 2469 4085 leyem
2512 4014 2801 4084 agyras-iam
2830 4029 2963 4083 pro·

655 4099 946 4169 mulyauit.
1001 4103 1118 4152 tam
1145 4098 1467 4166 propinqua
1501 4097 1657 4166 oripo
1692 4111 1845 4150 nume
1886 4094 2202 4150 cotidianae
2244 4095 2329 4148 rei
2360 4100 2454 4150 est.
2510 4099 2563 4148 et
2596 4094 2695 4149 hoc
2729 4095 2965 4148 annales

653 4183 940 4245 notat-um,
975 4177 1170 4232 horum
1205 4179 1410 4232 scilicet
1443 4175 1520 4232 ad
1555 4175 1985 4230 mendatiomm
2018 4191 2261 4240 morsm,
2304 4173 2504 4242 quibus
2536 4189 2653 4228 non
2688 4178 2808 4228 tota
2842 4175 2961 4242 qm·-

655 4259 776 4314 dem
811 4275 946 4314 cena
980 4257 1076 4313 sed
1110 4259 1174 4313 in
1203 4257 1488 4326 principio
1525 4257 1646 4311 bini
1672 4256 1919 4325 ternique
1938 4257 2157 4324 pariter
2182 4254 2527 4310 manduntur
2552 4253 2725 4323 apri),
2754 4252 2963 4322 quibus

655 4337 794 4394 locis
833 4338 1045 4409 optime
1082 4339 1417 4408 argumenta
1454 4351 1581 4390 cum
1617 4333 1970 4390 Fenestellae
2009 4333 2309 4389 annalibus
2348 4332 2666 4388 concinunt.
