3234 5034
983 350 988 353 .
1039 304 1098 361 C.
1135 304 1423 362 PLINIVS
1461 304 1841 363 SECVNDVS
2424 307 2593 358 CLIII

291 476 612 554 attigerunt
665 474 908 555 quidem
947 477 1034 547 (u.
1067 476 1238 553 infra
1263 494 1330 553 p.
1364 494 1527 535 οιιιη
1547 479 1721 552 sqq).
1738 468 1790 559 ²)
1874 482 2059 537 restat
2114 478 2298 555 igitur
2350 475 2596 555 Plinius,

286 591 460 655 quem
506 572 758 634 Tacitus
821 581 883 635 et
945 575 1008 633 in
1063 573 1330 635 historiis
1389 573 1496 650 (fr.
1537 574 1607 649 9)
1669 582 1728 635 et
1784 576 1845 635 in
1904 573 2214 635 annalibus
2271 574 2381 652 (fr.
2421 576 2479 635 5.
2522 576 2591 649 6)

285 674 522 753 citauit,
605 671 952 733 uberrimus
1017 690 1160 734 sane
1217 672 1350 734 fons
1415 671 1657 733 illorum
1723 690 2029 734 annorum.
2120 690 2337 735 uerum
2394 680 2593 733 tamen

286 770 444 852 quod
493 770 716 832 Nissen
761 772 959 831 omnia
1005 773 1068 832 in
1106 771 1296 832 Taciti
1341 770 1611 831 historiis
1649 769 1915 832 Pliniana
1964 789 2113 852 esse,
2161 791 2313 853 quae
2350 789 2421 833 ex
2463 770 2597 833 aliis

286 868 636 933 auctoribus
675 877 912 950 sumpta
950 888 1082 931 esse
1123 869 1518 931 demonstrari
1556 887 1677 930 non
1714 878 1934 949 posset,
1974 878 2262 932 statuerat
2300 873 2383 947 (p.
2415 870 2595 948 535),

283 968 592 1031 Detlefsen
642 970 830 1043 (Phil.
868 969 1167 1030 XXXIV
1192 988 1260 1046 p.
1300 968 1595 1042 40—49)
1644 976 1706 1029 et
1752 966 1947 1047 Groag
1994 971 2076 1046 (p.
2119 969 2249 1030 709
2266 972 2425 1045 sqq.)
2465 970 2597 1048 qui·

285 1066 542 1130 busdam
590 1070 655 1127 in
703 1066 884 1129 rebus
929 1084 1032 1128 eos
1078 1068 1238 1128 inter
1293 1086 1358 1128 se
1407 1065 1747 1145 discrepare
1770 1060 1823 1151 ²)
1872 1084 2067 1147 neque
2113 1068 2387 1147 uestigiis
2433 1066 2595 1127 illius

285 1167 563 1229 Tacitum
612 1168 904 1228 institisse
953 1166 1136 1227 certis
1183 1166 1554 1245 argumentis
1601 1166 1931 1227 euicerunt.
2014 1167 2214 1246 itaque
2262 1163 2409 1226 illud
2456 1184 2595 1226 con-

285 1275 444 1327 stare
495 1264 646 1326 mihi
693 1263 936 1326 uidetur
982 1283 1101 1326 non
1147 1263 1367 1324 habere
1415 1281 1551 1343 nos,
1607 1265 1753 1343 quin
1800 1263 2003 1325 Tacito
2060 1263 2265 1344 plures
2315 1272 2593 1326 auctores

287 1366 538 1425 testanti
583 1362 904 1425 credamus
925 1357 998 1448 ³),
1035 1370 1103 1425 ut
1139 1362 1432 1443 plurimos
1469 1361 1633 1423 locos
1669 1370 2059 1443 praeteream,
2089 1361 2306 1442 quibus
2344 1361 2599 1423 eandem

289 1482 416 1524 rem
465 1481 501 1523 a
548 1461 960 1542 compluribus
1009 1456 1216 1546 (etiam
1267 1458 1518 1523 ‘multis'
1569 1461 1683 1522 III
1710 1454 1826 1545 59)
1868 1460 2105 1523 diuerse
2146 1460 2419 1523 traditam
2460 1478 2597 1521 esse

289 1568 584 1623 memorat
641 1563 729 1636 (u.
777 1564 990 1623 Nissen
1035 1580 1104 1638 p.
1143 1560 1275 1621 525
1303 1579 1390 1637 sq.
1447 1561 1646 1621 Fabia
1680 1578 1747 1637 p.
1789 1561 1915 1621 161
1945 1578 2070 1637 sqq.
2120 1561 2251 1621 113
2276 1561 2413 1637 sq).
2481 1558 2598 1620 fre-

293 1666 550 1741 quenter
597 1662 761 1721 enim
809 1678 906 1721 res
954 1658 1074 1720 illis
1119 1658 1481 1721 turbulentis
1528 1659 1702 1719 annis
1746 1666 1945 1737 gestas
1992 1658 2208 1719 litteris
2255 1665 2317 1719 et
2372 1675 2598 1720 sermo·

289 1758 468 1821 nibus
537 1764 820 1820 tractatas
884 1776 1036 1836 esse,
1099 1765 1167 1819 ut
1231 1765 1332 1818 aut
1397 1764 1828 1818 excusarentur
1892 1764 1994 1817 aut
2045 1754 2443 1837 probarentur
2498 1764 2600 1818 aut

297 1856 767 1919 defenderentur
810 1854 1375 1935 celebrarentur-que
1415 1872 1550 1916 cum
1587 1872 1701 1935 per
1736 1872 1801 1916 se
1840 1862 2141 1935 appareat,
2188 1862 2317 1916 tum
2364 1855 2601 1936 Iosephi

293 1958 642 2018 testimonio
691 1958 784 2030 (h.
834 1956 972 2016 Iud.
1009 1956 1114 2015 IV
1151 1954 1211 2030 9,
1258 1955 1329 2030 2)
1389 1954 1802 2027 confirmatur:
1859 1951 2091 2016 Πάντα
2136 1959 2343 2016 ταῦτα
2390 1947 2518 2038 (res
2566 1975 2599 2017 a

295 2054 495 2134 Galba,
523 2053 774 2133 Othone,
803 2052 1055 2132 Vitellio,
1082 2054 1338 2115 Antonio
1365 2053 1566 2113 Primo
1594 2050 1987 2132 Mucianoque
2016 2046 2242 2136 gestas)
2282 2048 2599 2129 διεξιέναι

295 2146 416 2233 μὲν
453 2146 556 2213 ἐπ’
594 2145 861 2233 ἀκριβὲς
895 2149 1395 2234 παρῃτησάμην,
1437 2145 1665 2231 ἐπειδὴ
1704 2144 1795 2212 δι’
1831 2148 2035 2232 ὄχλου
2070 2149 2276 2212 πᾶσίν
2314 2146 2449 2214 ἐστι
2490 2148 2601 2214 καὶ

293 2250 572 2324 πολλοῖς
611 2244 945 2331 Ἑλλήνων
999 2268 1068 2311 τε
1116 2244 1224 2311 καὶ
1275 2242 1610 2329 Ῥωμαίων
1656 2243 2173 2329 ἀναγέγραπται,
2231 2250 2603 2331 συναφείας

295 2343 368 2411 δὲ
415 2344 614 2411 ἕνεκα
658 2356 792 2409 τῶν
837 2344 1242 2428 πραγμάτων
1267 2343 1526 2407 καὶτοῦ
1571 2344 1661 2429 μὴ
1700 2344 2101 2429 διηρτῆσθαι
2138 2344 2263 2427 τὴν
2300 2346 2603 2428 ἱστορίαν

295 2436 786 2528 κεφαλαιωδῶς.
824 2441 1110 2509 ἕκαστον
1155 2440 1682 2527 ἐπεσημηνάμην.
1776 2444 1879 2506 sed
1937 2464 2071 2506 cum
2128 2443 2262 2507 aliis
2318 2449 2603 2529 tempori-

295 2546 408 2608 bus
473 2545 848 2626 singulorum
925 2548 1356 2626 imperatorum
1414 2545 1702 2605 memoria
1762 2544 2069 2605 uoluntate
2135 2551 2195 2605 et
2250 2548 2601 2607 auctoritate

297 2663 506 2707 eorum
555 2646 658 2724 qui
704 2643 1096 2706 succederent
1141 2651 1502 2723 senatusque
1539 2644 1604 2703 in
1652 2650 1874 2703 certam
1922 2642 2173 2703 formam
2220 2642 2457 2705 redacta
2506 2646 2601 2724 sit,

299 2742 454 2823 quod
507 2761 800 2823 nusquam
849 2760 960 2803 nec
1005 2741 1162 2823 apud
1207 2742 1478 2803 Tacitum
1525 2743 1588 2802 in
1638 2739 1949 2801 annalibus
2007 2759 2117 2802 nec
2170 2740 2325 2821 apud
2371 2742 2601 2804 Plutar-

301 2842 482 2903 chum
533 2843 610 2901 in.
645 2840 777 2901 aliis
813 2842 958 2902 uitis
1005 2844 1242 2919 saepius
1291 2839 1560 2901 diuersas
1605 2840 1925 2900 memorias
1972 2838 2067 2901 uel
2115 2840 2300 2912 famas
2338 2840 2455 2902 uel.
2475 2844 2599 2922 opi—

299 2942 514 3001 niones
561 2941 740 3000 inter.
761 2958 830 3001 se
875 2940 1180 3019 oppositas
1230 2956 1364 2999 esse
1387 2940 1757 2999 .inuenimus
1782 2954 1979 3017 quam
2016 2937 2179 2999 illius
2216 2940 2279 2999 in
2318 2938 2601 3018 historiiS,

297 3039 392 3100 his
459 3041 520 3099 in
586 3039 749 3118 uitis,
814 3056 988 3098 causa
1047 3036 1187 3099 hinc
1247 3035 1595 3117 explicanda
1652 3044 1758 3116 est,
1821 3035 1977 3115 quod
2034 3035 2269 3117 Galbae,
2312 3036 2609 3117 „Othonis,

298 3136 538 3214 Vitellii,
587 3135 928 3229 Vespasiani
979 3154 1074 3218 res
1133 3135 1350 3211 litteris
1379 3142 1691 3229 exceptae
1752 3141 1812 3194 et
1866 3133 2139 3220 uulgatae
2196 3144 2351 3216 sunt,
2406 3138 2601 3216 prius-

299 3246 516 3316 quam
545 3234 792 3294 historia
847 3253 880 3295 a
945 3214 1164 3295 flaviis
1213 3226 1477 3313 recepta
1523 3240 1582 3294 et
1636 3213 1899 3293 stabilita
1946 3232 2175 3295 essetf·
2191 3236 2363 3314 quin
2420 3236 2602 3304 etiam

299 3335 642 3394 accuratius
707 3331 1241 3414 circumscribet-e
1237 3334 1645 3417 poterimus
1652 3349 2029 3410 communem
2086 3324 2251 3393 illum
2298 3341 2601 3409 auctorem

297 3440 444 3513 post
481 3408 785 3492 Caecinae·
820 3433 1328 3511 coniurationem
1345 3440 1408 3493 et
1445 3436 1775 3509 mortem,
1766 3431 1825 3491 i.·
1874 3449 1924 3491 e.
1981 3429 2209 3492 ultimis
2255 3430 2603 3533 Vespasiani

299 3528 679 3611 temporibus
711 3527 830 3589 uel
892 3528 1038 3589 sub
1058 3528 1192 3590 Tito
1256 3541 1374 3589 res
1413 3522 1663 3589 litteris
1670 3527 2005 3590 mandasse
2053 3562 2136 3574 —-
2185 3525 2387 3609 neque
2404 3532 2601 3591 *enim

298 3636 480 3715 antea
539 3626 640 3687 ille
709 3602 1188 3707 repraesentatus
1253 3624 1579 3689 consensus
1639 3620 1799 3721 apud
1864 3622 2013 3688 Plut.
2072 3626 2203 3691 Oth.
2252 3618 2329 3689 6.
2351 3626 2411 3689 et
2434 3620 2599 3690 Tac.

297 3702 440 3788 hist.
478 3724 504 3787 1
549 3714 677 3815 53·
705 3714 822 3786 67
821 3742 926 3804 sq
946 3715 998 3786 ῘΙ
1033 3721 1123 3815 20
1171 3734 1286 3787 tam
1328 3743 1568 3789 seuere
1587 3723 1661 3813 de
1700 3724 1940 3787 homine
1985 3724 2425 3847 potentissimo
2447 3726 2604 3813 iudiss.

480 3926 532 3995 1)
571 3892 794 3979 Rustici
821 3888 1110 3995 patronus,
1131 3924 1240 3979 etsi
1267 3888 1597 3980 dubitanter
1624 3923 1845 3979 exstitit
1863 3924 2051 3994 Groag
2071 3924 2127 3995 (1.
2158 3942 2201 3980 s.
2229 3943 2284 3995 p.
2318 3930 2419 3980 '190
2440 3928 2599 3996 sqq..)

319 4052 331 4059 .
417 4052 422 4056 .
481 4008 538 4075 2)
571 4004 673 4059 Ex.
696 4022 778 4075 gr.
799 4020 1066 4075 compara.
1093 4006 1164 4061 de
1191 4004 1342 4060 bello
1372 4003 1801 4060 Garamantium
1827 4004 1973 4059 Plin.
1996 4004 2045 4057 V
2075 4011 2142 4060 38
2171 4008 2231 4060 et
2257 4006 2387 4060 Tac.
2406 4006 2485 4060 IV
2514 4012 2599 4061 50.

319 4122 358 4139 ⁴.
483 4088 539 4156 3)
575 4086 805 4141 inuenio
851 4086 1005 4155 apud
1041 4086 1304 4156 quosdam
1339 4094 1587 4142 auctores
1622 4085 1673 4139 H
1710 4091 1796 4153 37,
1831 4086 2121 4155 scriptores
2155 4093 2470 4156 temporum,
2506 4090 2606 4156 qui

303 4200 371 4209 -
401 4173 820 4237 composuerunt
844 4165 896 4220 11
926 4172 1047 4236 101,
1075 4184 1254 4222 omnes
1279 4173 1528 4223 auctores
1555 4166 1631 4219 111
1662 4170 1747 4233 29,
1774 4168 2139 4223 celeberrimos
2164 4174 2411 4224 auctores
2434 4170 2605 4224 habeo

299 4248 382 4302 m
418 4254 508 4315 51,
541 4249 748 4302 nostris
781 4248 1098 4303 auctoribus
1133 4248 1396 4303 celebrata
1415 4246 1501 4300 -IV
1539 4252 1627 4313 83,
1660 4248 1910 4316 plerique
1945 4253 2193 4303 auctores
2225 4247 2269 4301 V
2307 4254 2357 4316 2,
2402 4255 2605 4304 ueteres

303 4336 552 4387 auctores
581 4325 630 4381 V
669 4332 718 4381 6.

3206 4648 3218 4800 -—-.-
