3234 5034
627 345 756 410 140
1283 347 1629 403 Ammvs
1666 347 2239 403 PARTHENIANVS

796 507 910 579 23.
966 518 1148 580 Gor-d.
1185 518 1292 593 31,
1329 519 1372 578 5
1433 519 1679 578 Amatus
1733 524 1826 578 est
1882 516 2265 595 [Gordianus
2318 517 2559 596 tertius]
2608 536 2641 577 a
2694 515 2917 597 populo

619 621 680 675 et
724 623 935 677 senatu
981 625 1042 677 et
1085 614 1376 678 militibus
1422 625 1558 678 ante
1603 615 1865 696 Philippi
1910 617 2245 694 factionem,
2292 617 2372 677 ita
2418 623 2485 677 ut
2529 635 2707 678 nemo
2752 617 2915 696 prin·

618 714 834 793 cipum.
909 713 1138 775 Cordus
1203 713 1348 776 dicit
1409 733 1618 776 omnes
1681 714 1903 776 milites
1968 733 2103 776 eum
2168 714 2359 776 filium
2422 713 2777 795 appellasse,
2842 713 2917 774 ab

617 814 780 873 omni
825 821 1036 874 senatu
1081 813 1270 874 filium
1318 812 1560 892 dictum,
1605 832 1843 875 omnem
1890 811 2173 893 populum
2212 811 2457 875 delicias
2492 831 2631 874 suas
2668 811 2915 873 Gordia·

615 928 759 971 num
807 909 1044 972 dixisse.
2942 932 2969 972 s

795 1003 911 1072 24.
965 1012 1148 1072 Gord.
1185 1011 1292 1088 33,
1329 1013 1372 1071 4
1443 1010 1616 1081 Quod
1681 1009 1754 1071 de
1815 1010 1877 1071 C.
1925 1009 2177 1072 Caesare
2240 1013 2565 1072 memoriae
2628 1008 2917 1070 traditum

615 1115 724 1187 est,
779 1108 893 1169 hoc
947 1111 1127 1171 etiam
1185 1108 1258 1171 de
1313 1107 1610 1170 Gordiano
1669 1108 1903 1188 [tertio]
1962 1108 2191 1171 Cordus
2246 1111 2521 1170 euenisse
2574 1107 2915 1190 perscribit.

613 1225 751 1267 nam
816 1225 1022 1268 omues
1087 1209 1430 1288 quicunque
1503 1206 1671 1269 illum
1742 1207 1937 1288 gladio
2010 1207 2429 1288 adpetiuerunt
2493 1201 2627 1291 (qni
2680 1193 2915 1268 ‘nouem

615 1305 801 1367 fuisse
849 1301 1177 1392 dicuntur),
1223 1316 1428 1387 postea
1475 1309 1853 1388 interemptis
1890 1325 1925 1367 a
1960 1305 2251 1387 Philippis
2296 1325 2405 1368 sua
2449 1325 2629 1369 mann
2666 1308 2915 1386 suisque

613 1402 826 1483 gladiis
872 1412 934 1466 et
978 1404 1188 1484 isdem,
1233 1404 1451 1486 quibus
1497 1405 1666 1467 illum
1710 1412 2151 1486 percusserant,
2196 1407 2475 1466 interisse
2522 1404 2823 1466 dIcuntur.
2943 1425 3001 1466 ιο

1199 1673 1576 1748 AEMILII
1638 1673 2325 1748 PARTHENIANI

1011 1819 1258 1879 VITAE
1303 1817 1959 1880 ADFEGTATORVM
2004 1819 2500 1880 mmmmm

793 1955 858 2024 l.
921 1963 1084 2024 Vulc.
1121 1963 1272 2024 Gall.
1303 1963 1484 2023 Auid.
1523 1963 1687 2024 Cass.
1725 1963 1784 2038 5,
1815 1962 1853 2022 1
1900 1961 1985 2023 De
2022 1961 2135 2023 hoc
2165 1960 2419 2040 [Auidio
2459 1961 2693 2040 Cassio]
2724 1960 2919 2022 multa

612 2063 815 2140 grauia
861 2068 1070 2122 contra
1115 2060 1372 2122 militum
1418 2059 1721 2122 licentiam
1766 2060 1919 2122 facta
1965 2062 2355 2122 inueniuntur
2400 2060 2553 2141 apud
2592 2060 2917 2122 Aemilium

611 2159 1098 2238 Parthenianum,
1155 2161 1258 2239 qui
1313 2158 1707 2221 adsectatores
1759 2158 2091 2238 tyrannidis
2151 2161 2267 2220 iam
2326 2159 2465 2221 inde
2521 2179 2555 2220 a
2598 2159 2917 2222 ueteribus

610 2258 894 2319 historiae
957 2257 1216 2319 tradidit.
1299 2276 1435 2319 nam
1501 2267 1562 2320 et
1623 2260 1813 2338 uirgis
1876 2276 2081 2319 caesos
2144 2259 2208 2318 in
2271 2258 2401 2319 foro
2457 2265 2519 2320 et
2570 2259 2633 2318 in
2694 2257 2915 2320 mediis

612 2359 824 2417 castris
870 2359 1069 2418 securi
1111 2359 1426 2436 percussit,
1470 2359 1575 2437 qui
1620 2359 1703 2418 ita
1751 2364 2126 2435 meruerunt,
2173 2364 2234 2418 et
2279 2376 2490 2418 manus
2535 2355 2740 2419 multis
2786 2375 2913 2418 am-
2942 2375 3003 2416 ιε

612 2457 858 2536 putauit.
933 2465 994 2517 et
1036 2462 1278 2536 praeter
1322 2454 1578 2517 laridum
1624 2475 1693 2516 ac
1738 2454 2135 2517 buccellatum
2173 2463 2349 2536 atque
2385 2464 2621 2517 acetum
2656 2453 2915 2517 militem

611 2555 674 2614 in
731 2552 1106 2634 expeditione
1159 2563 1398 2634 portare
1452 2553 1759 2634 prohibuit
1814 2563 1897 2632 et,
1954 2557 2007 2615 si
2060 2553 2221 2616 aliud
2268 2557 2570 2634 quippiam
2622 2557 2915 2634 repperit,

613 2652 908 2714 luxuriem
953 2670 1071 2713 non
1119 2650 1240 2714 leui
1285 2651 1578 2732 supplicio
1627 2651 1860 2714 adfecit.

912 2919 1301 2994 ACHOLH
1355 2919 1586 2994 VITA
1643 2920 2211 2995 ALEXANDRI
2267 2919 2611 2995 SEVERI

792 3093 908 3163 l*.
955 3101 1268 3178 Lamprid.
1307 3103 1481 3163 Alex.
1521 3102 1626 3176 64,
1664 3102 1707 3161 4
1768 3101 1903 3162 Scio
1942 3119 2083 3162 sane
2118 3098 2435 3180 plerosque
2481 3118 2701 3180 negare
2746 3101 2917 3163 hunc

613 3218 643 3260 a
701 3207 911 3261 senatu
956 3198 1269 3260 Caesarem
1326 3198 1680 3280 appellatum
1739 3218 1870 3260 esse
1926 3197 2031 3260 sed
2078 3217 2111 3259 a
2160 3197 2476 3279 militibus,
2532 3203 2633 3280 qui
2690 3219 2915 3262 uerum
2946 3217 3005 3257 ao

610 3315 857 3378 prorsus
911 3301 1210 3380 ignorant3
1267 3297 1464 3359 dicere
1519 3306 1831 3378 praeterea
1880 3316 1998 3358 non
2044 3297 2205 3359 hunc
2250 3299 2435 3360 fuisse
2480 3296 2915 3360 consobrinum

611 3394 989 3476 Heliogabali.
1053 3398 1156 3476 qui
1200 3403 1270 3457 ut
1313 3415 1422 3456 nos
1459 3403 1803 3477 sequantur,
1840 3396 2153 3457 historicos
2200 3398 2329 3457 eius
2375 3397 2661 3476 temporis
2708 3396 2915 3476 legant

613 3503 672 3556 et
717 3497 971 3556 maxime
1017 3495 1345 3574 Acholium,
1390 3496 1495 3575 qui
1541 3501 1604 3555 et
1648 3497 1933 3556 interiora
1977 3494 2157 3556 huius
2202 3496 2493 3574 principis
2538 3497 2797 3575 scripsit.

788 3720 848 3776 1.
887 3721 1270 3778 Alexandrum
1300 3722 1582 3778 Caesarem
1619 3739 1657 3775 a
1692 3728 1887 3776 senatu
1921 3737 2029 3776 esse
2066 3721 2271 3778 dictmn
2307 3727 2636 3778 memoratur
2670 3722 2737 3776 in
2770 3724 2917 3778 m'tis

616 3791 792 3862 Opilii
825 3798 877 3859 4,
906 3798 955 3848 1.
1001 3793 1217 3865 Helioy.
1250 3799 1303 3860 5,
1331 3798 1380 3848 1.
1420 3798 1510 3859 10,
1537 3799 1588 3847 1.
1637 3795 1793 3848 Alex.
1825 3798 1877 3859 1,
1902 3797 1956 3848 2.
1992 3797 2049 3860 2,
2077 3797 2131 3859 4,
2174 3795 2347 3861 fuisse
2382 3794 2741 3864 Helioyabali
2778 3810 2913 3849 eon-

609 3864 890 3918 sobrinum
926 3866 990 3919 in
1025 3867 1159 3921 uitis
1204 3865 1420 3936 Helioq.
1449 3870 1538 3930 10,
1565 3870 1615 3919 1.
1670 3865 1827 3920 Alex.
1860 3870 1912 3931 1,
1937 3869 1992 3920 2.
2032 3869 2084 3930 5,
2112 3868 2161 3918 4.

611 3995 785 4002 —-—-.-—
863 3996 901 4000 --
926 3997 1041 4001 .,----

791 4079 909 4166 24,
959 4089 1014 4146 9.
1063 4087 1407 4164 interempti
1451 4091 1593 4148 sunt
1628 4107 1665 4147 a.
1701 4087 1997 4165 Philippis
2042 4092 2153 4147 aut
2198 4107 2261 4146 se
2300 4105 2410 4148 sua
2454 4109 2531 4147 m.
2562 4121 2646 4130 —
2684 4090 2913 4150 intere-

611 4175 786 4235 misse
833 4175 944 4235 dic.
984 4177 1063 4234 M
1059 4179 1238 4252 adu-iq
1421 4180 1520 4237 10.
1567 4179 1936 4237 interemisse
1963 4177 2023 4237 P

793 4257 858 4344 l,
913 4268 1010 4325 13.
1058 4285 1094 4324 a
1140 4266 1440 4326 ueteribus
1467 4262 1921 4346 (temporibus)
1946 4267 2125 4327 Klein
2311 4269 2390 4326 14
2455 4268 2603 4327 cesis
2640 4267 2701 4325 P

795 4347 861 4434 l,
911 4357 1012 4413 21.
1059 4357 1298 4435 ignorat
1334 4357 1392 4415 P
1413 4375 1467 4416 a.
1497 4375 1542 4416 c.
1718 4359 1819 4416 23.
1865 4358 2154 4416 interiora.
2188 4359 2401 4431 scripsi
2442 4357 2665 4418 itinera.
2693 4358 2753 4418 P
