3234 5034
657 308 730 364 M.
759 309 920 366 VLP.
948 307 1317 366 TRAIANVS
1345 342 1413 352 -—
1445 309 1502 366 Ρ.
1531 311 1791 367 AELIVS
1824 305 2257 368 HADRJANVS
2476 313 2601 378 117

819 477 916 550 Μ.
955 477 1214 551 VLPII
1272 477 1681 552 TRAIANI
1738 477 2082 554 DACIGA

481 651 547 719 1.
611 658 806 720 Mac.
859 657 949 718 VI
988 657 1076 719 13
1114 675 1183 736 p.
1221 657 1354 718 205
1425 657 1717 720 Traianus
1791 661 1851 719 in
1916 658 1943 719 Ι
2007 621 2387 722 Dacicorum:
2459 660 2601 722 inde
2636 634 2744 714 393

295 754 632 834 Berzobim,
679 754 894 817 deinde
941 755 1066 816 Aizi
1111 757 1532 835 processimus.
2638 723 2744 774 8⁵4

628 1031 1282 1106 IMPERATORIS
1335 1033 1414 1105 P.
1461 1033 1727 1106 AELII
1780 1033 2270 1108 HADRIANI

1173 1195 1278 1254 DE
1325 1195 1523 1254 VITA
1571 1194 1726 1254 SVA

476 1331 541 1400 1.
590 1338 794 1415 Spart.
834 1338 1028 1398 Hadr.
1069 1337 1130 1412 1,
1167 1336 1206 1397 1
1273 1335 1455 1416 Origo
1517 1338 1896 1417 imperatoris
1955 1337 2239 1400 Hadriani
2302 1341 2600 1401 uetustior

291 1455 322 1496 a
361 1434 729 1514 Picentibus,
764 1437 1065 1516 posterior
1102 1433 1176 1495 ab
1213 1434 1707 1514 Hispaniensibus
1746 1443 1961 1515 manat,
2000 1437 2053 1496 si
2092 1435 2333 1516 quidem
2378 1436 2597 1498 Hadria

235 1556 260 1597 s
289 1541 457 1595 ortos
504 1535 760 1595 maiores
807 1551 949 1595 suos
972 1531 1154 1613 -apud
1199 1531 1460 1594 Italicam
1501 1532 1847 1613 Scipionum
1884 1533 2253 1613 temporibus
2300 1534 2597 1597 resedisse

287 1634 354 1692 in
401 1631 576 1693 libris
621 1633 783 1693 uitae
830 1649 972 1693 suae
1019 1629 1356 1693 Hadrianus
1401 1632 1532 1710 ipse
1581 1637 2021 1693 commemorat.

438 1777 454 1796 .
472 1725 589 1793 2⁴².
642 1731 847 1808 Spart.
895 1731 1091 1790 Hadr.
1138 1730 1209 1805 3,
1247 1729 1288 1790 2
1362 1728 1504 1790 Post
1575 1739 1957 1808 quaesturam
2004 1729 2421 1808 [Hadrianus]
2466 1739 2597 1792 acta
2630 1705 2738 1786 39}

288 1836 535 1891 senatus
592 1829 828 1890 curauit
882 1834 1058 1907 atque
1119 1826 1193 1888 ad
1253 1826 1475 1888 bellum
1530 1827 1811 1888 Dacicum
1866 1827 2207 1895 Traianum.
2248 1829 2597 1891 familiarius
2633 1795 2738 1844 854

285 1934 646 2008 prosecutus
691 1935 810 2008 θείς
856 1924 1091 2006 quando
1139 1924 1379 2005 quidem
1427 1933 1486 1986 et
1531 1925 1854 1988 indulsisse
1890 1928 2033 1987 uino
2070 1945 2135 1988 se
2174 1925 2321 1987 dicit
2355 1925 2596 2014 Traiani

209 2048 260 2088 ιο
285 2025 560 2087 moribus
616 2025 1042 2105 obsequentem
1100 2031 1276 2103 atque
1333 2023 1408 2084 ob
1464 2022 1577 2084 hoc
1633 2042 1697 2085 se
1745 2042 1776 2084 a
1822 2023 2077 2086 Traiano
2128 2024 2593 2104 locupletissime

283 2131 688 2186 muneratum.
1045 2115 1056 2124 ’

469 2215 588 2286 3*.
638 2223 844 2300 Spart.
873 2223 1070 2283 Hadr.
1099 2221 1160 2296 3,
1189 2222 1232 2281 4
1278 2219 1580 2282 Tribunus
1622 2219 1811 2302 plebis
1841 2220 2033 2284 factus
2060 2231 2149 2283 est
2176 2220 2591 2300 [Hadrianus]
2635 2207 2735 2283 1—05

283 2318 553 2382 Candido
621 2326 682 2381 et
733 2317 1031 2390 Quadrato
1093 2321 1316 2381 iterum
1381 2338 1592 2408 conss„
1650 2322 1713 2380 in
1771 2338 1888 2399 quo
1944 2322 2292 2400 magistratu
2338 2319 2413 2382 ad
2458 2338 2592 2401 per·
2630 2295 2734 2344 858

281 2426 526 2500 petuam
581 2417 966 2480 tribuniciam
1019 2425 1372 2498 potestatem
1429 2436 1605 2478 omen
1662 2415 1775 2480 sibi
1832 2419 2055 2480 factum
2119 2417 2367 2498 adserit,
2433 2419 2592 2498 quod

205 2539 254 2578 ιε
283 2516 574 2598 paenulas
635 2517 931 2595 amiserit,
985 2515 1205 2596 quibus
1253 2518 1344 2577 uti
1390 2515 1616 2578 tribuni
1664 2517 1854 2597 plebis
1899 2517 2138 2597 pluuiae
2183 2524 2452 2596 tempore
2498 2535 2593 2578 so-

283 2614 506 2693 lebant,
550 2616 947 2695 imperatores
991 2620 1190 2675 autem
1236 2632 1575 2695 numquam.

464 2707 538 2775 4.
587 2714 793 2791 spart.
831 2713 1027 2773 Hadr.
1066 2713 1124 2789 7,
1162 2712 1201 2773 1
1267 2711 1502 2792 Nigrini
1555 2713 1831 2789 insidias,
1886 2732 2035 2794 quas
2080 2712 2181 2774 ille
2228 2715 2589 2776 sacrificanti
2625 2707 2732 2787 E}

283 2811 583 2874 Hadriano
633 2811 874 2871 conscio
921 2810 1036 2871 sibi
1084 2809 1264 2872 Lusio
1311 2817 1370 2872 et
1414 2809 1617 2873 multis
1664 2811 1798 2872 aliis
1844 2819 2176 2890 parauerat,
2224 2830 2360 2872 cum
2410 2814 2587 2874 etiam
2626 2795 2725 2845 ⁸⁷¹

279 2927 700 2972 successorem
753 2907 1090 2970 Hadrianus
1145 2907 1385 2969 sibimet
1443 2907 1823 2988 destinasset,
1875 2911 2084 2971 euasit.
2160 2927 2342 2989 quare
2390 2908 2589 2972 Palma

465 3098 525 3154 1.
564 3099 813 3154 Pertinet
836 3099 915 3154 ad
945 3098 1182 3154 staiam'
1207 3099 1619 3168 expeditionem,
1648 3116 1759 3169 qua
1780 3099 2023 3168 primum
2043 3099 2375 3156 Decebalum
2400 3101 2589 3170 petii&

279 3173 444 3228 urben
479 3172 646 3227 iuxta
678 3187 735 3226 ee
777 3171 918 3225 sitae
951 3176 1084 3226 aunt
1117 3171 1182 3224 in
1217 3169 1318 3225 uia
1355 3169 1665 3226 Viminacio
1708 3172 1981 3227 Tibiscum
2018 3171 2255 3227 ducente.
2324 3171 2447 3228 Via.
2484 3173 2585 3228 To-

277 3243 532 3300 maachek
570 3242 1072 3313 Pauly-Wissowa
1108 3243 1148 3296 I
1178 3258 1221 3297 c.
1252 3245 1411 3297 1132.
1469 3243 1582 3296 III
1608 3259 1652 3298 c.
1683 3246 1809 3297 318.

463 3313 523 3369 1.
565 3313 848 3385 Oriyinem
882 3329 1042 3368 suam
1077 3313 1226 3368 eolus
1260 3313 1598 3368 Hadrianus
1634 3331 1702 3368 ex
1736 3314 1913 3370 Italia
1948 3315 2157 3383 repetit.

461 3384 524 3440 2.
565 3385 649 3452 Of.
679 3385 845 3440 inser.
879 3384 935 3440 Ο.
964 3384 1013 3438 Ι.
1043 3383 1112 3438 L.
1142 3385 1254 3439 HI
1275 3387 1382 3440 550
1410 3401 1471 3454 p.
1503 3389 1613 3439 102
1650 3384 1935 3454 quaestori
1971 3384 2326 3455 imperatoris
2354 3385 2586 3442 Traiani

277 3460 338 3514 et
377 3455 578 3514 comiti
615 3453 994 3526 expeditionis
1030 3453 1292 3523 Dacicae,
1331 3455 1492 3510 donis
1529 3455 1871 3511 militaribus
1910 3455 1983 3510 ab
2020 3473 2086 3511 eo
2124 3455 2333 3512 donato
2370 3456 2473 3514 bis.

460 3526 523 3583 4.
565 3529 648 3596 Of.
681 3531 734 3594 5,
763 3532 800 3582 6
846 3525 1106 3595 quamuis
1143 3525 1401 3582 Crassum
1446 3530 1647 3598 postea
1732 3531 2021 3582 rocurator
2054 3543 2341 3598 egressum
2377 3529 2583 3596 insula,

275 3599 448 3672 quasi
475 3615 566 3654 res
592 3614 772 3655 nouas
800 3597 1108 3665 moliretur,
1137 3596 1352 3652 iniusso
1389 3598 1510 3653 eins
1548 3599 1667 3653 occi
1690 3597 1833 3668 ‚erit
1891 3604 1943 3666 7,
1970 3604 2007 3654 4
2042 3599 2103 3654 in
2130 3602 2331 3656 senatu
2358 3617 2582 3670 quoque

466 3776 534 3864 l,
576 3787 632 3844 1.
671 3783 1008 3844 docicorum
1035 3782 1215 3859 Sana.
1235 3783 1429 3859 Σαμᾶ.
1449 3785 1716 3844 Karolir.
1832 3785 1985 3846 unde
2014 3787 2225 3847 Bamb.
2355 3789 2412 3848 2.
2448 3787 2580 3848 ber-

275 3875 498 3936 zomim
541 3871 777 3934 Amien.
822 3872 1126 3933 berzobini
1161 3873 1424 3932 Karolir.
1471 3873 1787 3935 bertobuni
1822 3875 2019 3951 Luyd.
2046 3877 2255 3937 Karol.
2294 3876 2581 3940 Bersouia

275 3967 342 4025 in
369 3965 490 4024 tab.
507 3963 776 4038 Pomm.
912 3962 1006 4022 azi
1037 3960 1272 4023 Amen.
1319 3963 1430 4023 aifi
1463 3963 1729 4039 Sanyall.
1757 3965 1951 4038 Luqd.
1998 3963 2141 4024 iji
2176 3967 2303 4026 edd.
2349 3965 2580 4040 Αὶζισις

275 4053 519 4115 Ptolem.
545 4051 674 4111 III
707 4053 766 4122 8,
797 4055 838 4112 4
885 4051 1081 4112 ahihis
1116 4054 1186 4111 v‘n
1219 4053 1334 4112 tab.
1361 4052 1524 4113 Peut.
1688 4056 2051 4130 procesimus
2076 4055 2286 4116 Karol.
2333 4075 2579 4134 propro-

277 4145 534 4204 cesimus
567 4139 750 4216 Saena.

462 4223 529 4310 l,
579 4231 637 4290 5.
685 4224 989 4309 Italicam]
1025 4232 1092 4290 in
1118 4229 1369 4305 Κωζαι.)
1417 4249 1449 4290 c
1485 4249 1639 4294 eras.
1854 4233 1915 4296 8.
1960 4232 2241 4292 Dacicum
2280 4235 2348 4292 in
2374 4233 2440 4293 P.
2488 4236 2577 4294 cic

274 4323 340 4381 in
377 4339 500 4383 ras.
681 4319 744 4379 in
791 4319 1190 4380 familiaribus
1227 4319 1475 4394 Lipsius
