<?xml version="1.0" encoding="UTF-8"?>
<!DOCTYPE html PUBLIC "-//W3C//DTD XHTML 1.0 Transitional//EN"
    "http://www.w3.org/TR/xhtml1/DTD/xhtml1-transitional.dtd">
<html xmlns="http://www.w3.org/1999/xhtml" xml:lang="en" lang="en">
 <head>
  <title>
</title>
<meta http-equiv="Content-Type" content="text/html;charset=utf-8" />
  <meta name='ocr-system' content='tesseract 3.04.00' />
  <meta name='ocr-capabilities' content='ocr_page ocr_carea ocr_par ocr_line ocrx_word'/>
</head>
<body>
  <div class='ocr_page' id='page_1' title='image "./historicorvmrom00petegoog_0160.png"; bbox 0 0 3234 5034; ppageno 0'>
   <div class='ocr_carea' id='block_1_1' title="bbox 1039 275 2588 334">
    <p class='ocr_par' dir='ltr' id='par_1_1' title="bbox 1039 275 2588 334">
     <span class='ocr_line' id='line_1_1' title="bbox 1039 275 2588 334; baseline 0 -2"><span class='ocrx_word' id='word_1_1' title='bbox 1039 275 1094 332; x_wconf 87' lang='lat' dir='ltr'><strong>C.</strong></span> <span class='ocrx_word' id='word_1_2' title='bbox 1134 275 1418 332; x_wconf 78' lang='lat' dir='ltr'><strong>PLINIVS</strong></span> <span class='ocrx_word' id='word_1_3' title='bbox 1457 277 1835 334; x_wconf 74' lang='lat' dir='ltr'>SECVNDVS</span> <span class='ocrx_word' id='word_1_4' title='bbox 2196 283 2588 332; x_wconf 85' lang='lat' dir='ltr'><strong>cxxxxvun</strong></span> 
     </span>
    </p>
   </div>
   <div class='ocr_carea' id='block_1_2' title="bbox 271 445 2585 3969">
    <p class='ocr_par' dir='ltr' id='par_1_2' title="bbox 271 445 2585 2697">
     <span class='ocr_line' id='line_1_2' title="bbox 457 445 2585 530; baseline 0.002 -24"><span class='ocrx_word' id='word_1_5' title='bbox 457 445 814 508; x_wconf 77' lang='lat' dir='ltr'><strong>citauerunt</strong></span> <span class='ocrx_word' id='word_1_6' title='bbox 860 452 1060 507; x_wconf 84' lang='lat' dir='ltr'><strong>tamen</strong></span> <span class='ocrx_word' id='word_1_7' title='bbox 1108 463 1176 506; x_wconf 86' lang='lat' dir='ltr'><strong>ea</strong></span> <span class='ocrx_word' id='word_1_8' title='bbox 1222 445 1334 507; x_wconf 90' lang='lat' dir='ltr'><strong>soli</strong></span> <span class='ocrx_word' id='word_1_9' title='bbox 1382 445 1703 508; x_wconf 73' lang='lat' dir='ltr'>Suetonius</span> <span class='ocrx_word' id='word_1_10' title='bbox 1750 453 1927 527; x_wconf 90' lang='lat' dir='ltr'><strong>atque</strong></span> <span class='ocrx_word' id='word_1_11' title='bbox 1966 447 2209 510; x_wconf 83' lang='lat' dir='ltr'><strong>Tacitus</strong></span> <span class='ocrx_word' id='word_1_12' title='bbox 2245 449 2425 530; x_wconf 88' lang='lat' dir='ltr'><strong>idque</strong></span> <span class='ocrx_word' id='word_1_13' title='bbox 2464 452 2585 511; x_wconf 91' lang='lat' dir='ltr'><strong>sin-</strong></span> 
     </span>
     <span class='ocr_line' id='line_1_3' title="bbox 280 544 2585 630; baseline 0.002 -24"><span class='ocrx_word' id='word_1_14' title='bbox 280 545 438 626; x_wconf 77' lang='lat' dir='ltr'><strong>gulis</strong></span> <span class='ocrx_word' id='word_1_15' title='bbox 483 545 664 624; x_wconf 88' lang='lat' dir='ltr'><strong>locis,</strong></span> <span class='ocrx_word' id='word_1_16' title='bbox 720 563 976 624; x_wconf 86' lang='lat' dir='ltr'><strong>quorum</strong></span> <span class='ocrx_word' id='word_1_17' title='bbox 1023 544 1124 606; x_wconf 88' lang='lat' dir='ltr'><strong>ille</strong></span> <span class='ocrx_word' id='word_1_18' title='bbox 1171 562 1291 606; x_wconf 91' lang='lat' dir='ltr'><strong>non</strong></span> <span class='ocrx_word' id='word_1_19' title='bbox 1335 544 1571 625; x_wconf 87' lang='lat' dir='ltr'><strong>habuit,</strong></span> <span class='ocrx_word' id='word_1_20' title='bbox 1626 563 1737 606; x_wconf 90' lang='lat' dir='ltr'><strong>cur</strong></span> <span class='ocrx_word' id='word_1_21' title='bbox 1790 565 1892 608; x_wconf 87' lang='lat' dir='ltr'><strong>eos</strong></span> <span class='ocrx_word' id='word_1_22' title='bbox 1948 549 2185 627; x_wconf 85' lang='lat' dir='ltr'><strong>saepius</strong></span> <span class='ocrx_word' id='word_1_23' title='bbox 2243 550 2585 630; x_wconf 75' lang='lat' dir='ltr'><strong>inspiceret,</strong></span> 
     </span>
     <span class='ocr_line' id='line_1_4' title="bbox 277 641 2584 724; baseline 0.001 -18"><span class='ocrx_word' id='word_1_24' title='bbox 277 643 468 706; x_wconf 88' lang='lat' dir='ltr'><strong>multo</strong></span> <span class='ocrx_word' id='word_1_25' title='bbox 515 645 708 723; x_wconf 81' lang='lat' dir='ltr'><strong>magis</strong></span> <span class='ocrx_word' id='word_1_26' title='bbox 753 642 870 722; x_wconf 84' lang='lat' dir='ltr'><strong>hic,</strong></span> <span class='ocrx_word' id='word_1_27' title='bbox 918 645 1022 723; x_wconf 92' lang='lat' dir='ltr'><strong>qui</strong></span> <span class='ocrx_word' id='word_1_28' title='bbox 1066 642 1222 704; x_wconf 90' lang='lat' dir='ltr'><strong>bella</strong></span> <span class='ocrx_word' id='word_1_29' title='bbox 1269 641 1618 706; x_wconf 88' lang='lat' dir='ltr'><strong>Germanica</strong></span> <span class='ocrx_word' id='word_1_30' title='bbox 1675 646 1737 704; x_wconf 92' lang='lat' dir='ltr'><strong>in</strong></span> <span class='ocrx_word' id='word_1_31' title='bbox 1794 647 2005 724; x_wconf 86' lang='lat' dir='ltr'><strong>primis</strong></span> <span class='ocrx_word' id='word_1_32' title='bbox 2062 646 2363 708; x_wconf 89' lang='lat' dir='ltr'><strong>annalium</strong></span> <span class='ocrx_word' id='word_1_33' title='bbox 2412 646 2584 708; x_wconf 86' lang='lat' dir='ltr'><strong>libris</strong></span> 
     </span>
     <span class='ocr_line' id='line_1_5' title="bbox 277 731 2584 822; baseline 0.001 -18"><span class='ocrx_word' id='word_1_34' title='bbox 277 750 442 805; x_wconf 87' lang='lat' dir='ltr'><strong>tanto</strong></span> <span class='ocrx_word' id='word_1_35' title='bbox 507 741 710 803; x_wconf 86' lang='lat' dir='ltr'><strong>studio</strong></span> <span class='ocrx_word' id='word_1_36' title='bbox 775 743 1104 822; x_wconf 88' lang='lat' dir='ltr'><strong>enarrauit,</strong></span> <span class='ocrx_word' id='word_1_37' title='bbox 1177 751 1246 804; x_wconf 92' lang='lat' dir='ltr'><strong>ut</strong></span> <span class='ocrx_word' id='word_1_38' title='bbox 1309 744 1614 804; x_wconf 88' lang='lat' dir='ltr'><strong>tristitiam</strong></span> <span class='ocrx_word' id='word_1_39' title='bbox 1680 760 1882 805; x_wconf 89' lang='lat' dir='ltr'><strong>rerum</strong></span> <span class='ocrx_word' id='word_1_40' title='bbox 1944 743 2345 806; x_wconf 90' lang='lat' dir='ltr'><strong>Romanarum</strong></span> <span class='ocrx_word' id='word_1_41' title='bbox 2410 731 2584 808; x_wconf 70' lang='lat' dir='ltr'><strong>laude</strong></span> 
     </span>
     <span class='ocr_line' id='line_1_6' title="bbox 271 839 2585 921; baseline 0.001 -19"><span class='ocrx_word' id='word_1_42' title='bbox 271 840 492 902; x_wconf 89' lang='lat' dir='ltr'><strong>bellica</strong></span> <span class='ocrx_word' id='word_1_43' title='bbox 541 839 882 901; x_wconf 76' lang='lat' dir='ltr'><strong>Germanici</strong></span> <span class='ocrx_word' id='word_1_44' title='bbox 939 839 1240 901; x_wconf 76' lang='lat' dir='ltr'><strong>hilararet.</strong></span> <span class='ocrx_word' id='word_1_45' title='bbox 1331 842 1667 921; x_wconf 84' lang='lat' dir='ltr'><strong>quaeritur,</strong></span> <span class='ocrx_word' id='word_1_46' title='bbox 1721 847 1923 904; x_wconf 87' lang='lat' dir='ltr'><strong>utrum</strong></span> <span class='ocrx_word' id='word_1_47' title='bbox 1978 841 2279 905; x_wconf 79' lang='lat' dir='ltr'><strong>Aufidium</strong></span> <span class='ocrx_word' id='word_1_48' title='bbox 2333 843 2585 905; x_wconf 88' lang='lat' dir='ltr'><strong>Bassum</strong></span> 
     </span>
     <span class='ocr_line' id='line_1_7' title="bbox 275 938 2583 1019; baseline 0.001 -19"><span class='ocrx_word' id='word_1_49' title='bbox 275 958 350 1001; x_wconf 89' lang='lat' dir='ltr'><strong>an</strong></span> <span class='ocrx_word' id='word_1_50' title='bbox 417 939 680 1000; x_wconf 89' lang='lat' dir='ltr'><strong>Plinium</strong></span> <span class='ocrx_word' id='word_1_51' title='bbox 747 940 918 1019; x_wconf 86' lang='lat' dir='ltr'><strong>sequi</strong></span> <span class='ocrx_word' id='word_1_52' title='bbox 983 939 1275 1000; x_wconf 85' lang='lat' dir='ltr'><strong>maluerit.</strong></span> <span class='ocrx_word' id='word_1_53' title='bbox 1369 946 1544 1018; x_wconf 84' lang='lat' dir='ltr'><strong>atque</strong></span> <span class='ocrx_word' id='word_1_54' title='bbox 1607 938 1787 1000; x_wconf 88' lang='lat' dir='ltr'><strong>Fabia</strong></span> <span class='ocrx_word' id='word_1_55' title='bbox 1848 940 2087 1019; x_wconf 90' lang='lat' dir='ltr'><strong>quidem</strong></span> <span class='ocrx_word' id='word_1_56' title='bbox 2154 943 2237 1019; x_wconf 83' lang='lat' dir='ltr'><strong>(p.</strong></span> <span class='ocrx_word' id='word_1_57' title='bbox 2278 943 2410 1003; x_wconf 85' lang='grc'><strong>407</strong></span> <span class='ocrx_word' id='word_1_58' title='bbox 2425 945 2583 1019; x_wconf 75' lang='lat' dir='ltr'><strong>sqq.)</strong></span> 
     </span>
     <span class='ocr_line' id='line_1_8' title="bbox 275 1036 2583 1118; baseline 0.002 -20"><span class='ocrx_word' id='word_1_59' title='bbox 275 1037 446 1100; x_wconf 92' lang='lat' dir='ltr'><strong>illum</strong></span> <span class='ocrx_word' id='word_1_60' title='bbox 494 1039 558 1100; x_wconf 90' lang='lat' dir='ltr'><strong>in</strong></span> <span class='ocrx_word' id='word_1_61' title='bbox 603 1039 800 1118; x_wconf 82' lang='lat' dir='ltr'><strong>primo</strong></span> <span class='ocrx_word' id='word_1_62' title='bbox 847 1036 978 1098; x_wconf 86' lang='lat' dir='ltr'><strong>loco</strong></span> <span class='ocrx_word' id='word_1_63' title='bbox 1023 1036 1310 1116; x_wconf 89' lang='lat' dir='ltr'><strong>habitum,</strong></span> <span class='ocrx_word' id='word_1_64' title='bbox 1357 1036 1616 1099; x_wconf 86' lang='lat' dir='ltr'><strong>Plinium</strong></span> <span class='ocrx_word' id='word_1_65' title='bbox 1663 1039 1727 1098; x_wconf 88' lang='lat' dir='ltr'><strong>in</strong></span> <span class='ocrx_word' id='word_1_66' title='bbox 1766 1036 2097 1100; x_wconf 88' lang='lat' dir='ltr'><strong>subsidium</strong></span> <span class='ocrx_word' id='word_1_67' title='bbox 2134 1047 2411 1102; x_wconf 89' lang='lat' dir='ltr'><strong>uocatum</strong></span> <span class='ocrx_word' id='word_1_68' title='bbox 2450 1059 2583 1102; x_wconf 89' lang='lat' dir='ltr'><strong>esse</strong></span> 
     </span>
     <span class='ocr_line' id='line_1_9' title="bbox 273 1137 2584 1218; baseline 0.001 -20"><span class='ocrx_word' id='word_1_69' title='bbox 273 1144 504 1216; x_wconf 87' lang='lat' dir='ltr'><strong>censet,</strong></span> <span class='ocrx_word' id='word_1_70' title='bbox 533 1155 670 1197; x_wconf 89' lang='lat' dir='ltr'><strong>nam</strong></span> <span class='ocrx_word' id='word_1_71' title='bbox 709 1139 788 1198; x_wconf 90' lang='lat' dir='ltr'><strong>ita</strong></span> <span class='ocrx_word' id='word_1_72' title='bbox 829 1154 962 1197; x_wconf 89' lang='lat' dir='ltr'><strong>esse</strong></span> <span class='ocrx_word' id='word_1_73' title='bbox 1001 1154 1137 1196; x_wconf 90' lang='lat' dir='ltr'><strong>eum</strong></span> <span class='ocrx_word' id='word_1_74' title='bbox 1177 1137 1440 1210; x_wconf 88' lang='lat' dir='ltr'><strong>citatum,</strong></span> <span class='ocrx_word' id='word_1_75' title='bbox 1470 1145 1536 1198; x_wconf 90' lang='lat' dir='ltr'><strong>ut</strong></span> <span class='ocrx_word' id='word_1_76' title='bbox 1563 1154 1783 1198; x_wconf 90' lang='lat' dir='ltr'><strong>nomen</strong></span> <span class='ocrx_word' id='word_1_77' title='bbox 1812 1139 1943 1198; x_wconf 89' lang='lat' dir='ltr'><strong>eius</strong></span> <span class='ocrx_word' id='word_1_78' title='bbox 1972 1145 2175 1217; x_wconf 83' lang='lat' dir='ltr'><strong>postea</strong></span> <span class='ocrx_word' id='word_1_79' title='bbox 2205 1141 2433 1200; x_wconf 80' lang='lat' dir='ltr'><strong>auctori</strong></span> <span class='ocrx_word' id='word_1_80' title='bbox 2462 1142 2584 1218; x_wconf 90' lang='lat' dir='ltr'><strong>pri-</strong></span> 
     </span>
     <span class='ocr_line' id='line_1_10' title="bbox 271 1231 2583 1318; baseline 0.001 -21"><span class='ocrx_word' id='word_1_81' title='bbox 271 1235 468 1297; x_wconf 87' lang='lat' dir='ltr'><strong>mario</strong></span> <span class='ocrx_word' id='word_1_82' title='bbox 523 1234 792 1296; x_wconf 88' lang='lat' dir='ltr'><strong>additum</strong></span> <span class='ocrx_word' id='word_1_83' title='bbox 839 1253 972 1296; x_wconf 86' lang='lat' dir='ltr'><strong>esse</strong></span> <span class='ocrx_word' id='word_1_84' title='bbox 1023 1240 1354 1314; x_wconf 84' lang='lat' dir='ltr'><strong>appareret.</strong></span> <span class='ocrx_word' id='word_1_85' title='bbox 1429 1242 1487 1296; x_wconf 87' lang='lat' dir='ltr'><strong>at</strong></span> <span class='ocrx_word' id='word_1_86' title='bbox 1533 1231 1848 1296; x_wconf 78' lang='lat' dir='ltr'><strong>‘infantem</strong></span> <span class='ocrx_word' id='word_1_87' title='bbox 1895 1237 1959 1296; x_wconf 91' lang='lat' dir='ltr'><strong>in</strong></span> <span class='ocrx_word' id='word_1_88' title='bbox 2005 1238 2219 1298; x_wconf 85' lang='lat' dir='ltr'><strong>castris</strong></span> <span class='ocrx_word' id='word_1_89' title='bbox 2264 1239 2533 1316; x_wconf 85' lang='lat' dir='ltr'><strong>genitum</strong></span> <span class='ocrx_word' id='word_1_90' title='bbox 2551 1233 2583 1318; x_wconf 92' lang='lat'><strong>&#39;‚</strong></span> 
     </span>
     <span class='ocr_line' id='line_1_11' title="bbox 273 1325 2583 1419; baseline 0.002 -25"><span class='ocrx_word' id='word_1_91' title='bbox 273 1351 456 1414; x_wconf 86' lang='lat' dir='ltr'><strong>quem</strong></span> <span class='ocrx_word' id='word_1_92' title='bbox 485 1333 730 1396; x_wconf 82' lang='lat' dir='ltr'><strong>Tacitus</strong></span> <span class='ocrx_word' id='word_1_93' title='bbox 769 1335 834 1394; x_wconf 91' lang='lat' dir='ltr'><strong>in</strong></span> <span class='ocrx_word' id='word_1_94' title='bbox 869 1335 1211 1394; x_wconf 87' lang='lat' dir='ltr'><strong>narratione</strong></span> <span class='ocrx_word' id='word_1_95' title='bbox 1252 1325 1422 1417; x_wconf 88' lang='lat' dir='ltr'><strong>(anni</strong></span> <span class='ocrx_word' id='word_1_96' title='bbox 1454 1327 1724 1414; x_wconf 72' lang='lat' dir='ltr'><strong>14J767,</strong></span> <span class='ocrx_word' id='word_1_97' title='bbox 1755 1352 1897 1396; x_wconf 83' lang='lat' dir='ltr'><strong>ann.</strong></span> <span class='ocrx_word' id='word_1_98' title='bbox 1928 1334 1970 1394; x_wconf 93' lang='lat' dir='ltr'><em>I</em></span> <span class='ocrx_word' id='word_1_99' title='bbox 1997 1329 2115 1419; x_wconf 89' lang='grc'><strong>41)</strong></span> <span class='ocrx_word' id='word_1_100' title='bbox 2154 1335 2402 1415; x_wconf 81' lang='lat' dir='ltr'><strong>inducit,</strong></span> <span class='ocrx_word' id='word_1_101' title='bbox 2444 1355 2583 1398; x_wconf 84' lang='lat' dir='ltr'><strong>cum</strong></span> 
     </span>
     <span class='ocr_line' id='line_1_12' title="bbox 273 1429 2582 1515; baseline 0.001 -21"><span class='ocrx_word' id='word_1_102' title='bbox 273 1432 472 1494; x_wconf 87' lang='lat' dir='ltr'><strong>Plinio</strong></span> <span class='ocrx_word' id='word_1_103' title='bbox 519 1432 630 1510; x_wconf 82' lang='lat' dir='ltr'><strong>(fr.</strong></span> <span class='ocrx_word' id='word_1_104' title='bbox 667 1432 740 1507; x_wconf 86' lang='lat'><strong>2)</strong></span> <span class='ocrx_word' id='word_1_105' title='bbox 787 1450 908 1494; x_wconf 87' lang='lat' dir='ltr'><strong>non</strong></span> <span class='ocrx_word' id='word_1_106' title='bbox 947 1429 1290 1510; x_wconf 84' lang='lat' dir='ltr'><strong>discrepare</strong></span> <span class='ocrx_word' id='word_1_107' title='bbox 1337 1430 1667 1494; x_wconf 84' lang='lat' dir='ltr'><strong>Mommsen</strong></span> <span class='ocrx_word' id='word_1_108' title='bbox 1714 1433 1916 1493; x_wconf 85' lang='lat' dir='ltr'><strong>Herm.</strong></span> <span class='ocrx_word' id='word_1_109' title='bbox 1945 1434 2126 1494; x_wconf 80' lang='lat' dir='ltr'><em>XIII</em></span> <span class='ocrx_word' id='word_1_110' title='bbox 2156 1433 2288 1495; x_wconf 83' lang='grc'><strong>248</strong></span> <span class='ocrx_word' id='word_1_111' title='bbox 2333 1438 2582 1515; x_wconf 76' lang='lat' dir='ltr'><strong>monuit,</strong></span> 
     </span>
     <span class='ocr_line' id='line_1_13' title="bbox 273 1529 2583 1610; baseline 0.001 -18"><span class='ocrx_word' id='word_1_112' title='bbox 273 1549 390 1592; x_wconf 91' lang='lat' dir='ltr'><strong>nec</strong></span> <span class='ocrx_word' id='word_1_113' title='bbox 437 1533 570 1592; x_wconf 86' lang='lat' dir='ltr'><strong>sine</strong></span> <span class='ocrx_word' id='word_1_114' title='bbox 609 1549 788 1592; x_wconf 86' lang='lat' dir='ltr'><strong>causa</strong></span> <span class='ocrx_word' id='word_1_115' title='bbox 825 1529 1067 1592; x_wconf 81' lang='lat' dir='ltr'><strong>Tacitus</strong></span> <span class='ocrx_word' id='word_1_116' title='bbox 1105 1532 1168 1591; x_wconf 91' lang='lat' dir='ltr'><strong>in</strong></span> <span class='ocrx_word' id='word_1_117' title='bbox 1205 1531 1396 1610; x_wconf 87' lang='lat' dir='ltr'><strong>prima</strong></span> <span class='ocrx_word' id='word_1_118' title='bbox 1435 1537 1496 1592; x_wconf 90' lang='lat' dir='ltr'><strong>et</strong></span> <span class='ocrx_word' id='word_1_119' title='bbox 1533 1529 1717 1590; x_wconf 89' lang='lat' dir='ltr'><strong>altera</strong></span> <span class='ocrx_word' id='word_1_120' title='bbox 1755 1529 1981 1592; x_wconf 85' lang='lat' dir='ltr'><strong>hexade</strong></span> <span class='ocrx_word' id='word_1_121' title='bbox 2019 1531 2317 1594; x_wconf 87' lang='lat' dir='ltr'><strong>annalium</strong></span> <span class='ocrx_word' id='word_1_122' title='bbox 2350 1529 2437 1594; x_wconf 79' lang='grc' dir='ltr'><strong>Ὃ.</strong></span> <span class='ocrx_word' id='word_1_123' title='bbox 2465 1534 2583 1596; x_wconf 90' lang='lat' dir='ltr'><strong>Pli-</strong></span> 
     </span>
     <span class='ocr_line' id='line_1_14' title="bbox 271 1623 2585 1710; baseline 0.001 -19"><span class='ocrx_word' id='word_1_124' title='bbox 271 1632 464 1710; x_wconf 77' lang='lat' dir='ltr'><strong>nium,</strong></span> <span class='ocrx_word' id='word_1_125' title='bbox 503 1629 995 1691; x_wconf 86' lang='lat' dir='ltr'><strong>Germanicorum</strong></span> <span class='ocrx_word' id='word_1_126' title='bbox 1033 1628 1324 1690; x_wconf 86' lang='lat' dir='ltr'><strong>bellorum</strong></span> <span class='ocrx_word' id='word_1_127' title='bbox 1363 1631 1721 1709; x_wconf 85' lang='lat' dir='ltr'><strong>scriptorem</strong></span> <span class='ocrx_word' id='word_1_128' title='bbox 1736 1623 1769 1705; x_wconf 91' lang='lat'><strong>&#39;‚</strong></span> <span class='ocrx_word' id='word_1_129' title='bbox 1807 1647 1995 1691; x_wconf 89' lang='lat' dir='ltr'><strong>unum</strong></span> <span class='ocrx_word' id='word_1_130' title='bbox 2033 1639 2335 1692; x_wconf 87' lang='lat' dir='ltr'><strong>auctorem</strong></span> <span class='ocrx_word' id='word_1_131' title='bbox 2376 1634 2585 1694; x_wconf 87' lang='lat' dir='ltr'><strong>citauit</strong></span> 
     </span>
     <span class='ocr_line' id='line_1_15' title="bbox 275 1725 2581 1810; baseline 0.001 -21"><span class='ocrx_word' id='word_1_132' title='bbox 275 1729 388 1807; x_wconf 82' lang='lat' dir='ltr'><strong>(fr.</strong></span> <span class='ocrx_word' id='word_1_133' title='bbox 423 1730 518 1803; x_wconf 85' lang='lat'><strong>3).</strong></span> <span class='ocrx_word' id='word_1_134' title='bbox 611 1735 776 1789; x_wconf 89' lang='lat' dir='ltr'><strong>certe</strong></span> <span class='ocrx_word' id='word_1_135' title='bbox 823 1726 983 1808; x_wconf 85' lang='lat' dir='ltr'><strong>quod</strong></span> <span class='ocrx_word' id='word_1_136' title='bbox 1029 1726 1170 1788; x_wconf 87' lang='lat' dir='ltr'><strong>inde</strong></span> <span class='ocrx_word' id='word_1_137' title='bbox 1217 1745 1250 1788; x_wconf 88' lang='lat' dir='ltr'><strong>a</strong></span> <span class='ocrx_word' id='word_1_138' title='bbox 1296 1725 1448 1788; x_wconf 87' lang='lat' dir='ltr'><strong>libro</strong></span> <span class='ocrx_word' id='word_1_139' title='bbox 1493 1726 1813 1789; x_wconf 90' lang='lat' dir='ltr'><strong>undecimo</strong></span> <span class='ocrx_word' id='word_1_140' title='bbox 1852 1727 2173 1810; x_wconf 89' lang='lat' dir='ltr'><strong>annalium,</strong></span> <span class='ocrx_word' id='word_1_141' title='bbox 2218 1728 2322 1791; x_wconf 91' lang='lat' dir='ltr'><strong>ubi</strong></span> <span class='ocrx_word' id='word_1_142' title='bbox 2361 1731 2581 1792; x_wconf 79' lang='lat' dir='ltr'><strong>Aufidii</strong></span> 
     </span>
     <span class='ocr_line' id='line_1_16' title="bbox 273 1823 2581 1907; baseline 0.002 -21"><span class='ocrx_word' id='word_1_143' title='bbox 273 1845 428 1906; x_wconf 89' lang='lat' dir='ltr'><strong>opus</strong></span> <span class='ocrx_word' id='word_1_144' title='bbox 489 1826 724 1906; x_wconf 87' lang='lat' dir='ltr'><strong>defecit,</strong></span> <span class='ocrx_word' id='word_1_145' title='bbox 788 1826 982 1888; x_wconf 89' lang='lat' dir='ltr'><strong>tribus</strong></span> <span class='ocrx_word' id='word_1_146' title='bbox 1047 1825 1196 1887; x_wconf 90' lang='lat' dir='ltr'><strong>locis</strong></span> <span class='ocrx_word' id='word_1_147' title='bbox 1261 1843 1358 1886; x_wconf 90' lang='lat' dir='ltr'><strong>res</strong></span> <span class='ocrx_word' id='word_1_148' title='bbox 1419 1823 1804 1887; x_wconf 88' lang='lat' dir='ltr'><strong>Germanicas</strong></span> <span class='ocrx_word' id='word_1_149' title='bbox 1866 1828 2063 1906; x_wconf 82' lang='lat' dir='ltr'><strong>tetigit</strong></span> <span class='ocrx_word' id='word_1_150' title='bbox 2124 1825 2264 1907; x_wconf 81' lang='lat' dir='ltr'><strong>(XI</strong></span> <span class='ocrx_word' id='word_1_151' title='bbox 2301 1829 2581 1892; x_wconf 83' lang='grc'><em>18-20.</em></span> 
     </span>
     <span class='ocr_line' id='line_1_17' title="bbox 274 1919 2582 2012; baseline 0.001 -26"><span class='ocrx_word' id='word_1_152' title='bbox 274 1926 420 1986; x_wconf 82' lang='lat' dir='ltr'><strong>XII</strong></span> <span class='ocrx_word' id='word_1_153' title='bbox 431 1924 716 1986; x_wconf 78' lang='lat'><strong>27—28.</strong></span> <span class='ocrx_word' id='word_1_154' title='bbox 745 1925 925 1985; x_wconf 81' lang='lat' dir='ltr'><em>XIII</em></span> <span class='ocrx_word' id='word_1_155' title='bbox 937 1925 1250 2000; x_wconf 84' lang='lat'><strong>53—57),</strong></span> <span class='ocrx_word' id='word_1_156' title='bbox 1283 1923 1512 1986; x_wconf 91' lang='lat' dir='ltr'><strong>duobus</strong></span> <span class='ocrx_word' id='word_1_157' title='bbox 1531 1943 1562 1985; x_wconf 91' lang='lat' dir='ltr'><strong>a</strong></span> <span class='ocrx_word' id='word_1_158' title='bbox 1581 1924 1839 1985; x_wconf 86' lang='lat' dir='ltr'><strong>Domitio</strong></span> <span class='ocrx_word' id='word_1_159' title='bbox 1861 1923 2195 1987; x_wconf 87' lang='lat' dir='ltr'><strong>Corbulone</strong></span> <span class='ocrx_word' id='word_1_160' title='bbox 2217 1919 2582 2012; x_wconf 81' lang='lat' dir='ltr'><strong>(a.47s800)</strong></span> 
     </span>
     <span class='ocr_line' id='line_1_18' title="bbox 274 2016 2581 2107; baseline 0.001 -22"><span class='ocrx_word' id='word_1_161' title='bbox 274 2031 338 2085; x_wconf 83' lang='lat' dir='ltr'><strong>et</strong></span> <span class='ocrx_word' id='word_1_162' title='bbox 381 2043 414 2084; x_wconf 91' lang='lat' dir='ltr'><strong>a</strong></span> <span class='ocrx_word' id='word_1_163' title='bbox 453 2023 514 2084; x_wconf 88' lang='lat' dir='ltr'><strong>P.</strong></span> <span class='ocrx_word' id='word_1_164' title='bbox 554 2022 878 2104; x_wconf 89' lang='lat' dir='ltr'><strong>Pomponio</strong></span> <span class='ocrx_word' id='word_1_165' title='bbox 926 2016 1226 2107; x_wconf 79' lang='lat' dir='ltr'>(50s803)</span> <span class='ocrx_word' id='word_1_166' title='bbox 1275 2029 1490 2102; x_wconf 84' lang='lat' dir='ltr'><strong>gestas,</strong></span> <span class='ocrx_word' id='word_1_167' title='bbox 1538 2029 1697 2084; x_wconf 81' lang='lat' dir='ltr'><strong>totus</strong></span> <span class='ocrx_word' id='word_1_168' title='bbox 1735 2022 1807 2084; x_wconf 86' lang='lat' dir='ltr'><strong>ad</strong></span> <span class='ocrx_word' id='word_1_169' title='bbox 1845 2023 2119 2102; x_wconf 89' lang='lat' dir='ltr'><strong>Plinium,</strong></span> <span class='ocrx_word' id='word_1_170' title='bbox 2164 2033 2231 2085; x_wconf 89' lang='lat' dir='ltr'><strong>ut</strong></span> <span class='ocrx_word' id='word_1_171' title='bbox 2278 2032 2581 2088; x_wconf 86' lang='lat' dir='ltr'><strong>auctorem</strong></span> 
     </span>
     <span class='ocr_line' id='line_1_19' title="bbox 275 2119 2581 2209; baseline 0.002 -27"><span class='ocrx_word' id='word_1_172' title='bbox 275 2121 515 2182; x_wconf 86' lang='lat' dir='ltr'><strong>illorum</strong></span> <span class='ocrx_word' id='word_1_173' title='bbox 561 2120 828 2182; x_wconf 89' lang='lat' dir='ltr'><strong>locorum</strong></span> <span class='ocrx_word' id='word_1_174' title='bbox 867 2123 1314 2201; x_wconf 86' lang='lat' dir='ltr'><strong>peritissimum,</strong></span> <span class='ocrx_word' id='word_1_175' title='bbox 1364 2121 1705 2200; x_wconf 79' lang='lat' dir='ltr'><strong>confugisse</strong></span> <span class='ocrx_word' id='word_1_176' title='bbox 1740 2119 2000 2209; x_wconf 83' lang='lat' dir='ltr'><strong>uidetur,</strong></span> <span class='ocrx_word' id='word_1_177' title='bbox 2048 2125 2403 2201; x_wconf 86' lang='lat' dir='ltr'><strong>praesertim</strong></span> <span class='ocrx_word' id='word_1_178' title='bbox 2444 2143 2581 2186; x_wconf 90' lang='lat' dir='ltr'><strong>cum</strong></span> 
     </span>
     <span class='ocr_line' id='line_1_20' title="bbox 277 2217 2579 2304; baseline 0.001 -23"><span class='ocrx_word' id='word_1_179' title='bbox 277 2219 350 2281; x_wconf 89' lang='lat' dir='ltr'><strong>de</strong></span> <span class='ocrx_word' id='word_1_180' title='bbox 411 2237 562 2300; x_wconf 87' lang='lat' dir='ltr'><strong>aqua</strong></span> <span class='ocrx_word' id='word_1_181' title='bbox 623 2219 778 2280; x_wconf 89' lang='lat' dir='ltr'><strong>salsa</strong></span> <span class='ocrx_word' id='word_1_182' title='bbox 837 2218 1185 2282; x_wconf 80' lang='lat' dir='ltr'><strong>ardentibus</strong></span> <span class='ocrx_word' id='word_1_183' title='bbox 1243 2218 1421 2298; x_wconf 79' lang='lat' dir='ltr'><strong>lignis</strong></span> <span class='ocrx_word' id='word_1_184' title='bbox 1467 2221 1530 2280; x_wconf 92' lang='lat' dir='ltr'><strong>in</strong></span> <span class='ocrx_word' id='word_1_185' title='bbox 1577 2217 1891 2280; x_wconf 86' lang='lat' dir='ltr'><strong>Germania</strong></span> <span class='ocrx_word' id='word_1_186' title='bbox 1940 2221 2135 2282; x_wconf 88' lang='lat' dir='ltr'><strong>infusa</strong></span> <span class='ocrx_word' id='word_1_187' title='bbox 2182 2229 2579 2304; x_wconf 82' lang='lat' dir='ltr'><strong>concretoque</strong></span> 
     </span>
     <span class='ocr_line' id='line_1_21' title="bbox 277 2317 2579 2398; baseline 0.002 -20"><span class='ocrx_word' id='word_1_188' title='bbox 277 2318 402 2380; x_wconf 84' lang='lat' dir='ltr'><strong>sale</strong></span> <span class='ocrx_word' id='word_1_189' title='bbox 441 2321 662 2380; x_wconf 89' lang='lat' dir='ltr'><strong>mirum</strong></span> <span class='ocrx_word' id='word_1_190' title='bbox 701 2320 766 2378; x_wconf 91' lang='lat' dir='ltr'><strong>in</strong></span> <span class='ocrx_word' id='word_1_191' title='bbox 803 2317 1044 2379; x_wconf 87' lang='lat' dir='ltr'><strong>modum</strong></span> <span class='ocrx_word' id='word_1_192' title='bbox 1083 2317 1324 2378; x_wconf 86' lang='lat' dir='ltr'><strong>Tacitus</strong></span> <span class='ocrx_word' id='word_1_193' title='bbox 1360 2318 1542 2378; x_wconf 80' lang='lat' dir='ltr'><em>XIII</em></span> <span class='ocrx_word' id='word_1_194' title='bbox 1570 2319 1658 2378; x_wconf 84' lang='lat'><strong>57</strong></span> <span class='ocrx_word' id='word_1_195' title='bbox 1696 2325 1755 2378; x_wconf 88' lang='lat' dir='ltr'><strong>et</strong></span> <span class='ocrx_word' id='word_1_196' title='bbox 1791 2317 2021 2380; x_wconf 88' lang='lat' dir='ltr'><strong>Plinius</strong></span> <span class='ocrx_word' id='word_1_197' title='bbox 2058 2319 2121 2379; x_wconf 86' lang='lat' dir='ltr'><strong>in</strong></span> <span class='ocrx_word' id='word_1_198' title='bbox 2158 2327 2278 2380; x_wconf 84' lang='lat' dir='ltr'><strong>nat.</strong></span> <span class='ocrx_word' id='word_1_199' title='bbox 2306 2319 2457 2382; x_wconf 85' lang='lat' dir='ltr'><strong>hist..</strong></span> <span class='ocrx_word' id='word_1_200' title='bbox 2474 2323 2579 2398; x_wconf 87' lang='lat'><strong>31,</strong></span> 
     </span>
     <span class='ocr_line' id='line_1_22' title="bbox 275 2413 2580 2497; baseline 0.001 -19"><span class='ocrx_word' id='word_1_201' title='bbox 275 2417 363 2478; x_wconf 83' lang='lat'><strong>82</strong></span> <span class='ocrx_word' id='word_1_202' title='bbox 401 2417 836 2497; x_wconf 85' lang='lat' dir='ltr'><strong>consentirent3</strong></span> <span class='ocrx_word' id='word_1_203' title='bbox 875 2417 974 2478; x_wconf 90' lang='lat' dir='ltr'><strong>hic</strong></span> <span class='ocrx_word' id='word_1_204' title='bbox 1021 2423 1218 2478; x_wconf 90' lang='lat' dir='ltr'><strong>autem</strong></span> <span class='ocrx_word' id='word_1_205' title='bbox 1265 2417 1318 2476; x_wconf 92' lang='lat' dir='ltr'><strong>si</strong></span> <span class='ocrx_word' id='word_1_206' title='bbox 1367 2417 1422 2476; x_wconf 92' lang='lat' dir='ltr'><strong>ei</strong></span> <span class='ocrx_word' id='word_1_207' title='bbox 1469 2415 1633 2476; x_wconf 89' lang='lat' dir='ltr'><strong>solus</strong></span> <span class='ocrx_word' id='word_1_208' title='bbox 1670 2418 1734 2476; x_wconf 89' lang='lat' dir='ltr'><strong>in</strong></span> <span class='ocrx_word' id='word_1_209' title='bbox 1772 2413 1953 2478; x_wconf 89' lang='lat' dir='ltr'><strong>rebus</strong></span> <span class='ocrx_word' id='word_1_210' title='bbox 1991 2415 2365 2480; x_wconf 87' lang='lat' dir='ltr'><strong>Germanicis</strong></span> <span class='ocrx_word' id='word_1_211' title='bbox 2402 2420 2580 2482; x_wconf 90' lang='lat' dir='ltr'><strong>huius</strong></span> 
     </span>
     <span class='ocr_line' id='line_1_23' title="bbox 275 2509 2579 2598; baseline 0.001 -22"><span class='ocrx_word' id='word_1_212' title='bbox 275 2511 466 2595; x_wconf 79' lang='lat' dir='ltr'><strong>partis</strong></span> <span class='ocrx_word' id='word_1_213' title='bbox 511 2513 816 2576; x_wconf 88' lang='lat' dir='ltr'><strong>annalium</strong></span> <span class='ocrx_word' id='word_1_214' title='bbox 862 2515 997 2576; x_wconf 89' lang='lat' dir='ltr'><strong>fons</strong></span> <span class='ocrx_word' id='word_1_215' title='bbox 1045 2515 1171 2594; x_wconf 91' lang='lat' dir='ltr'><strong>fuit,</strong></span> <span class='ocrx_word' id='word_1_216' title='bbox 1216 2533 1406 2594; x_wconf 89' lang='lat' dir='ltr'><strong>usque</strong></span> <span class='ocrx_word' id='word_1_217' title='bbox 1453 2513 1528 2576; x_wconf 90' lang='lat' dir='ltr'><strong>ad</strong></span> <span class='ocrx_word' id='word_1_218' title='bbox 1575 2531 1762 2575; x_wconf 90' lang='lat' dir='ltr'><strong>annos</strong></span> <span class='ocrx_word' id='word_1_219' title='bbox 1810 2509 2047 2596; x_wconf 79' lang='lat' dir='ltr'><em>55s808</em></span> <span class='ocrx_word' id='word_1_220' title='bbox 2095 2516 2191 2577; x_wconf 90' lang='lat' dir='ltr'><strong>uel</strong></span> <span class='ocrx_word' id='word_1_221' title='bbox 2230 2512 2465 2598; x_wconf 81' lang='lat' dir='ltr'>58s811</span> <span class='ocrx_word' id='word_1_222' title='bbox 2516 2521 2579 2579; x_wconf 91' lang='lat' dir='ltr'><strong>in</strong></span> 
     </span>
     <span class='ocr_line' id='line_1_24' title="bbox 275 2607 998 2697; baseline -0.001 -23"><span class='ocrx_word' id='word_1_223' title='bbox 275 2612 596 2674; x_wconf 87' lang='lat' dir='ltr'><strong>scribendo</strong></span> <span class='ocrx_word' id='word_1_224' title='bbox 643 2607 998 2697; x_wconf 61' lang='lat' dir='ltr'><strong>perueniffl)</strong></span> 
     </span>
    </p>

    <p class='ocr_par' dir='ltr' id='par_1_3' title="bbox 273 2710 2579 3969">
     <span class='ocr_line' id='line_1_25' title="bbox 455 2710 2579 2791; baseline 0.002 -20"><span class='ocrx_word' id='word_1_225' title='bbox 455 2711 737 2772; x_wconf 89' lang='lat' dir='ltr'><strong>Vltimum</strong></span> <span class='ocrx_word' id='word_1_226' title='bbox 787 2729 964 2791; x_wconf 77' lang='lat' dir='ltr'><strong>opuS,</strong></span> <span class='ocrx_word' id='word_1_227' title='bbox 1020 2713 1368 2791; x_wconf 86' lang='lat' dir='ltr'><strong>priusquam</strong></span> <span class='ocrx_word' id='word_1_228' title='bbox 1415 2710 1486 2771; x_wconf 92' lang='lat' dir='ltr'><strong>ad</strong></span> <span class='ocrx_word' id='word_1_229' title='bbox 1535 2711 1865 2773; x_wconf 87' lang='lat' dir='ltr'><strong>naturalem</strong></span> <span class='ocrx_word' id='word_1_230' title='bbox 1913 2712 2223 2774; x_wconf 87' lang='lat' dir='ltr'><strong>historiam</strong></span> <span class='ocrx_word' id='word_1_231' title='bbox 2270 2733 2335 2775; x_wconf 89' lang='lat' dir='ltr'><strong>se</strong></span> <span class='ocrx_word' id='word_1_232' title='bbox 2383 2719 2579 2778; x_wconf 88' lang='lat' dir='ltr'><strong>accin-</strong></span> 
     </span>
     <span class='ocr_line' id='line_1_26' title="bbox 273 2806 2579 2894; baseline 0.002 -23"><span class='ocrx_word' id='word_1_233' title='bbox 273 2819 460 2890; x_wconf 84' lang='lat' dir='ltr'><strong>geret,</strong></span> <span class='ocrx_word' id='word_1_234' title='bbox 499 2811 837 2890; x_wconf 83' lang='lat' dir='ltr'><strong>composuit</strong></span> <span class='ocrx_word' id='word_1_235' title='bbox 875 2808 1060 2871; x_wconf 91' lang='lat' dir='ltr'><strong>libros</strong></span> <span class='ocrx_word' id='word_1_236' title='bbox 1099 2806 1169 2869; x_wconf 73' lang='lat' dir='ltr'><strong>‘A</strong></span> <span class='ocrx_word' id='word_1_237' title='bbox 1215 2810 1368 2870; x_wconf 84' lang='lat' dir='ltr'><strong>fine</strong></span> <span class='ocrx_word' id='word_1_238' title='bbox 1403 2808 1681 2870; x_wconf 78' lang='lat' dir='ltr'><strong>Aufidii</strong></span> <span class='ocrx_word' id='word_1_239' title='bbox 1719 2810 1935 2871; x_wconf 90' lang='lat' dir='ltr'><strong>Bassi.</strong></span> <span class='ocrx_word' id='word_1_240' title='bbox 1962 2813 2266 2890; x_wconf 85' lang='lat' dir='ltr'><strong>triginta</strong></span> <span class='ocrx_word' id='word_1_241' title='bbox 2313 2811 2579 2894; x_wconf 90' lang='lat' dir='ltr'><strong>unum’,</strong></span> 
     </span>
     <span class='ocr_line' id='line_1_27' title="bbox 275 2902 2579 2994; baseline 0.002 -26"><span class='ocrx_word' id='word_1_242' title='bbox 275 2908 494 2989; x_wconf 82' lang='lat' dir='ltr'><strong>quibus</strong></span> <span class='ocrx_word' id='word_1_243' title='bbox 541 2908 860 2970; x_wconf 83' lang='lat' dir='ltr'><strong>historiam</strong></span> <span class='ocrx_word' id='word_1_244' title='bbox 900 2907 972 2968; x_wconf 89' lang='lat' dir='ltr'><strong>ab</strong></span> <span class='ocrx_word' id='word_1_245' title='bbox 1011 2925 1173 2990; x_wconf 87' lang='lat' dir='ltr'><strong>anno</strong></span> <span class='ocrx_word' id='word_1_246' title='bbox 1219 2903 1364 2988; x_wconf 65' lang='lat' dir='ltr'><strong>32ss</strong></span> <span class='ocrx_word' id='word_1_247' title='bbox 1372 2902 1462 2968; x_wconf 84' lang='lat'><strong>85·</strong></span> <span class='ocrx_word' id='word_1_248' title='bbox 1513 2924 1705 2988; x_wconf 86' lang='lat' dir='ltr'><strong>usque</strong></span> <span class='ocrx_word' id='word_1_249' title='bbox 1762 2907 1835 2969; x_wconf 91' lang='lat' dir='ltr'><strong>ad</strong></span> <span class='ocrx_word' id='word_1_250' title='bbox 1892 2928 2001 2970; x_wconf 90' lang='lat' dir='ltr'><strong>sua</strong></span> <span class='ocrx_word' id='word_1_251' title='bbox 2044 2917 2311 2990; x_wconf 86' lang='lat' dir='ltr'><strong>tempora</strong></span> <span class='ocrx_word' id='word_1_252' title='bbox 2346 2904 2579 2994; x_wconf 82' lang='lat' dir='ltr'><strong>(usque</strong></span> 
     </span>
     <span class='ocr_line' id='line_1_28' title="bbox 275 3003 2579 3091; baseline 0.002 -25"><span class='ocrx_word' id='word_1_253' title='bbox 275 3005 350 3067; x_wconf 89' lang='lat' dir='ltr'><strong>ad</strong></span> <span class='ocrx_word' id='word_1_254' title='bbox 415 3007 782 3086; x_wconf 84' lang='lat' dir='ltr'><strong>triumphum</strong></span> <span class='ocrx_word' id='word_1_255' title='bbox 845 3007 1189 3086; x_wconf 84' lang='lat' dir='ltr'><strong>Vespasiani</strong></span> <span class='ocrx_word' id='word_1_256' title='bbox 1251 3025 1302 3066; x_wconf 91' lang='lat' dir='ltr'><strong>a.</strong></span> <span class='ocrx_word' id='word_1_257' title='bbox 1333 3003 1436 3066; x_wconf 52' lang='lat'><strong>11</strong></span> <span class='ocrx_word' id='word_1_258' title='bbox 1446 3003 1622 3088; x_wconf 69' lang='lat'><strong>,1824</strong></span> <span class='ocrx_word' id='word_1_259' title='bbox 1679 3016 1929 3068; x_wconf 82' lang='lat' dir='ltr'><strong>censent</strong></span> <span class='ocrx_word' id='word_1_260' title='bbox 1992 3007 2169 3068; x_wconf 84' lang='lat' dir='ltr'><strong>Fabia</strong></span> <span class='ocrx_word' id='word_1_261' title='bbox 2196 3028 2299 3086; x_wconf 84' lang='lat' dir='ltr'><strong>.p..</strong></span> <span class='ocrx_word' id='word_1_262' title='bbox 2326 3010 2457 3070; x_wconf 84' lang='grc'><em>189.</em></span> <span class='ocrx_word' id='word_1_263' title='bbox 2472 3031 2579 3091; x_wconf 62' lang='lat' dir='ltr'><strong>sq„</strong></span> 
     </span>
     <span class='ocr_line' id='line_1_29' title="bbox 277 3101 2577 3186; baseline 0.003 -24"><span class='ocrx_word' id='word_1_264' title='bbox 277 3103 628 3167; x_wconf 84' lang='lat' dir='ltr'><strong>Gutschmid</strong></span> <span class='ocrx_word' id='word_1_265' title='bbox 684 3106 790 3183; x_wconf 79' lang='lat' dir='ltr'><strong>Op.</strong></span> <span class='ocrx_word' id='word_1_266' title='bbox 835 3106 890 3164; x_wconf 73' lang='lat' dir='ltr'><em>V</em></span> <span class='ocrx_word' id='word_1_267' title='bbox 910 3121 982 3182; x_wconf 73' lang='grc' dir='ltr'><strong><em>μ</em></strong></span> <span class='ocrx_word' id='word_1_268' title='bbox 1019 3107 1152 3166; x_wconf 88' lang='grc'><strong><em>357</em></strong></span> <span class='ocrx_word' id='word_1_269' title='bbox 1169 3107 1288 3182; x_wconf 76' lang='lat' dir='ltr'><strong>sq.)</strong></span> <span class='ocrx_word' id='word_1_270' title='bbox 1337 3101 1494 3166; x_wconf 84' lang='lat' dir='ltr'><strong>‘iam</strong></span> <span class='ocrx_word' id='word_1_271' title='bbox 1541 3103 1812 3185; x_wconf 66' lang='lat' dir='ltr'><strong>pridem*</strong></span> <span class='ocrx_word' id='word_1_272' title='bbox 1872 3105 2218 3186; x_wconf 83' lang='lat' dir='ltr'><strong>deduxerat,</strong></span> <span class='ocrx_word' id='word_1_273' title='bbox 2280 3101 2577 3170; x_wconf 83' lang='lat' dir='ltr'><strong>absolutos</strong></span> 
     </span>
     <span class='ocr_line' id='line_1_30' title="bbox 275 3198 2574 3285; baseline 0.002 -21"><span class='ocrx_word' id='word_1_274' title='bbox 275 3203 454 3264; x_wconf 85' lang='lat' dir='ltr'><strong>edere</strong></span> <span class='ocrx_word' id='word_1_275' title='bbox 513 3205 768 3282; x_wconf 85' lang='lat' dir='ltr'><strong>ueritus,</strong></span> <span class='ocrx_word' id='word_1_276' title='bbox 827 3221 904 3264; x_wconf 86' lang='lat' dir='ltr'><strong>ne</strong></span> <span class='ocrx_word' id='word_1_277' title='bbox 953 3203 1174 3264; x_wconf 86' lang='lat' dir='ltr'><strong>Flauiis</strong></span> <span class='ocrx_word' id='word_1_278' title='bbox 1233 3198 1505 3265; x_wconf 82' lang='lat' dir='ltr'><strong>adulatus</strong></span> <span class='ocrx_word' id='word_1_279' title='bbox 1561 3219 1695 3264; x_wconf 86' lang='lat' dir='ltr'><strong>esse</strong></span> <span class='ocrx_word' id='word_1_280' title='bbox 1750 3205 2076 3284; x_wconf 84' lang='lat' dir='ltr'><strong>uideretur,</strong></span> <span class='ocrx_word' id='word_1_281' title='bbox 2132 3205 2289 3285; x_wconf 88' lang='lat' dir='ltr'><strong>quod</strong></span> <span class='ocrx_word' id='word_1_282' title='bbox 2348 3207 2574 3269; x_wconf 85' lang='lat' dir='ltr'><strong>crimen</strong></span> 
     </span>
     <span class='ocr_line' id='line_1_31' title="bbox 275 3300 2575 3381; baseline 0.002 -20"><span class='ocrx_word' id='word_1_283' title='bbox 275 3300 388 3362; x_wconf 88' lang='lat' dir='ltr'><strong>sibi</strong></span> <span class='ocrx_word' id='word_1_284' title='bbox 445 3303 762 3362; x_wconf 86' lang='lat' dir='ltr'><strong>imminere</strong></span> <span class='ocrx_word' id='word_1_285' title='bbox 819 3303 950 3381; x_wconf 89' lang='lat' dir='ltr'><strong>ipse</strong></span> <span class='ocrx_word' id='word_1_286' title='bbox 1005 3310 1392 3381; x_wconf 84' lang='lat' dir='ltr'><strong>prospexerat</strong></span> <span class='ocrx_word' id='word_1_287' title='bbox 1448 3302 1556 3379; x_wconf 83' lang='lat' dir='ltr'><strong>(fr.</strong></span> <span class='ocrx_word' id='word_1_288' title='bbox 1596 3304 1685 3378; x_wconf 88' lang='grc'><strong>4).</strong></span> <span class='ocrx_word' id='word_1_289' title='bbox 1780 3302 2133 3364; x_wconf 80' lang='lat' dir='ltr'><strong>cohaerebat</strong></span> <span class='ocrx_word' id='word_1_290' title='bbox 2188 3313 2385 3365; x_wconf 90' lang='lat' dir='ltr'><strong>autem</strong></span> <span class='ocrx_word' id='word_1_291' title='bbox 2441 3325 2575 3366; x_wconf 88' lang='lat' dir='ltr'><strong>cum</strong></span> 
     </span>
     <span class='ocr_line' id='line_1_32' title="bbox 275 3399 2579 3482; baseline 0.002 -22"><span class='ocrx_word' id='word_1_292' title='bbox 275 3399 382 3461; x_wconf 87' lang='lat' dir='ltr'><strong>hoc</strong></span> <span class='ocrx_word' id='word_1_293' title='bbox 429 3399 774 3461; x_wconf 85' lang='lat' dir='ltr'><strong>Flauiorum</strong></span> <span class='ocrx_word' id='word_1_294' title='bbox 815 3399 1014 3462; x_wconf 87' lang='lat' dir='ltr'><strong>studio</strong></span> <span class='ocrx_word' id='word_1_295' title='bbox 1059 3399 1262 3462; x_wconf 83' lang='lat' dir='ltr'><strong>odium·</strong></span> <span class='ocrx_word' id='word_1_296' title='bbox 1301 3399 1573 3479; x_wconf 80' lang='lat' dir='ltr'><strong>NeroniS,</strong></span> <span class='ocrx_word' id='word_1_297' title='bbox 1622 3403 1723 3480; x_wconf 84' lang='lat' dir='ltr'><strong>qui</strong></span> <span class='ocrx_word' id='word_1_298' title='bbox 1764 3403 1877 3462; x_wconf 86' lang='lat' dir='ltr'><strong>etsi</strong></span> <span class='ocrx_word' id='word_1_299' title='bbox 1916 3401 2069 3482; x_wconf 89' lang='lat' dir='ltr'><strong>apud</strong></span> <span class='ocrx_word' id='word_1_300' title='bbox 2108 3401 2377 3464; x_wconf 85' lang='lat' dir='ltr'><strong>Tacitum</strong></span> <span class='ocrx_word' id='word_1_301' title='bbox 2405 3405 2579 3482; x_wconf 85' lang='lat' dir='ltr'><strong>niger</strong></span> 
     </span>
     <span class='ocr_line' id='line_1_33' title="bbox 275 3491 2575 3579; baseline 0.001 -19"><span class='ocrx_word' id='word_1_302' title='bbox 275 3506 389 3579; x_wconf 85' lang='lat' dir='ltr'><strong>est,</strong></span> <span class='ocrx_word' id='word_1_303' title='bbox 451 3500 632 3560; x_wconf 86' lang='lat' dir='ltr'><strong>etiam</strong></span> <span class='ocrx_word' id='word_1_304' title='bbox 701 3491 932 3579; x_wconf 81' lang='lat' dir='ltr'><strong>nigrior</strong></span> <span class='ocrx_word' id='word_1_305' title='bbox 995 3499 1110 3560; x_wconf 85' lang='lat' dir='ltr'><strong>fuit</strong></span> <span class='ocrx_word' id='word_1_306' title='bbox 1179 3497 1336 3578; x_wconf 88' lang='lat' dir='ltr'><strong>apud</strong></span> <span class='ocrx_word' id='word_1_307' title='bbox 1382 3497 1667 3577; x_wconf 87' lang='lat' dir='ltr'><strong>Plinium,</strong></span> <span class='ocrx_word' id='word_1_308' title='bbox 1724 3516 1859 3560; x_wconf 88' lang='lat' dir='ltr'><strong>cum</strong></span> <span class='ocrx_word' id='word_1_309' title='bbox 1916 3503 1979 3560; x_wconf 87' lang='lat' dir='ltr'><strong>in</strong></span> <span class='ocrx_word' id='word_1_310' title='bbox 2026 3501 2575 3572; x_wconf 62' lang='lat' dir='ltr'><strong>naturalihistoria</strong></span> 
     </span>
     <span class='ocr_line' id='line_1_34' title="bbox 277 3595 2575 3680; baseline 0.001 -23"><span class='ocrx_word' id='word_1_311' title='bbox 277 3597 440 3658; x_wconf 86' lang='lat' dir='ltr'><strong>illum</strong></span> <span class='ocrx_word' id='word_1_312' title='bbox 505 3598 734 3658; x_wconf 80' lang='lat' dir='ltr'><strong>faecem</strong></span> <span class='ocrx_word' id='word_1_313' title='bbox 800 3599 1040 3678; x_wconf 81' lang='lat' dir='ltr'><strong>generis</strong></span> <span class='ocrx_word' id='word_1_314' title='bbox 1103 3595 1348 3658; x_wconf 86' lang='lat' dir='ltr'><strong>humani</strong></span> <span class='ocrx_word' id='word_1_315' title='bbox 1409 3605 1466 3657; x_wconf 88' lang='lat' dir='ltr'><strong>et</strong></span> <span class='ocrx_word' id='word_1_316' title='bbox 1525 3597 1758 3658; x_wconf 87' lang='lat' dir='ltr'><strong>hostem</strong></span> <span class='ocrx_word' id='word_1_317' title='bbox 1813 3598 2141 3678; x_wconf 90' lang='lat' dir='ltr'><strong>appellaret</strong></span> <span class='ocrx_word' id='word_1_318' title='bbox 2196 3601 2290 3672; x_wconf 89' lang='grc'><strong>(7,</strong></span> <span class='ocrx_word' id='word_1_319' title='bbox 2333 3601 2419 3670; x_wconf 80' lang='grc'><strong><em>45</em></strong></span> <span class='ocrx_word' id='word_1_320' title='bbox 2436 3605 2575 3680; x_wconf 63' lang='lat' dir='ltr'><strong>sq),</strong></span> 
     </span>
     <span class='ocr_line' id='line_1_35' title="bbox 275 3693 2575 3775; baseline 0.001 -19"><span class='ocrx_word' id='word_1_321' title='bbox 275 3695 576 3757; x_wconf 84' lang='lat' dir='ltr'><strong>uenenum</strong></span> <span class='ocrx_word' id='word_1_322' title='bbox 626 3696 763 3771; x_wconf 85' lang='lat'><strong>(22,</strong></span> <span class='ocrx_word' id='word_1_323' title='bbox 801 3695 936 3774; x_wconf 86' lang='lat'><strong>92),</strong></span> <span class='ocrx_word' id='word_1_324' title='bbox 993 3713 1112 3756; x_wconf 90' lang='lat' dir='ltr'><strong>non</strong></span> <span class='ocrx_word' id='word_1_325' title='bbox 1173 3693 1256 3755; x_wconf 82' lang='lat' dir='ltr'><strong>de·</strong></span> <span class='ocrx_word' id='word_1_326' title='bbox 1294 3693 1474 3757; x_wconf 89' lang='lat' dir='ltr'><strong>rebus</strong></span> <span class='ocrx_word' id='word_1_327' title='bbox 1522 3697 1655 3757; x_wconf 90' lang='lat' dir='ltr'><strong>eius</strong></span> <span class='ocrx_word' id='word_1_328' title='bbox 1700 3695 2047 3775; x_wconf 87' lang='lat' dir='ltr'><strong>loqueretur</strong></span> <span class='ocrx_word' id='word_1_329' title='bbox 2092 3695 2197 3757; x_wconf 89' lang='lat' dir='ltr'><strong>sed</strong></span> <span class='ocrx_word' id='word_1_330' title='bbox 2245 3697 2575 3759; x_wconf 85' lang='lat' dir='ltr'><strong>sceleribus</strong></span> 
     </span>
     <span class='ocr_line' id='line_1_36' title="bbox 277 3793 2574 3873; baseline 0.001 -19"><span class='ocrx_word' id='word_1_331' title='bbox 277 3795 407 3871; x_wconf 77' lang='lat'><strong>(34,</strong></span> <span class='ocrx_word' id='word_1_332' title='bbox 433 3795 574 3873; x_wconf 83' lang='grc'><strong><em>45),</em></strong></span> <span class='ocrx_word' id='word_1_333' title='bbox 621 3795 854 3854; x_wconf 87' lang='lat' dir='ltr'><strong>insania</strong></span> <span class='ocrx_word' id='word_1_334' title='bbox 893 3794 1028 3868; x_wconf 85' lang='lat'><strong>(35,</strong></span> <span class='ocrx_word' id='word_1_335' title='bbox 1058 3794 1194 3872; x_wconf 85' lang='lat'><strong>51),</strong></span> <span class='ocrx_word' id='word_1_336' title='bbox 1239 3795 1407 3855; x_wconf 88' lang='lat' dir='ltr'><strong>uitiis</strong></span> <span class='ocrx_word' id='word_1_337' title='bbox 1446 3794 1578 3869; x_wconf 86' lang='lat'><strong>(37,</strong></span> <span class='ocrx_word' id='word_1_338' title='bbox 1608 3795 1744 3872; x_wconf 85' lang='lat'><strong>50),</strong></span> <span class='ocrx_word' id='word_1_339' title='bbox 1794 3793 2047 3873; x_wconf 86' lang='lat' dir='ltr'><strong>denique</strong></span> <span class='ocrx_word' id='word_1_340' title='bbox 2084 3797 2281 3854; x_wconf 88' lang='lat' dir='ltr'><strong>omnia</strong></span> <span class='ocrx_word' id='word_1_341' title='bbox 2320 3796 2574 3857; x_wconf 87' lang='lat' dir='ltr'><strong>nefanda</strong></span> 
     </span>
     <span class='ocr_line' id='line_1_37' title="bbox 275 3892 2574 3969; baseline 0.002 -19"><span class='ocrx_word' id='word_1_342' title='bbox 275 3893 334 3952; x_wconf 90' lang='lat' dir='ltr'><strong>in</strong></span> <span class='ocrx_word' id='word_1_343' title='bbox 381 3911 522 3954; x_wconf 90' lang='lat' dir='ltr'><strong>eum</strong></span> <span class='ocrx_word' id='word_1_344' title='bbox 571 3892 872 3954; x_wconf 83' lang='lat' dir='ltr'><strong>conferret</strong></span> <span class='ocrx_word' id='word_1_345' title='bbox 920 3893 1192 3966; x_wconf 72' lang='lat' dir='ltr'><strong>(Ger-elce</strong></span> <span class='ocrx_word' id='word_1_346' title='bbox 1245 3896 1282 3953; x_wconf 91' lang='lat' dir='ltr'><strong>l.</strong></span> <span class='ocrx_word' id='word_1_347' title='bbox 1328 3912 1377 3953; x_wconf 78' lang='lat' dir='ltr'><strong>s.</strong></span> <span class='ocrx_word' id='word_1_348' title='bbox 1413 3911 1480 3969; x_wconf 84' lang='lat' dir='ltr'><strong>p.</strong></span> <span class='ocrx_word' id='word_1_349' title='bbox 1522 3892 1652 3953; x_wconf 85' lang='grc'><strong>168</strong></span> <span class='ocrx_word' id='word_1_350' title='bbox 1670 3895 1845 3968; x_wconf 63' lang='lat' dir='ltr'><strong>sqq).</strong></span> <span class='ocrx_word' id='word_1_351' title='bbox 1938 3893 2221 3953; x_wconf 84' lang='lat' dir='ltr'><strong>nimimm</strong></span> <span class='ocrx_word' id='word_1_352' title='bbox 2279 3892 2453 3954; x_wconf 87' lang='lat' dir='ltr'><strong>aliter</strong></span> <span class='ocrx_word' id='word_1_353' title='bbox 2500 3893 2574 3954; x_wconf 90' lang='lat' dir='ltr'><strong>de</strong></span> 
     </span>
    </p>
   </div>
   <div class='ocr_carea' id='block_1_3' title="bbox 277 4041 754 4051">
    <p class='ocr_par' dir='ltr' id='par_1_4' title="bbox 277 4041 754 4051">
     <span class='ocr_line' id='line_1_38' title="bbox 277 4041 754 4051; baseline 0 983"><span class='ocrx_word' id='word_1_354' title='bbox 277 4041 754 4051; x_wconf 95' lang='lat' dir='ltr'><strong> </strong></span> 
     </span>
    </p>
   </div>
   <div class='ocr_carea' id='block_1_4' title="bbox 279 4133 2573 4368">
    <p class='ocr_par' dir='ltr' id='par_1_5' title="bbox 279 4133 2573 4368">
     <span class='ocr_line' id='line_1_39' title="bbox 453 4133 2573 4206; baseline 0.002 -18"><span class='ocrx_word' id='word_1_355' title='bbox 453 4139 502 4204; x_wconf 93' lang='lat'><strong>1)</strong></span> <span class='ocrx_word' id='word_1_356' title='bbox 541 4133 794 4190; x_wconf 87' lang='lat' dir='ltr'><strong>Plinium</strong></span> <span class='ocrx_word' id='word_1_357' title='bbox 821 4135 1152 4206; x_wconf 71' lang='lat' dir='ltr'><strong>primarium</strong></span> <span class='ocrx_word' id='word_1_358' title='bbox 1172 4135 1370 4190; x_wconf 68' lang='lat' dir='ltr'><strong>Tacito</strong></span> <span class='ocrx_word' id='word_1_359' title='bbox 1399 4137 1685 4191; x_wconf 70' lang='lat' dir='ltr'><strong>auctorem</strong></span> <span class='ocrx_word' id='word_1_360' title='bbox 1714 4135 1887 4190; x_wconf 83' lang='lat' dir='ltr'><strong>fuisse</strong></span> <span class='ocrx_word' id='word_1_361' title='bbox 1908 4134 2277 4190; x_wconf 81' lang='lat' dir='ltr'><strong>Muellenhoff</strong></span> <span class='ocrx_word' id='word_1_362' title='bbox 2289 4136 2573 4192; x_wconf 80' lang='lat' dir='ltr'><strong>Dentsche</strong></span> 
     </span>
     <span class='ocr_line' id='line_1_40' title="bbox 279 4213 2572 4287; baseline 0.002 -19"><span class='ocrx_word' id='word_1_363' title='bbox 279 4213 640 4270; x_wconf 69' lang='lat' dir='ltr'><strong>Altortumsk.</strong></span> <span class='ocrx_word' id='word_1_364' title='bbox 669 4215 748 4271; x_wconf 85' lang='lat' dir='ltr'><strong>IV</strong></span> <span class='ocrx_word' id='word_1_365' title='bbox 783 4235 838 4286; x_wconf 89' lang='lat' dir='ltr'><strong>p.</strong></span> <span class='ocrx_word' id='word_1_366' title='bbox 872 4221 952 4271; x_wconf 84' lang='lat'><strong>19.</strong></span> <span class='ocrx_word' id='word_1_367' title='bbox 985 4221 1052 4271; x_wconf 77' lang='lat'><strong>4⁷</strong></span> <span class='ocrx_word' id='word_1_368' title='bbox 1092 4214 1308 4270; x_wconf 71' lang='lat' dir='ltr'><strong>statuit.</strong></span> <span class='ocrx_word' id='word_1_369' title='bbox 1360 4214 1643 4271; x_wconf 80' lang='lat' dir='ltr'><strong>Muenzeri</strong></span> <span class='ocrx_word' id='word_1_370' title='bbox 1682 4217 2125 4287; x_wconf 73' lang='lat' dir='ltr'><strong>disputationem</strong></span> <span class='ocrx_word' id='word_1_371' title='bbox 2166 4216 2235 4270; x_wconf 86' lang='lat' dir='ltr'><strong>de</strong></span> <span class='ocrx_word' id='word_1_372' title='bbox 2271 4217 2378 4272; x_wconf 78' lang='lat' dir='ltr'><strong>hac</strong></span> <span class='ocrx_word' id='word_1_373' title='bbox 2416 4235 2475 4272; x_wconf 88' lang='lat' dir='ltr'><strong>re</strong></span> <span class='ocrx_word' id='word_1_374' title='bbox 2512 4217 2572 4272; x_wconf 89' lang='lat' dir='ltr'><strong>in</strong></span> 
     </span>
     <span class='ocr_line' id='line_1_41' title="bbox 279 4295 1837 4368; baseline 0 -18"><span class='ocrx_word' id='word_1_375' title='bbox 279 4295 456 4351; x_wconf 67' lang='lat' dir='ltr'><strong>anna-l.</strong></span> <span class='ocrx_word' id='word_1_376' title='bbox 486 4297 768 4351; x_wconf 85' lang='lat' dir='ltr'><strong>Bonnens.</strong></span> <span class='ocrx_word' id='word_1_377' title='bbox 799 4295 920 4351; x_wconf 82' lang='lat' dir='ltr'><strong>clv</strong></span> <span class='ocrx_word' id='word_1_378' title='bbox 947 4299 1130 4368; x_wconf 80' lang='lat'>(1899)</span> <span class='ocrx_word' id='word_1_379' title='bbox 1166 4315 1220 4366; x_wconf 89' lang='lat' dir='ltr'><strong>p.</strong></span> <span class='ocrx_word' id='word_1_380' title='bbox 1253 4301 1498 4350; x_wconf 81' lang='lat'>67-111</span> <span class='ocrx_word' id='word_1_381' title='bbox 1537 4313 1653 4351; x_wconf 85' lang='lat' dir='ltr'><strong>non</strong></span> <span class='ocrx_word' id='word_1_382' title='bbox 1688 4296 1837 4351; x_wconf 88' lang='lat' dir='ltr'><strong>noui.</strong></span> 
     </span>
    </p>
   </div>
  </div>
 </body>
</html>
