3234 5034
999 311 1194 367 AELH
1227 311 1412 367 IVNII
1450 311 1672 370 CORDI
1706 311 1927 367 VITAE
2488 313 2615 378 133

317 499 435 542 non
491 479 746 542 multum
802 480 1072 560 profecit.
1147 498 1284 542 nam
1341 487 1399 541 et
1452 499 1640 561 pauca
1693 483 1959 560 repperit
2004 490 2065 542 et
2109 481 2347 561 indigna
2395 499 2616 542 memo-

318 586 464 660 ratu,
522 578 806 640 adserens
861 597 926 640 se
983 581 1230 640 minima
1288 591 1558 660 quaeque
1611 587 2135 659 persequuturum,
2182 581 2353 660 quasi
2398 578 2496 640 uel
2544 579 2615 640 de

311 677 569 739 Traiano
635 684 737 738 aut
788 677 892 737 Pio
959 683 1060 738 aut
1114 676 1310 738 Marco
1375 677 1683 740 sciendum
1751 679 1855 758 sit,
1910 680 2183 757 quotiens
2237 679 2617 758 processerit,

311 775 548 857 quando
613 774 778 836 cibos
842 777 1170 837 uariauerit
1234 784 1294 838 et
1357 777 1594 856 quando
1659 783 1893 839 uestem
1958 779 2278 838 mutauerit
2342 783 2403 837 et
2467 794 2617 855 quos

230 893 255 933 ⁵
311 874 551 955 quando
595 875 982 954 promouerit.
1059 892 1210 954 quae
1256 873 1356 936 ille
1405 877 1603 936 omnia
1651 875 2029 955 exsequendo
2076 874 2261 936 libros
2307 875 2615 956 mythisto-

311 975 418 1036 riis
466 972 726 1054 repleuit
771 971 910 1034 talia
957 973 1292 1053 scribendo,
1341 993 1476 1036 cum
1525 975 1767 1035 omnino
1817 991 2019 1035 rerum
2064 973 2274 1035 uilium
2318 979 2420 1035 aut
2457 972 2618 1034 nulla

312 1071 630 1133 scribenda
685 1073 807 1132 sint
861 1080 964 1132 aut
1017 1074 1198 1133 nimis
1253 1091 1465 1152 pauca,
1525 1075 1575 1133 si
1626 1080 1826 1133 tamen
1883 1091 1955 1134 ex
2002 1072 2097 1133 his
2142 1089 2341 1133 mores
2385 1073 2613 1152 possint

309 1169 736 1249 animaduerti,
793 1171 898 1250 qui
953 1188 1019 1231 re
1073 1188 1220 1231 uera
1277 1170 1508 1232 sciendi
1563 1178 1727 1250 sunt,
1776 1169 1881 1232 sed
1928 1189 1999 1232 ex
2046 1177 2242 1250 parte,
2296 1182 2365 1231 ut
2418 1189 2491 1230 ex
2546 1188 2615 1230 ea

311 1276 512 1331 cetera
562 1266 929 1349 colligantur.

229 1389 280 1427 ιο
491 1362 560 1430 2.
622 1368 782 1429 Clod.
818 1369 952 1429 Alb.
990 1368 1050 1446 5,
1088 1367 1133 1427 3
1195 1365 1349 1429 Huic
1416 1366 1705 1445 [Clodio
1770 1367 2063 1446 Albino]
2129 1366 2315 1428 multa
2377 1368 2617 1448 imperii

307 1469 496 1547 signa,
554 1484 692 1528 cum
746 1473 907 1526 esset
959 1472 1151 1545 natus,
1207 1466 1362 1527 facta
1420 1465 1714 1528 dicuntur.
1790 1485 1927 1527 nam
1982 1473 2043 1526 et
2095 1464 2203 1527 bos
2258 1464 2427 1527 albus
2472 1483 2613 1545 pur·

307 1567 516 1645 puteis
563 1563 637 1626 ad
680 1562 923 1644 plenum
971 1563 1230 1625 colorem
1279 1563 1561 1625 cornibus
1617 1572 1794 1626 natus
1849 1571 1958 1626 est.
2034 1562 2219 1644 [quod
2271 1563 2612 1625 mirandum

309 1663 439 1743 fuit,
486 1681 626 1724 cum
673 1661 1000 1740 cornibus]
1076 1681 1227 1743 quae
1284 1669 1484 1724 tamen
1533 1665 1598 1723 in
1644 1661 1865 1742 templo
1912 1661 2197 1742 Apollinis
2244 1662 2494 1723 Cumani
2539 1661 2612 1722 ab

265 1753 521 1824 'eodem
582 1763 777 1842 posita
839 1762 956 1821 iam
1020 1759 1262 1822 tribuno
1329 1760 1428 1821 diu
1488 1761 1673 1822 fuisse
1731 1759 2037 1841 dicuntur,
2092 1759 2276 1840 quod,
2333 1779 2468 1821 cum
2524 1759 2613 1820 illi

222 1881 278 1920 ιε
306 1867 536 1922 sortem
601 1858 674 1920 de
739 1859 854 1919 fato
915 1876 1022 1920 suo
1088 1858 1350 1938 tolleret,
1415 1859 1509 1920 bis
1583 1858 1861 1920 uersibus
1936 1859 2127 1920 eidem
2194 1857 2415 1920 dicitur
2478 1877 2610 1919 esse

307 1975 692 2038 responsum:

577 2053 711 2117 ‘Hic
755 2072 886 2116 rem
930 2053 1255 2117 Romanam
1301 2074 1515 2136 magno
1561 2055 1841 2119 turbante
1888 2055 2147 2118 tumultu

597 2157 770 2215 sistet
813 2171 1016 2234 equa,
1063 2160 1292 2215 sternet
1336 2153 1566 2216 Poenos
1614 2154 1965 2235 Gallumque
2013 2150 2339 2216 rebellem'.

304 2261 370 2315 et
423 2257 488 2315 in
534 2251 719 2313 Gallia
774 2251 1015 2331 quidem
1073 2270 1210 2314 eum
1267 2252 1482 2314 multas
1539 2261 1747 2333 gentes
1806 2253 2105 2314 domuisse
2160 2260 2407 2314 constat.
2479 2254 2607 2333 ipse

217 2374 276 2413 πο
305 2361 504 2415 autem
562 2349 978 2431 suspicabatur
1033 2348 1104 2412 de
1156 2349 1382 2412 Seuero
1439 2350 1554 2412 sibi
1609 2351 1983 2431 praedictum
2029 2347 2283 2414 ‘sternet
2335 2348 2608 2430 Poenos’‚

306 2450 464 2531 quod
511 2449 836 2530 Septimius
882 2447 1021 2509 Afer
1068 2455 1242 2509 esset.
1319 2449 1432 2510 fuit
1485 2457 1542 2510 et
1599 2449 1761 2511 aliud
1817 2452 2056 2530 signum
2110 2450 2295 2512 futuri
2352 2452 2605 2530 imperii.

305 2568 442 2612 nam
499 2566 638 2610 cum
693 2546 1058 2609 Caesareana
1101 2547 1322 2609 familia
1385 2547 1498 2608 hoc
1564 2547 1820 2628 speciale
1884 2547 2189 2628 habuerit,
2244 2555 2311 2609 ut
2369 2547 2607 2628 paruuli

304 2648 516 2710 domus
564 2647 692 2708 eius
737 2648 801 2706 in
845 2644 1201 2707 testudineis
1238 2645 1424 2707 alneis
1463 2644 1824 2726 lauarentur,
1866 2655 2001 2708 nato
2038 2645 2327 2708 infantulo
2367 2646 2602 2709 testudo

303 2749 518 2825 ingens
572 2745 729 2824 patri
784 2745 914 2805 eius
969 2761 1217 2805 munere
1271 2746 1589 2825 piscatoris
1645 2743 1835 2806 adlata
1892 2752 2011 2806 est:
2066 2743 2224 2825 quod
2278 2743 2379 2805 ille
2430 2744 2605 2806 homo

215 2865 272 2906 εει
301 2843 602 2906 litteratus
655 2860 828 2903 omen
887 2843 1186 2922 accipiens
1242 2849 1303 2904 et
1357 2842 1720 2904 testudinem
1774 2841 2034 2905 libenter
2087 2844 2318 2923 accepit
2368 2849 2429 2903 et
2475 2861 2603 2904 eam

302 2944 503 3004 curari
548 2943 726 3003 iussit
769 2948 946 3020 atque
992 2938 1282 3002 infantulo
1329 2940 1402 3003 ad
1451 2940 1890 3002 excaldationes
1936 2940 2199 3022 pueriles
2248 2941 2451 3021 dicari,
2498 2959 2604 3002 no-

299 3039 654 3102 bilitandum
703 3040 881 3100 etiam
925 3038 1066 3100 hinc
1113 3056 1376 3117 sperans.
1462 3058 1598 3101 cum
1645 3057 1847 3101 rarum
1904 3047 2065 3101 esset
2119 3038 2344 3120 aquilas
2398 3041 2463 3100 in
2508 3041 2602 3101 his

301 3138 448 3200 locis
503 3138 727 3216 uideri,
783 3139 844 3197 in
901 3135 1118 3217 quibus
1166 3146 1339 3199 natus
1388 3145 1479 3200 est
1528 3137 1793 3218 Albinus,
1840 3139 2089 3218 septima
2139 3139 2267 3198 eius
2316 3137 2411 3198 die
2456 3137 2601 3198 hora

302 3238 589 3316 conuiuii,
645 3234 803 3315 quod
859 3235 1190 3296 celebritati
1243 3238 1419 3315 pueri
1475 3235 1885 3316 deputabatur,
1943 3255 2078 3298 cum
2136 3237 2193 3297 ei
2238 3235 2453 3297 flerent
2496 3255 2599 3297 no·

209 3359 274 3399 so
301 3338 478 3415 mina,
528 3342 756 3414 septem
803 3332 1033 3413 aquilae
1079 3333 1365 3413 paruulae
1415 3332 1486 3395 de
1535 3333 1693 3396 nidis
1740 3333 1967 3396 adlatae
2015 3341 2155 3396 sunt
2201 3341 2261 3394 et
2307 3336 2476 3414 quasi
2527 3335 2601 3396 ad

299 3437 500 3496 iocum
547 3435 706 3494 circa
752 3450 936 3493 cunas
979 3434 1151 3511 pueri
1199 3435 1582 3494 constitutae:
1630 3450 1742 3518 nec
1788 3433 1901 3494 boc
1942 3450 2120 3494 omen
2162 3440 2331 3512 pater
2378 3430 2600 3516 abnuit,

300 3534 478 3594 iussit
524 3530 751 3613 aquilas
807 3529 885 3591 ali
931 3537 992 3591 et
1038 3529 1357 3610 diligenter
1401 3533 1616 3592 curari.
1694 3533 1948 3593 accessit
1992 3549 2186 3610 omen,
2232 3530 2407 3610 quod,
2464 3549 2599 3592 cum

302 3633 475 3711 pueri
539 3632 668 3692 eius
733 3627 988 3691 familiae
1063 3627 1314 3690 russulis
1388 3628 1647 3690 fasciolis
1721 3629 2139 3709 inligarentur‚
2213 3628 2371 3708 quod
2446 3629 2595 3691 forte

483 3793 540 3850 2.
591 3790 838 3851 adseren
876 3785 964 3851 P1

481 3873 548 3958 2,
599 3883 698 3940 12.
747 3880 908 3956 quod
943 3911 1028 3922 —
1067 3881 1341 3942 cornibus
1377 3882 1545 3940 uncis
1569 3881 1785 3941 &nemsi
2038 3882 2135 3939 14.
2173 3879 2267 3939 illi
2296 3879 2348 3952 (i
2384 3880 2596 3956 αᾱῖκὶσ)

295 3973 514 4046 scripsi
555 3969 678 4030 inis
713 3970 773 4028 P
913 3971 1012 4029 15.
1058 3969 1219 4030 facto
1257 3971 1313 4028 P
1454 3972 1554 4029 17.
1601 3971 1894 4030 tumultus
1940 3972 2207 4046 steteque
2250 3971 2475 4029 sternet
2508 3964 2595 4029 P1

301 4064 404 4121 21.
457 4060 749 4136 septimus
784 4052 872 4119 1²¹
1167 4061 1267 4120 23.
1322 4059 1623 4120 testudine
1674 4058 1859 4120 albeis
1897 4060 1956 4118 P
2001 4059 2301 4118 testudine
2348 4053 2593 4139 [alueis]

304 4152 640 4209 Mommsen
820 4150 920 4208 26.
968 4151 1172 4208 caueri
1212 4148 1576 4209 Cornelissen
1756 4151 1857 4208 27.
1904 4142 2115 4227 etiam]
2151 4149 2283 4222 fort.
2327 4151 2462 4208 eum

304 4243 404 4300 28.
452 4238 574 4298 diei
608 4238 667 4297 P
687 4255 789 4298 ern.
823 4237 1073 4298 Casaub.
1239 4240 1340 4298 29.
1379 4240 1641 4298 conuiuii
1668 4269 1758 4280 —
1786 4238 2187 4314 deputabatur
2218 4237 2323 4298 dcl.
2344 4238 2595 4298 Momm·

301 4345 402 4390 sen
583 4328 668 4388 eis
704 4327 761 4387 P
935 4328 1037 4387 31.
1083 4347 1158 4388 ne
1192 4327 1251 4386 P
1427 4329 1527 4387 33.
1575 4327 1836 4388 fassiolis
1874 4328 1932 4385 P
