3234 5034
524 321 743 368 Lxxw
1014 301 1111 356 DE
1150 301 1613 356 SCRIPTORVM
1650 301 1837 355 VITIS
1875 301 1969 355 ΕΤ
2007 300 2322 356 SCRIPTIS

522 477 880 548 sequuntur,
929 477 1127 530 tamen
1182 471 1245 530 in
1302 471 1654 530 uniuersum
1689 470 1952 530 -omnino
2017 467 2166 528 aliae
2227 475 2380 528 sunt.
2462 470 2662 546 itaque
2723 466 2828 528 illa

521 568 771 646 Augusti
808 566 964 646 apud
1002 566 1381 628 Scribonium
1419 567 1517 628 uel
1554 565 1900 628 Marcellum
1947 569 2248 627 mentione
2286 562 2827 626 ‘Pseudo-Plinius’

520 667 786 745 quinque
842 668 1103 726 triumue
1160 663 1533 726 saeculorum
1590 667 1781 743 spatio
1837 673 1973 744 post.
2027 664 2309 725 inductus
2357 680 2488 724 esse
2537 663 2683 724 mihi
2729 666 2828 724 ui-

520 763 711 842 detur,
746 771 819 824 ut
854 771 915 824 et
950 782 1175 824 nouum
1212 762 1712 824 medicamentum
1752 761 1823 822 ad
1862 762 2150 841 caligines
2185 761 2496 822 oculorum
2529 760 2824 822 sanandas

516 879 588 922 ex
644 861 839 923 obuiis
895 861 1164 940 partibus
1217 869 1603 940 componeret
1649 852 1860 941 (etiam
1905 862 2085 940 pyxin
2134 859 2408 940 Cypriam
2457 857 2612 939 apud
2659 859 2819 920 Scri-

514 959 759 1020 bonium
806 979 856 1020 c.
894 957 978 1020 37
1028 953 1345 1042 habemus)
1394 966 1480 1037 et,
1536 977 1674 1019 cum
1721 954 1805 1018 ‘et
1861 960 2078 1037 recipit
2129 954 2266 1019 hoc’
2315 977 2450 1020 cum
2505 976 2576 1018 eo
2631 958 2818 1019 uerbo

514 1057 673 1136 quod
726 1057 1027 1119 antecedit
1080 1055 1249 1118 ‘usus
1306 1053 1422 1117 est'
1479 1059 1870 1136 coniungeret
1933 1065 1995 1117 et
2047 1074 2360 1136 perperam
2425 1054 2818 1136 intellegeret,

513 1159 1077 1217 commentariorum
1124 1157 1473 1216 auctoritate
1521 1155 1893 1234 gloriaretur.
1955 1173 2150 1234 neque
2197 1163 2395 1216 tamen
2443 1173 2516 1214 ex
2567 1155 2820 1232 Augusti

511 1253 979 1332 fragmentorum
1043 1271 1295 1314 numero
1358 1260 1427 1314 ut
1490 1255 1553 1314 in
1618 1251 1848 1313 lubrica
1913 1252 2024 1313 hac
2089 1252 2161 1314 de
2221 1252 2816 1314 Pseudo-Pliniorum

512 1355 785 1430 personis
824 1353 1170 1432 quaestione
1208 1351 1319 1411 hoc
1358 1353 1599 1411 omnino
1643 1349 1960 1430 explodere
2007 1369 2188 1411 ausus
2234 1370 2383 1412 sum.

690 1449 979 1528 Superest
1023 1457 1091 1510 ut
1136 1449 1443 1510 alterius
1499 1451 1744 1528 operis
1799 1448 2142 1509 historici
2199 1451 2606 1510 testimonium
2653 1449 2816 1529 quod

506 1565 695 1608 unum
749 1547 1038 1609 habemus
1092 1565 1444 1627 proponam:
1505 1549 1666 1608 Suet.
1713 1548 1922 1607 Claud.
1963 1547 2000 1606 1
2073 1548 2250 1618 Quod
2293 1550 2570 1622 equidem
2615 1553 2815 1624 mayis

507 1664 585 1706 ne
627 1651 1215 1723 praetermitterem,
1271 1649 1507 1716 rettuli,
1564 1663 1745 1721 quam
1801 1649 1949 1720 quia
2005 1663 2222 1706 uerum
2278 1653 2386 1706 aut
2431 1651 2571 1707 ueri
2613 1650 2814 1708 simile

493 1752 732 1820 putem,
781 1762 918 1805 cum
963 1746 1276 1819 Auyustus
1332 1752 1500 1805 tanto
1547 1761 1733 1820 opere
1779 1751 1839 1804 et
1883 1747 2094 1804 uiuum
2138 1739 2437 1824 [Drusum
2485 1762 2540 1804 a.
2580 1744 2639 1804 9.
2680 1745 2814 1804 745

506 1846 571 1902 in
630 1843 960 1903 Germania
1006 1838 1338 1922 mortuum]
1384 1844 1691 1917 dilexerit,
1737 1849 1807 1902 ut
1853 1843 2210 1902 coheredem
2244 1859 2482 1918 semper
2519 1845 2668 1915 filiis
2713 1846 2811 1902 in-

501 1943 789 2014 stituerit,
842 1944 1005 2000 sicut
1057 1942 1363 2015 quondam
1418 1943 1482 2000 in
1535 1949 1755 2000 senatu
1799 1938 2118 2016 professus
2173 1949 2278 2014 est,
2337 1949 2397 2000 et
2451 1940 2812 2016 defunctum

502 2042 593 2098 ita
626 2055 751 2114 pro
799 2042 1081 2098 contione
1126 2039 1499 2111 laudauerit,
1537 2046 1605 2097 ut
1643 2039 1785 2098 deos
1817 2045 2119 2113 precatus
2163 2040 2258 2110 sit,
2294 2041 2518 2099 similes
2555 2043 2616 2098 ei
2658 2039 2809 2098 Cae-

498 2153 677 2196 sares
736 2152 879 2196 suos
932 2135 1219 2212 facerent
1279 2136 1519 2211 sibique
1582 2143 1704 2195 tam
1768 2137 2081 2196 honestum
2147 2137 2512 2211 quandoque
2574 2140 2810 2197 exitum

500 2237 725 2295 darent
779 2251 959 2309 quam
1014 2236 1106 2295 illi
1167 2237 1491 2295 dedissent.
1564 2251 1681 2294 nec
1727 2242 2048 2294 contentus
2093 2236 2354 2308 eloqium
2400 2237 2628 2295 tumulo
2673 2239 2811 2295 eius

500 2335 783 2393 uersibus
811 2350 850 2392 a
877 2351 945 2392 se
978 2336 1321 2408 compositis
1358 2335 1765 2408 insculpsisse,
1805 2336 1988 2392 etiam
2026 2335 2196 2393 uitae
2230 2337 2580 2394 memoriam
2605 2350 2808 2409 prosa

499 2434 782 2491 oratione
831 2435 1179 2506 composuit.
1264 2431 1325 2490 in
1373 2447 1489 2508 qua
1526 2437 1730 2490 utrum
1777 2431 1966 2508 magis
2011 2429 2189 2490 Drusi
2237 2431 2425 2490 amori
2473 2439 2534 2490 et
2579 2449 2806 2491 memo-

501 2529 625 2587 riae
674 2546 749 2588 an
796 2547 937 2589 suae
986 2546 1199 2588 causae
1247 2535 1307 2588 et
1352 2529 1607 2606 imperio
1654 2526 1970 2588 indulserit
2014 2529 2334 2588 nescimus.

1435 2759 1890 2766 --——-———-——-

1104 2936 1174 3008 C.
1234 2935 1611 3009 CILNIVS
1669 2935 2188 3009 MAECENAS

672 3115 931 3176 Historia
960 3117 1074 3176 etsi
1102 3117 1344 3177 omnino
1373 3133 1406 3176 a
1434 3114 1792 3176 Maecenatis
1821 3117 2062 3193 ingenio
2101 3133 2168 3176 ac
2208 3114 2439 3177 deliciis
2473 3115 2796 3177 abhorrere

492 3211 749 3291 uidetur,
789 3231 927 3274 eum
964 3213 1103 3273 huic
1140 3231 1375 3294 quoque
1413 3215 1619 3292 generi
1663 3212 1966 3273 scribendi
2006 3212 2269 3273 deditum
2313 3214 2500 3274 fuisse
2545 3213 2796 3276 Seruius

491 3314 579 3372 ad
608 3311 861 3386 Verqilii
883 3329 1097 3387 θεον-9.
1119 3313 1195 3372 II
1216 3313 1299 3371 41
1332 3311 1662 3372 adnotauit:
1699 3312 1946 3372 Constat
1969 3311 2388 3374 Maecenatem
2409 3313 2606 3389 fuisse
2633 3317 2793 3375 litte·

490 3427 705 3470 rarum
730 3414 1004 3486 peritum
1043 3419 1101 3470 et
1123 3413 1319 3486 plura
1358 3414 1762 3486 composuisse
1792 3414 2088 3471 carmina.
2145 3428 2287 3470 nam
2316 3415 2497 3472 etiam
2528 3412 2796 3486 Auqusti

498 3509 783 3568 Caesaris
826 3515 1004 3582 qesta
1050 3511 1391 3585 descripsit,
1434 3510 1600 3583 quod
1633 3516 1892 3568 testatur
1929 3509 2227 3568 Horatius
2272 3511 2510 3569 dicens:
2557 3505 2794 3584 ‘Tuque

490 3613 549 3666 et
594 3623 647 3682 q.
686 3602 755 3665 s.’
822 3623 1033 3684 parum
1081 3613 1242 3666 recte
1290 3613 1489 3666 tamen
1537 3605 1844 3665 Horatium
1885 3609 2101 3679 (carm.
2133 3605 2212 3666 II
2243 3606 2346 3680 12,
2377 3606 2446 3679 9)
2495 3609 2790 3686 interpre-

490 3710 646 3764 tatus
692 3711 800 3780 est,
849 3705 953 3781 qui
998 3710 1065 3763 ut
1111 3702 1421 3764 Octauiani
1470 3705 1755 3764 uictorias
1802 3701 2168 3764 carminibus
2215 3702 2497 3782 laudaret,
2551 3713 2790 3783 rogatus

490 3819 601 3862 nec
650 3803 972 3861 memoriae
1009 3800 1307 3862 Romanae
1354 3809 1457 3862 aut
1492 3800 1824 3862 fabularum
1862 3800 2220 3862 Graecarum
2259 3804 2582 3862 certamina
2622 3800 2788 3865 ‘mol-

486 3901 645 3960 libus
708 3903 921 3975 aptari
983 3902 1265 3961 citharae
1326 3896 1541 3962 modis'
1602 3898 1999 3960 Maecenatem
2053 3899 2210 3960 uelle
2267 3903 2514 3978 opponit
2557 3907 2618 3961 et
2665 3900 2789 3962 dic-

486 4004 687 4057 turum
754 3993 1159 4073 ‘pedestribus
1226 4001 1499 4060 historiis
1551 4001 1800 4075 proelia
1865 3999 2148 4059 Caesaris
2209 4001 2425 4059 melius
2480 4002 2790 4076 ductaque

472 4113 599 4171 per
644 4099 781 4155 uias
820 4113 1031 4170 requm
1071 4099 1229 4158 colla
1264 4093 1640 4174 minacium’,
1679 4114 1742 4156 se
1779 4098 1977 4175 potius
2015 4115 2046 4155 a
2086 4095 2250 4155 Musa
2287 4097 2517 4156 iussum
2556 4096 2786 4176 Licym-

486 4194 646 4253 niam
692 4191 1050 4254 Maecenatis
1107 4213 1353 4254 uxorem
1408 4193 1686 4254 uersibus
1743 4192 2180 4254 celebraturum
2236 4212 2386 4254 esse.
2461 4196 2661 4274 itaque
2709 4215 2784 4257 ne

484 4290 747 4351 uoluisse
803 4289 1045 4370 quidem
1103 4311 1239 4352 eum
1294 4293 1492 4352 animo
1548 4291 1697 4352 illud
1754 4291 2067 4352 consilium
2133 4310 2203 4352 ex
2269 4291 2397 4353 loco
2461 4291 2784 4355 Horatiano
