3234 5034
648 321 964 370 cmvm
1060 359 1073 372 ,
1143 300 1239 356 DE
1279 299 1740 357 SCRIPTORVM
1779 301 1966 357 VITIS
2003 301 2098 357 ΕΤ
2135 302 2451 358 SCRIPTIS

644 473 1101 548 Buedinqerum
1139 472 1182 531 Ι
1196 490 1264 548 p.
1292 471 1426 531 333
1442 473 1597 548 sqq.)
1645 470 1852 550 uoluit,
1899 478 1960 532 et
1995 469 2392 532 Corbulonem
2439 479 2500 532 et
2535 471 2804 532 Tacitum
2845 487 2942 531 res

644 569 1065 650 geographicas
1120 570 1319 630 minus
1378 587 1618 630 curasse
1667 569 2062 630 censebimus.
2154 569 2252 630 hic
2299 589 2470 649 sane,
2523 577 2591 632 ut
2637 571 2752 630 arti
2799 587 2943 630 suae

646 668 1037 747 satisfaceret,
1109 667 1449 729 nominibus
1513 667 1670 730 ultra
1733 667 1976 730 modum
2013 671 2308 748 pepercit
2371 671 2614 744 (Gesch.
2673 669 2818 730 Lite.
2869 668 2949 728 II

631 785 698 845 p.
738 767 886 829 216.
924 766 1057 827 287
1074 771 1209 843 sq),
1246 765 1335 827 illi
1382 775 1596 847 autem,
1644 769 1745 847 qui
1793 768 1970 829 etiam
2015 767 2222 828 horam
2269 767 2412 829 solis
2450 766 2716 828 defectus
2756 765 2938 827 adno-

646 872 875 926 tauerat
939 866 1045 942 (fr.
1087 866 1183 944 1),
1250 864 1409 926 idem
1484 866 1722 926 crimini
1787 865 1928 928 dare
1991 865 2090 926 uel
2152 864 2470 928 Rhandeae
2533 867 2776 927 nomine
2840 862 2940 926 uel

648 963 718 1024 fr.
756 960 815 1024 3.
861 960 906 1025 4
952 963 1061 1041 (cf.
1100 966 1273 1038 adn.)
1319 971 1609 1025 uetamur.

1173 1249 1244 1323 O.
1286 1249 1817 1324 SVETONIVS
1871 1249 2238 1324 PAVLIN
2239 1251 2356 1323 VS
2375 1245 2427 1335 1)

828 1437 939 1499 Hic
986 1440 1047 1500 in
1096 1441 1389 1500 contraria
1434 1440 1674 1519 imperii
1719 1446 1888 1518 parte
1945 1441 2094 1500 lines
2151 1437 2427 1500 tuebatur
2473 1435 2746 1500 ‘scientia
2793 1438 2946 1500 mili-

649 1539 765 1599 tari
798 1545 858 1598 et
888 1555 1126 1599 rumore
1163 1537 1367 1618 populi
1404 1536 1758 1599 Corbulonis
1795 1545 2168 1599 concertator
2205 1545 2596 1618 receptaeque
2633 1538 2949 1599 Armeniae

650 1635 831 1698 decus
887 1654 1140 1717 aequare
1196 1635 1433 1697 domitis
1489 1636 1788 1698 Britannis
1845 1633 2116 1716 cupiens'
2180 1628 2357 1719 (Tac.
2395 1637 2564 1697 XIV
2601 1637 2717 1716 29,
2773 1637 2948 1698 annis

646 1727 1277 1818 59s812—61s814),
1331 1734 1607 1814 idemque
1657 1737 1836 1796 etiam
1893 1736 2348 1796 commentarios
2399 1736 2668 1815 scripsit,
2729 1733 2948 1815 quibus

648 1851 746 1895 res
792 1835 853 1894 in
892 1832 1272 1912 Mauretania,
1318 1851 1455 1894 cum
1502 1853 1550 1894 a.
1588 1829 1736 1915 42s7
1743 1828 1829 1894 95
1877 1833 2104 1912 legatus
2148 1835 2482 1913 praetorius
2521 1842 2698 1913 esset,
2745 1851 2948 1913 perse-

649 1939 822 1994 cutus
870 1939 962 1993 est
1008 1933 1117 2009 (fr.
1157 1933 1246 2006 1).
1338 1950 1481 1992 num
1540 1933 1716 1992 etiam
1773 1931 1928 1992 ultra
1973 1949 2328 2011 progressus
2383 1934 2487 2008 sit,
2545 1930 2792 1992 dubium
2839 1938 2948 1992 est.

648 2030 876 2092 Plinius
932 2037 1093 2092 certe
1148 2031 1327 2091 unius
1380 2028 1546 2108 libri,
1603 2049 1720 2110 quo
1779 2029 2098 2110 descriptio
2154 2029 2554 2092 Mauretaniae
2610 2031 2950 2091 continetur

649 2122 775 2214 (V),
812 2135 1115 2190 auctorem
1153 2147 1290 2191 eum
1338 2130 1545 2189 citauit
1590 2137 1652 2190 et
1695 2129 1758 2190 in
1805 2127 2002 2190 indice
2049 2136 2109 2189 et
2153 2130 2217 2188 in
2253 2135 2420 2190 textu
2457 2147 2652 2208 neque
2691 2147 2947 2189 comme-

648 2234 988 2290 morauerat
1040 2229 1102 2288 in
1159 2236 1394 2307 quarto,
1450 2246 1567 2307 quo
1615 2227 1980 2306 Britanniae,
2037 2229 2138 2307 qui
2195 2227 2328 2289 fons
2384 2228 2513 2288 eius
2568 2226 2789 2306 gloriae
2837 2227 2950 2288 suit

650 2328 825 2401 (Tac.
862 2328 999 2390 hist.
1038 2326 1116 2386 II
1144 2326 1277 2402 37),
1325 2334 1638 2405 postquam
1674 2325 1774 2387 uel
1811 2343 1964 2386 anno
2002 2327 2132 2405 ipso
2169 2321 2429 2406 42s795
2465 2325 2566 2386 uel
2601 2324 2776 2405 paulo
2812 2333 2949 2404 post

650 2424 859 2487 consul
914 2425 1197 2486 suffectus
1251 2423 1389 2506 fuit3
1444 2442 1581 2485 nam
1636 2425 1700 2484 in
1761 2424 1870 2484 bac
1925 2425 2167 2503 regione
2221 2422 2450 2503 legatus
2505 2441 2616 2504 pro
2671 2429 2946 2503 praetore

651 2525 777 2585 acie
824 2525 999 2584 etiam
1047 2521 1265 2583 clarius
1320 2541 1418 2584 res
1473 2525 1660 2602 gessit
1714 2540 1890 2602 quam
1936 2520 2218 2602 Corbulo,
2276 2520 2606 2601 descriptas
2661 2540 2694 2582 a
2741 2516 2946 2582 Tacito

650 2624 713 2684 in
757 2623 881 2683 uita
928 2621 1233 2700 Agricolae
1281 2640 1329 2682 c.
1373 2616 1634 2682 14—16
1683 2629 1744 2681 et
1787 2621 1978 2682 fusius
2033 2622 2094 2680 in
2153 2619 2463 2681 annalibus
2507 2619 2636 2680 XIV
2681 2615 2944 2681 29—39

652 2729 713 2782 et
756 2739 789 2782 a
836 2719 1039 2781 Cassio
1085 2718 1271 2780 Dione
1310 2716 1414 2798 62,
1456 2715 1692 2798 1—12‚
1740 2737 1875 2779 cum
1905 2726 1966 2780 et
1993 2717 2256 2780 subactis
2295 2715 2634 2779 nationibus
2671 2717 2946 2778 firmatis·

650 2838 766 2900 que
822 2817 1139 2900 praesidiis
1200 2815 1444 2878 biennio
1508 2835 1825 2897 prosperas
1891 2835 1988 2884 res
2053 2816 2300 2878 haberet
2355 2819 2538 2893 (ΑΨ.
2579 2816 2692 2890 14)
2759 2822 2822 2876 et
2883 2817 2946 2876 in

651 2918 910 2980 Monam.
940 2916 1193 2978 insulam
1242 2917 1571 2977 exercitum
1625 2916 1906 2977 traiceret
1966 2917 2146 2992 (Agr.
2175 2919 2221 2976 Ι.
2257 2935 2305 2976 s.
2345 2933 2487 2976 ann.
2527 2933 2579 2976 c.
2611 2915 2699 2975 29
2711 2917 2831 2990 sq.)
2889 2921 2948 2974 et

650 3016 791 3079 inde
840 3033 1119 3078 reuersus
1167 3014 1518 3076 seditionem
1566 3013 1897 3075 Boudiccae
1954 3032 2070 3075 una
2127 3015 2314 3074 atroci
2369 3031 2568 3092 pugna
2622 3011 2948 3074 debellaret

654 3117 831 3193 (ΑΨ.
872 3116 973 3175 16.
1012 3133 1157 3175 ann.
1196 3132 1247 3175 c.
1286 3114 1371 3174 31
1392 3131 1517 3191 sqq.
1566 3114 1684 3174 Dio
1723 3131 1776 3175 c.
1807 3113 1844 3173 1
1865 3115 2040 3190 sqq).
2135 3110 2236 3172 sed
2296 3131 2328 3172 a
2383 3110 2531 3172 lulio
2587 3110 2945 3172 classiciano

650 3219 1038 3294 procuratore
1093 3213 1157 3272 in
1222 3210 1371 3272 urbe
1437 3211 1666 3273 delatus
1721 3229 1840 3272 non
1903 3213 2102 3273 minus
2162 3228 2340 3291 quam
2399 3206 2654 3270 Corbulo
2716 3211 2944 3294 simon

652 3320 870 3390 morte,
926 3318 1123 3372 tamen
1182 3328 1529 3371 successore
1577 3317 1819 3389 accepto
1866 3307 2120 3370 Neronis
2175 3307 2462 3369 inuidiam
2519 3314 2802 3386 expertus
2859 3315 2949 3368 est

654 3412 824 3484 (ann.
863 3411 972 3471 ΧῙ
980 3409 1033 3468 V
1068 3408 1156 3470 38
1173 3428 1259 3485 sq.
1307 3410 1457 3485 Aqr.
1508 3410 1640 3484 16),
1695 3417 1821 3469 tum
1887 3425 2032 3469 uero
2092 3409 2280 3486 gratia
2344 3405 2744 3486 redintegrata
2811 3424 2945 3466 con-

653 3509 844 3570 sulatu
903 3507 1204 3568 ordinario
1250 3527 1298 3567 a.
1330 3503 1584 3588 66s819
1634 3507 1888 3568 functus,
1963 3504 2118 3566 bello
2148 3505 2313 3566 ciuili
2342 3505 2439 3565 hic
2476 3500 2946 3566 ‘uetustissimus

652 3599 1088 3669 consularium’
1134 3607 1300 3678 (hist.
1341 3607 1553 3679 1137)
1615 3623 1893 3684 magnum
1957 3605 2396 3666 munimentum
2450 3601 2720 3683 partibus
2769 3601 2945 3664 Otho·-

653 3708 847 3767 nianis
912 3704 1050 3783 fuit,
1130 3722 1245 3783 quo
1302 3704 1452 3764 fama
1528 3721 1703 3763 nemo
1775 3702 2052 3762 militaris
2127 3705 2214 3764 rei
2290 3701 2558 3762 callidior
2621 3699 2948 3762 habebatur

656 3807 753 3880 (h.
794 3805 872 3864 II
899 3803 1032 3876 32).
1125 3801 1243 3862 illis
1310 3809 1505 3862 autem
1568 3803 1748 3862 uictis
1803 3799 1972 3862 foeda
2021 3803 2400 3862 excusatione
2445 3797 2600 3879 apud
2645 3797 2944 3860 Vitellium

651 3904 835 3963 uitam
884 3901 1148 3962 seruauit
1184 3899 1269 3973 (h.
1310 3901 1389 3961 ῙῙ
1418 3900 1531 3974 60)
1581 3906 1642 3960 et
1675 3900 1740 3960 in
1777 3897 2138 3960 obscuritate
2176 3897 2425 3960 delituit.

654 4163 929 4232 quasdam
974 4179 1062 4216 res
1108 4161 1363 4217 narrauit
1408 4177 1553 4231 quae
1601 4161 1774 4216 etiam
1823 4160 1975 4231 apud
2020 4160 2279 4214 Tacitum
2325 4158 2690 4215 inueniuntur
2728 4127 2872 4227 (uid.¹
2902 4176 2942 4214 8.

647 4263 705 4314 p.
742 4247 954 4310 cxxx11);
994 4243 1063 4296 de
1090 4242 1311 4297 ratione
1340 4244 1545 4308 tamen,
1583 4259 1730 4311 quae
1759 4241 1905 4295 inter
1933 4257 2026 4295 eos
2063 4241 2394 4309 intercedat,
2423 4238 2637 4294 indicia
2664 4239 2941 4294 deficiunt.

834 4329 887 4394 1)
927 4323 989 4376 V.
1025 4323 1247 4392 Prosop.
1282 4322 1353 4376 III
1392 4341 1445 4392 p.
1478 4328 1580 4376 278
1620 4341 1673 4375 n.
1706 4327 1824 4375 694.
