3234 5034
1304 336 1652 396 anMPLA
2537 339 2622 406 29

324 505 563 569 dantem
608 506 823 588 prendi
871 517 931 568 et
977 510 1039 569 in
1087 527 1389 569 carcerem
1439 508 1577 570 duci
1623 511 1914 588 iussisset,
1963 517 2104 570 tunc
2141 509 2419 570 Tiberius
2459 511 2625 571 Sem-

321 608 573 685 pronius
619 605 923 668 Gracchus
969 614 1042 666 tr.
1080 606 1179 686 pL,
1224 615 1397 686 pater
1440 606 1646 668 Tiberi
1693 615 1870 687 atque
1919 607 1980 668 C.
2019 607 2441 687 Gracchorum,
2489 627 2626 669 cum

320 704 383 765 P.
422 704 690 784 Scipioni
735 706 1011 766 Africano
1066 706 1346 765 inimicus
1401 707 1603 784 grauis
1659 703 1734 766 ob
1789 704 2104 786 plerasque
2161 708 2224 766 in
2275 725 2340 767 re
2386 706 2626 786 publica

322 801 729 864 dissensiones
784 811 969 882 esset,
1025 805 1251 864 iurauit
1302 803 1496 883 palam
1552 804 1615 864 in
1663 805 1986 865 amicitiam
2031 805 2215 883 inque
2261 807 2512 883 gratiam
2561 823 2625 865 se

270 914 294 954 ⁵
323 920 458 962 cum
504 901 569 962 P.
606 901 883 962 Africano
928 919 1047 962 non
1094 901 1349 980 redisse,
1396 909 1573 981 atque
1628 904 1709 962 ita
1757 901 2062 963 decretum
2110 921 2182 963 ex
2229 901 2427 963 tabula
2474 905 2626 964 reci-

320 1002 487 1060 tauit.
562 999 711 1060 Eius
768 999 993 1060 decreti
1046 999 1231 1060 uerba
1287 1000 1433 1060 haec
1490 1009 1647 1061 sunt„
1731 997 1902 1082 fCum
1960 999 2023 1060 L.
2069 999 2380 1062 Cornelius
2427 1001 2627 1080 Scipio

318 1099 617 1158 Asiaticus
657 1097 1031 1177 triumphans
1073 1096 1334 1159 hostium
1382 1097 1565 1159 duces
1612 1099 1674 1159 in
1723 1117 2024 1159 carcerem
2074 1100 2440 1180 coniectarit⁹
2485 1098 2627 1160 alie·

320 1214 467 1256 num
520 1195 764 1256 uidetur
818 1214 952 1257 esse
1010 1195 1293 1274 dignitate
1350 1199 1439 1257 rei
1493 1194 1786 1276 publicae,
1833 1199 1896 1258 in
1945 1214 2081 1258 eum
2129 1198 2324 1258 locum
2369 1200 2628 1277 impera-

320 1301 513 1354 torem
568 1293 773 1375 populi
826 1293 1075 1354 Romani
1133 1293 1294 1373 duci,
1351 1296 1416 1354 in
1470 1313 1649 1373 quem
1705 1294 1901 1356 locum
1948 1294 2021 1356 ab
2068 1314 2137 1356 eo
2185 1297 2439 1357 coniecti
2487 1303 2628 1356 sunt

248 1405 295 1445 1⁰
322 1391 505 1453 duces
540 1393 827 1454 hostium:
865 1395 1063 1471 itaque
1095 1392 1157 1452 L.
1188 1391 1529 1454 Cornelium
1569 1393 1910 1472 Scipionem
1934 1394 2260 1454 Asiaticum
2299 1413 2332 1454 a
2371 1393 2628 1473 collegae

320 1493 383 1550 ui
428 1489 760 1570 prohibeo’.

499 1591 621 1661 4²⁸².
678 1599 962 1659 Iulianus
998 1601 1169 1675 apud
1201 1602 1459 1674 Anqust.
1487 1599 1821 1677 imperfect.
1867 1609 2088 1660 contra
2126 1600 2436 1660 Iulianum
2480 1618 2630 1676 opus

322 1696 427 1754 IV
454 1715 505 1756 c.
536 1697 625 1756 43
652 1697 753 1770 (X
783 1696 959 1756 1362
990 1697 1229 1772 Miqne)
1268 1696 1619 1776 Amplexare
1660 1699 1878 1758 sactum
1917 1696 2066 1757 illud
2104 1696 2311 1758 Cratae
2345 1697 2630 1777 Thebani,

666 1829 802 1836 ——-.

504 1901 643 1959 Cum
688 1903 761 1958 M.
800 1903 1053 1958 Naeuius
1098 1904 1362 1958 tribunus
1408 1904 1593 1975 plebis
1633 1907 1924 1960 accusaret
1959 1921 2087 1959 eum
2124 1905 2198 1959 ad
2234 1902 2507 1975 populum
2545 1903 2630 1959 di-

322 1978 586 2043 ceretque
616 1975 903 2047 accepisse
934 1992 969 2030 a
994 1992 1128 2046 rege
1156 1975 1436 2031 Antiocho
1465 1977 1781 2046 pecuniam,
1810 1979 1876 2030 ut
1902 1975 2329 2031 condicionibus
2359 1976 2628 2046 gratiosis

321 2050 383 2101 et
416 2045 684 2100 mollibus
720 2063 833 2116 pax
874 2064 998 2102 eum
1038 2064 1103 2101 eo
1140 2047 1341 2118 populi
1377 2047 1619 2102 Romani
1655 2046 1881 2102 nomine
1909 2047 2070 2102 fieret
2096 2052 2155 2102 et
2182 2048 2459 2117 quaedam
2489 2047 2628 2103 item

324 2116 439 2171 alia
477 2116 702 2171 crimini
740 2119 903 2173 daret
938 2119 1178 2188 indigna
1212 2116 1320 2173 tali
1356 2119 1497 2186 uir0,
1534 2121 1658 2172 tum
1689 2118 1878 2188 Scipio
1915 2135 2099 2190 pauca
2136 2119 2444 2189 praefatus,
2482 2135 2628 2188 quae

324 2187 575 2258 dignitas
611 2188 767 2244 uitae
806 2207 941 2244 suae
979 2193 1149 2258 atque
1187 2190 1373 2262 gloria
1406 2188 1762 2260 postulabat:
1805 2190 2144 2258 ‘Memoria',
2181 2189 2386 2259 inquit,
2419 2189 2628 2255 ‘Quiri-

322 2265 435 2325 tes,
481 2264 679 2330 repeto
726 2261 877 2316 diem
924 2277 1046 2314 esse
1090 2262 1451 2327 hodiernum,
1508 2279 1619 2331 quo
1668 2261 2047 2317 Hannibalem
2091 2263 2340 2317 Poenum
2388 2262 2628 2332 imperio

321 2337 512 2386 uestro
558 2331 1011 2387 inimicissimum
1056 2350 1265 2416 magno
1301 2332 1517 2402 proelio
1555 2332 1670 2387 uici
1704 2333 1767 2387 in
1803 2337 1955 2388 terra
1990 2333 2186 2387 Africa
2222 2349 2531 2403 pacemque
2571 2335 2630 2388 et
2725 2344 2736 2354 ·

320 2403 622 2457 uictoriam
676 2403 840 2458 uobis
904 2420 1099 2473 peperi
1165 2404 1613 2474 inspectabilem.
1693 2420 1808 2458 non
1863 2405 2040 2476 igitur
2096 2405 2269 2458 simus
2325 2404 2628 2458 aduersum

323 2474 457 2530 deos
512 2474 727 2544 ingrati
782 2479 865 2544 et,
923 2491 1120 2530 censeo
1136 2519 1149 2542 ,
1205 2475 1590 2545 relinquamus
1645 2476 1983 2531 nebulonem
2029 2477 2202 2543 hunc,
2252 2491 2446 2530 eamus
2493 2475 2626 2531 binc

322 2546 579 2615 protinus
627 2546 749 2601 Ioui
796 2564 827 2600 o
872 2547 1010 2601 timo
1058 2547 1303 2602 maximo
1351 2547 1745 2618 gratulatum'.
1817 2547 1878 2601 id
1924 2564 2052 2602 cum
2098 2547 2360 2616 dixisset,
2417 2548 2629 2602 auertit

322 2621 381 2672 et
416 2617 499 2670 ire
538 2617 613 2670 ad
643 2617 841 2687 Capito
866 2616 984 2672 ium
1022 2617 1223 2688 coepit.
1290 2623 1411 2672 tum
1450 2619 1638 2674 contio
1677 2618 1958 2686 uniuersa,
1998 2635 2144 2688 quae
2181 2618 2255 2672 ad
2283 2618 2622 2674 sententiam

322 2689 393 2742 de
430 2688 693 2759 Scipione
732 2690 1024 2744 ferendam
1060 2695 1417 2757 conuenerat,
1456 2689 1654 2746 relicto
1691 2691 1921 2745 tribuno
1951 2689 2269 2772 Scipionem
2306 2690 2364 2744 in
2396 2689 2624 2759 Capito-

323 2759 461 2814 lium
512 2761 787 2815 comitata
833 2763 1005 2830 atque
1052 2761 1186 2816 inde
1233 2762 1307 2815 ad
1350 2762 1519 2816 aedes
1557 2762 1680 2816 eius
1717 2779 1842 2816 cum
1883 2761 2110 2816 laetitia
2145 2764 2204 2816 et
2241 2760 2624 2832 gratulatione

321 2830 581 2886 sollemni
627 2835 928 2901 prosecuta
972 2835 1074 2887 est.
1152 2832 1329 2887 fertur
1375 2833 1549 2888 etiam
1586 2833 1796 2902 oratio,
1843 2849 1991 2902 quae
2037 2833 2264 2887 uidetur
2309 2832 2512 2887 habita
2557 2849 2624 2886 eo

322 2902 413 2957 die
450 2919 487 2958 a
524 2903 815 2973 Scipione,
855 2906 914 2958 et
950 2904 1049 2972 qui
1088 2903 1285 2958 dicunt
1322 2920 1447 2959 eam
1484 2921 1598 2960 non
1636 2921 1854 2972 ueram,
1893 2921 2006 2958 non
2044 2905 2180 2958 eunt
2215 2903 2446 2970 infitias,
2485 2905 2624 2972 quin

320 2974 458 3029 haec
497 2975 725 3043 quidem
764 2975 941 3029 uerba
970 2975 1197 3042 fuerint,
1226 2991 1372 3043 quae
1402 2974 1537 3042 dixi,
1568 2974 1863 3046 Scipionis.
1905 2976 2017 3044 (Cf.
2048 2977 2180 3030 Liu.
2206 2979 2298 3041 38,
2321 2981 2412 3041 56,
2431 2979 2466 3029 5
2483 2981 2621 3044 sqq.)

498 3046 639 3101 Item
690 3045 849 3100 aliud
896 3049 983 3100 est
1028 3047 1243 3101 factum
1289 3045 1410 3101 eius
1448 3045 1820 3117 praeclarum.
1885 3045 2078 3102 Petilii
2114 3045 2366 3116 quidam,
2407 3045 2625 3100 tribuni

321 3117 523 3188 plebis,
553 3134 588 3171 a
616 3119 710 3183 M„
732 3122 797 3172 ut
825 3117 1005 3184 aiunt,
1026 3117 1253 3186 Cat-one,
1282 3117 1511 3174 inimico
1532 3117 1830 3188 Scipionis,
1861 3117 2176 3188 comparati
2202 3117 2261 3171 in
2290 3134 2421 3173 eum
2452 3121 2622 3186 atque

321 3188 556 3256 inmissi,
596 3189 1001 3244 desiderabant
1034 3188 1094 3242 in
1132 3193 1331 3244 senatu
1366 3189 1794 3258 instantissime,
1831 3192 1898 3243 ut
1932 3188 2210 3259 pecuniae
2249 3188 2622 3252 Antiochinae

320 3260 679 3331 praedaeque
724 3261 785 3314 in
824 3276 889 3315 eo
928 3259 1079 3315 bello
1117 3265 1319 3332 captae
1355 3261 1634 3316 rationem
1669 3261 1956 3330 redderet3
2002 3260 2190 3316 fuerat
2227 3261 2377 3315 enim
2414 3261 2472 3314 L.
2506 3261 2622 3315 Sci-

320 3330 476 3402 pioni
523 3331 804 3399 Asiatico,
858 3332 1024 3386 fratri
1080 3349 1206 3400 suo,
1261 3332 1589 3403 imperatori
1637 3331 1697 3387 in
1743 3348 1813 3387 ea.
1856 3333 2180 3414 prouincia.²
2232 3332 2472 3403 legatus.
2539 3331 2622 3386 ibi

322 3402 507 3474 Scipio
564 3403 791 3471 exurgit
834 3407 894 3458 et
937 3403 1161 3473 prolato
1209 3421 1240 3458 e
1287 3405 1415 3458 sinu
1457 3408 1629 3474 togae
1675 3403 1822 3458 libro
1867 3405 2116 3459 rationes
2163 3421 2223 3458 1n
2269 3421 2334 3458 eo
2381 3404 2621 3474 scriptas

322 3490 441 3530 esse
478 3473 627 3528 dixit
672 3475 852 3530 omnis
896 3474 1173 3545 pecuniae
1221 3476 1513 3543 omnisque
1550 3476 1816 3545 praedae,
1856 3475 2113 3541 allatum,
2151 3479 2215 3529 ut
2293 3475 2444 3529 alam
2483 3475 2621 3530 reci·

322 3548 539 3600 tax-etur
576 3549 635 3602 et
671 3547 743 3600 ad
782 3546 1064 3601 aerarium
1102 3547 1427 3601 deferretur.
1497 3547 1620 3600 ‘sed
1659 3547 1810 3600 enim
1845 3547 1906 3600 id
1945 3547 2060 3600 iam
2095 3564 2210 3603 non
2273 3546 2501 3614 aciam’,
2537 3546 2622 3600 in-

322 3617 462 3686 quit,
503 3618 631 3671 ‘nec
674 3634 765 3671 me
809 3618 933 3688 ipse
982 3616 1229 3672 afficiam
1264 3617 1630 3673 contumelia'
1670 3635 1910 3687 eumque
1954 3618 2163 3673 librum
2200 3618 2394 3672 statim
2433 3634 2619 3672 coram

322 3687 554 3743 discidit
588 3687 705 3742 suis
740 3689 1005 3743 manibus
1044 3693 1103 3743 et
1138 3689 1472 3759 concerpsit,
1510 3705 1677 3759 aegre
1713 3705 1940 3772 passus,
1979 3690 2157 3760 quod,
2197 3689 2289 3744 cui
2327 3689 2478 3744 salus
2515 3690 2618 3744 im-

320 3759 463 3830 perii
482 3777 549 3814 ac
567 3759 915 3830 reipublicae
934 3763 1171 3831 accepta
1196 3759 1330 3814 ferri
1360 3759 1605 3828 deberet,
1625 3767 1906 3815 rationem
1931 3761 2205 3831 pecuniae
2231 3761 2619 3831 praedaticiae

319 3835 657 3900 posceretur.
716 3832 886 3887 Prius
922 3833 1224 3902 exemplum
1255 3832 1425 3902 (quod
1452 3835 1567 3887 iam
1594 3833 1862 3903 Polybius
1897 3837 1988 3900 24,
2018 3837 2070 3900 9,
2099 3837 2136 3888 6
2151 3850 2227 3902 eq.
2257 3839 2616 3903 narraverat)

320 3906 485 3958 etiam
517 3905 777 3959 Valerius
812 3906 1017 3959 Antias
1063 3906 1263 3972 recepit
1309 3903 1451 3972 (uid.
1480 3905 1551 3971 fr.
1584 3909 1654 3958 45
1693 3922 1733 3960 c.
1765 3905 1943 3974 adn),
1991 3907 2222 3960 alterum
2268 3907 2420 3972 (item
2463 3905 2619 3975 apud

324 3975 615 4045 Polybium
658 3980 751 4042 24,
788 3973 877 4044 9⁰)
914 3977 1073 4044 fama
1117 3977 1375 4030 Liuiam
1420 3995 1456 4030 α
1507 3977 1725 4032 Valerio
1771 3977 1995 4031 diuersa
2041 3981 2128 4044 38,
2167 3981 2256 4043 55,
2295 3981 2332 4031 9
2349 3993 2459 4046 sqq.
2497 3977 2617 4032 uid.

328 4047 631 4102 Mommsen
668 4049 699 4103 1.
727 4065 769 4102 8.
802 4065 854 4115 p.
886 4051 996 4102 462
1011 4064 1121 4116 sqq.
1273 4077 1284 4086 ·

500 4255 557 4311 3.
605 4255 871 4328 scipione
914 4253 1074 4312 oodd.
1161 4283 1169 4293 =
1256 4254 1315 4310 4.
1364 4270 1489 4312 esse
1535 4251 1699 4312 oodd.
1883 4255 1940 4313 8.
1989 4271 2026 4310 a.
2071 4253 2366 4330 dignitate
2413 4247 2476 4312 R

499 4334 569 4421 4,
625 4345 722 4401 13.
772 4341 987 4402 Cratae
1032 4345 1099 4401 in
1145 4342 1229 4400 ed.
1270 4343 1461 4416 Μέρη.
1502 4343 1770 4401 additum
1817 4337 1926 4402 ‘ean
1964 4338 2124 4401 mss?
