3234 5034
681 340 777 404 ixx
1176 336 1274 391 m:
1313 336 1783 393 scnffronM
1818 319 2009 393 'vms
2047 338 2141 393 ΕΤ
2179 338 2493 395 scrupus

861 512 1127 593 Denique
1173 533 1317 575 num
1366 513 1590 575 Gellius
1639 515 1747 592 (fr.
1788 516 1857 589 1)
1907 524 2009 576 aut
2052 515 2293 577 Tacitus
2340 517 2449 594 (fr.
2488 518 2560 591 4)
2608 536 2739 578 eam
2794 519 2980 598 ipsam

679 614 1067 692 inspexerint,
1123 631 1243 673 non
1298 612 1510 695 liquet3
1567 620 1798 674 certum
1844 621 2043 674 tamen
2092 632 2224 675 esse
2274 622 2418 693 puto
2464 614 2613 675 haec
2656 617 2789 676 iure
2838 618 2981 677 anti-

683 712 884 789 quitus
944 710 1272 789 fragmenta
1329 727 1400 770 ex
1447 712 1570 771 uita
1619 719 1897 791 excerpta
1942 710 2141 772 habita
2190 730 2354 794 esse3
2412 715 2615 773 nescio
2664 716 2840 793 enim,
2886 717 2982 775 cui

681 806 783 869 alii
827 807 980 868 libro
1027 810 1250 869 rectius
1297 807 1648 869 ascribenda
1695 810 1830 869 sint.
1898 858 1935 881 χ

1236 1148 1316 1219 Τ.
1355 1146 1901 1221 POMPONIVS
1958 1146 2365 1221 ATTICVS
2386 1143 2438 1232 ²)

859 1323 924 1385 T.
962 1322 1272 1404 Pomponii
1307 1328 1595 1387 memoria
1632 1334 1758 1387 arte
1805 1326 1977 1386 nohis
2012 1343 2173 1386 nunc
2210 1345 2348 1387 cum
2385 1325 2652 1389 Tulliana
2690 1329 2982 1391 cohaeret.

681 1440 818 1484 nam
864 1440 914 1484 a.
958 1418 1255 1505 109s645
1296 1426 1560 1503 equestri
1606 1423 1735 1485 loco
1783 1433 1956 1484 natus
2005 1433 2066 1484 et
2110 1442 2143 1485 a
2187 1432 2383 1504 patre,
2439 1428 2570 1486 uiro
2626 1426 2983 1507 doctissimo,

682 1519 1015 1581 liberaliter
1077 1523 1390 1583 institutus
1455 1522 1662 1584 eadem
1729 1520 2039 1602 disciplina
2103 1523 2221 1582 iam
2276 1540 2427 1601 puer
2486 1542 2632 1584 usus
2694 1533 2810 1603 est,
2870 1544 2984 1605 qua

678 1628 920 1698 praeter
966 1618 1029 1680 L.
1078 1618 1446 1699 Torquatum
1495 1628 1556 1682 et
1602 1618 1665 1681 C.
1704 1619 1956 1681 Marium
2002 1619 2191 1681 fllium
2236 1618 2310 1680 Μ.
2349 1619 2579 1682 Tullius
2627 1620 2852 1702 Cicero,
2899 1622 2983 1682 sa-

679 1716 1197 1797 miliaritatemque
1243 1727 1594 1799 perpetuam
1644 1737 1783 1779 cum
1820 1737 1889 1779 eo
1925 1720 2136 1779 iunxit.
2212 1737 2347 1778 cum
2385 1737 2530 1779 uero
2570 1722 2755 1779 ceteri
2791 1720 2983 1799 puhli-

681 1834 810 1876 cam
856 1816 1044 1877 uitam
1091 1825 1488 1896 capesserent,
1534 1819 1663 1895 ipse
1711 1816 2031 1877 ambitione
2078 1824 2139 1878 et
2182 1815 2465 1895 periculis
2516 1836 2729 1877 uacare
2776 1818 2986 1879 maluit

681 1921 855 1993 atque
893 1913 1047 1975 hello
1087 1914 1251 1974 ciuili
1297 1924 1443 1994 orto,
1489 1933 1564 1975 ne
1605 1914 1951 1975 alterutram
1988 1922 2217 1995 partem
2256 1914 2601 1993 offenderet,
2640 1933 2690 1977 a.
2730 1912 2982 1997 86s668

683 2008 851 2072 ‘cum
897 2030 1110 2090 magna
1155 2020 1324 2092 parte
1371 2012 1743 2073 fortunarum
1792 2009 2067 2073 suarum'
2116 2012 2375 2074 Athenas
2414 2030 2477 2073 se
2516 2016 2743 2093 recepit
2778 2013 2983 2095 ibique

679 2128 788 2188 per
834 2128 1020 2170 unum
1067 2119 1129 2171 et
1173 2111 1385 2190 uiginti
1435 2129 1619 2171 annos
1667 2113 1885 2171 mansit
1932 2119 1992 2171 et
2034 2109 2393 2171 academiam
2431 2110 2985 2193 Epicureorumque

679 2206 883 2268 hortos
939 2208 1326 2287 frequentans
1375 2201 1456 2292 (a.
1497 2204 1752 2289 79s675
1792 2208 1978 2273 ,simul
2034 2227 2170 2269 cum
2217 2202 2531 2293 Cicerone)
2582 2218 2641 2271 et
2696 2209 2835 2271 urbi
2886 2230 2984 2272 ex-

679 2304 924 2366 haustae
991 2324 1064 2366 ex
1127 2304 1457 2367 hereditate
1525 2325 1659 2386 sua,
1724 2326 1899 2387 quam
1962 2326 1995 2367 a
2057 2315 2225 2386 patre
2291 2317 2604 2387 acceperat
2665 2310 2985 2389 usurisque

679 2402 949 2483 augebat,
995 2422 1371 2483 succurrens,
1418 2412 1486 2466 ut
1531 2404 1807 2466 omnihus
1852 2403 2179 2465 honoribus
2226 2404 2298 2465 ab
2338 2407 2467 2466 eius
2506 2405 2741 2467 ciuibus
2780 2425 2985 2469 cumu-

679 2500 921 2562 laretur.
1005 2500 1294 2563 Vniuersa
1342 2502 1609 2563 doctrina
1648 2502 1871 2563 Graeca
1915 2503 2265 2581 instructuS‚
2314 2522 2449 2564 cum
2496 2522 2613 2564 non
2656 2522 2987 2583 cognomen

681 2599 876 2661 solum
921 2600 1180 2675 Athenis
1216 2600 1556 2680 deportaret
1601 2602 1955 2673 (Drumann
2004 2601 2060 2661 V
2082 2619 2151 2677 p.
2190 2600 2306 2673 85)
2354 2599 2601 2662 Romam
2646 2622 2696 2663 a.
2727 2598 2985 2683 65s689

681 2715 964 2759 reuersus
1013 2700 1126 2759 etsi
1173 2698 1478 2760 Ciceronis
1522 2698 1781 2779 publicis
1828 2697 2093 2761 consiliis
2146 2697 2407 2778 fauebat,
2463 2706 2663 2761 tamen
2711 2720 2745 2761 a
2792 2700 2986 2762 [lucti—

681 2795 792 2857 bus
849 2794 1126 2857 ciuilibus
1182 2805 1446 2858 remotus
1501 2816 1578 2858 ne
1636 2815 1773 2858 cum
1826 2796 1889 2857 P.
1929 2795 2132 2857 Clodio
2190 2796 2431 2875 quidem
2491 2798 2988 2861 consuetudinem

679 2896 1002 2957 intermisit
1055 2902 1157 2956 aut
1210 2895 1449 2957 Antonii
1505 2895 1827 2957 familiares
1882 2914 1955 2955 ex
2013 2893 2163 2955 urbe
2220 2896 2512 2973 fugientes
2570 2903 2670 2956 aut
2714 2896 2987 2958 Fuluiam

681 2988 1103 3071 ‘temporaria'
1167 2992 1517 3055 liberalitate
1575 3013 1681 3054 sua
1740 2993 2028 3072 deseruit,
2085 2994 2358 3071 quamuis
2419 2990 2693 3054 Ciceroni
2756 2996 2989 3055 inimici

681 3099 898 3170 essent,
956 3091 1323 3172 eandemque
1382 3094 1672 3153 rationem
1730 3093 1910 3152 etiam
1965 3097 2169 3171 postea
2226 3098 2467 3152 secutus
2514 3099 2631 3170 est,
2678 3101 2747 3152 ut
2790 3111 2989 3173 neque

679 3188 936 3249 honores
990 3198 1223 3270 peteret
1277 3198 1335 3251 et
1392 3190 1771 3251 obseruantia
1828 3191 2219 3268 comitateque
2276 3190 2543 3249 omnium
2600 3191 2827 3251 animos
2887 3190 2990 3251 de-

679 3288 964 3366 uinciret‚
1019 3286 1181 3348 idem
1236 3296 1435 3349 tamen
1482 3288 1656 3349 senus
1709 3287 2029 3348 extendere
2075 3294 2369 3365 pergeret.
2451 3288 2651 3367 itaque
2700 3306 2839 3349 cum
2886 3288 2989 3349 ad-

680 3384 921 3446 modum
960 3393 1167 3447 eautus
1204 3385 1663 3466 moderatusque
1701 3393 1860 3447 esset
1896 3403 2089 3465 neque
2120 3382 2445 3465 quidquam
2488 3393 2715 3446 temere
2744 3387 2993 3466 faceret,

680 3484 954 3564 quamuis
1004 3482 1173 3544 diues
1220 3492 1396 3563 esset,
1435 3502 1508 3545 ex
1547 3491 1632 3545 tot
1672 3482 1964 3544 bellorum
2002 3480 2269 3545 ciuilium
2306 3482 2592 3561 periculis
2630 3483 2991 3565 insidiisque

681 3580 993 3642 incolumis
1049 3584 1241 3643 euasit
1295 3600 1565 3662 annoque
1613 3576 1899 3663 32s722,
1956 3600 2098 3660 cum
2145 3582 2208 3641 in
2262 3580 2538 3641 morbum
2594 3600 2838 3661 grauem
2895 3584 2990 3643 in-

682 3678 943 3758 cidisset,
991 3679 1188 3740 inedia
1233 3681 1418 3741 uitam
1466 3681 1679 3741 finiuit.

859 3776 1060 3838 Indole
1109 3779 1292 3855 igitur
1330 3777 1792 3839 dissimillimum
1831 3796 1967 3839 eum
2008 3776 2313 3837 Ciceronis
2361 3778 2544 3837 fuisse
2583 3778 2989 3840 manufestum

682 3884 776 3936 est
819 3894 1011 3954 neque
1057 3877 1294 3955 mirum,
1342 3876 1499 3955 quod
1548 3876 1880 3938 simultates
1918 3874 2206 3955 quaedam
2250 3876 2410 3935 inter
2446 3892 2549 3935 eos
2588 3893 2707 3936 non
2744 3879 2989 3938 omnino

685 3973 1017 4034 deruerunt.
1095 3972 1201 4034 sed
1249 3992 1485 4053 semper
1532 3994 1634 4035 eos
1683 3973 2034 4035 conciliabat
2078 3973 2410 4033 communis
2448 3990 2616 4034 amor
2651 3974 2987 4036 studiorum

680 4071 1149 4151 litterarumque,
1195 4073 1259 4131 in
1305 4089 1422 4153 quo
1471 4073 1713 4153 quidem
1758 4074 1889 4152 ipsa
1938 4071 2271 4131 differentia
2318 4072 2538 4132 artiore
2584 4071 2825 4133 uinculo
2880 4092 2986 4133 eos

865 4265 914 4328 1)
951 4260 1000 4314 J.
1033 4260 1097 4316 G.
1135 4260 1466 4330 Hulleman‚
1513 4264 1775 4318 Diatribe
1819 4263 1883 4316 in
1934 4263 1992 4316 Τ.
2025 4263 2090 4317 P.
2130 4262 2201 4317 A.
2231 4260 2499 4331 (Traiecti
2546 4278 2635 4331 ap.
2666 4260 2769 4315 Rh.
2804 4265 2980 4332 1838).

681 4340 764 4395 De
803 4340 926 4394 uita.
962 4340 1252 4395 Drumann
1289 4343 1367 4397 H.
1398 4343 1468 4397 R.
1497 4341 1548 4396 V
1586 4360 1641 4413 p.
1673 4348 1866 4398 5-90.
