<?xml version="1.0" encoding="UTF-8"?>
<!DOCTYPE html PUBLIC "-//W3C//DTD XHTML 1.0 Transitional//EN"
    "http://www.w3.org/TR/xhtml1/DTD/xhtml1-transitional.dtd">
<html xmlns="http://www.w3.org/1999/xhtml" xml:lang="en" lang="en">
 <head>
  <title>
</title>
<meta http-equiv="Content-Type" content="text/html;charset=utf-8" />
  <meta name='ocr-system' content='tesseract 3.04.00' />
  <meta name='ocr-capabilities' content='ocr_page ocr_carea ocr_par ocr_line ocrx_word'/>
</head>
<body>
  <div class='ocr_page' id='page_1' title='image "./historicorvmrom00petegoog_0356.png"; bbox 0 0 3234 5034; ppageno 0'>
   <div class='ocr_carea' id='block_1_1' title="bbox 25 4218 33 4963">
    <p class='ocr_par' dir='ltr' id='par_1_1' title="bbox 25 4218 33 4963">
     <span class='ocr_line' id='line_1_1' title="bbox 25 4218 33 4963; baseline 0 0"><span class='ocrx_word' id='word_1_1' title='bbox 25 4218 33 4963; x_wconf 95' lang='lat' dir='ltr'><strong> </strong></span> 
     </span>
    </p>
   </div>
   <div class='ocr_carea' id='block_1_2' title="bbox 1366 349 2625 418">
    <p class='ocr_par' dir='ltr' id='par_1_2' title="bbox 1366 349 2625 418">
     <span class='ocr_line' id='line_1_2' title="bbox 1366 349 2625 418; baseline 0.01 -13"><span class='ocrx_word' id='word_1_2' title='bbox 1366 349 1590 406; x_wconf 82' lang='lat' dir='ltr'>VITAE</span> <span class='ocrx_word' id='word_1_3' title='bbox 2498 351 2625 418; x_wconf 83' lang='lat'><strong>135</strong></span> 
     </span>
    </p>
   </div>
   <div class='ocr_carea' id='block_1_3' title="bbox 501 492 2765 630">
    <p class='ocr_par' dir='ltr' id='par_1_3' title="bbox 501 492 2765 630">
     <span class='ocr_line' id='line_1_3' title="bbox 501 492 2765 630; baseline 0.003 -53"><span class='ocrx_word' id='word_1_4' title='bbox 501 511 568 578; x_wconf 80' lang='lat'><strong>5.</strong></span> <span class='ocrx_word' id='word_1_5' title='bbox 619 519 790 580; x_wconf 78' lang='lat' dir='ltr'><strong>Max.</strong></span> <span class='ocrx_word' id='word_1_6' title='bbox 832 519 935 594; x_wconf 84' lang='lat'><strong>12,</strong></span> <span class='ocrx_word' id='word_1_7' title='bbox 965 521 1004 580; x_wconf 88' lang='lat'><em>5</em></span> <span class='ocrx_word' id='word_1_8' title='bbox 1065 519 1226 580; x_wconf 85' lang='lat' dir='ltr'><strong>Victa</strong></span> <span class='ocrx_word' id='word_1_9' title='bbox 1273 521 1456 598; x_wconf 90' lang='lat' dir='ltr'><strong>igitur</strong></span> <span class='ocrx_word' id='word_1_10' title='bbox 1501 517 1818 580; x_wconf 81' lang='lat' dir='ltr'><strong>Germania</strong></span> <span class='ocrx_word' id='word_1_11' title='bbox 1865 518 2093 581; x_wconf 77' lang='lat' dir='ltr'><strong>litteras</strong></span> <span class='ocrx_word' id='word_1_12' title='bbox 2142 518 2623 596; x_wconf 74' lang='lat' dir='ltr'><strong><em>[Maximinus</em></strong></span> <span class='ocrx_word' id='word_1_13' title='bbox 2660 492 2765 630; x_wconf 58' lang='lat' dir='ltr'><strong>{gg</strong></span> 
     </span>
    </p>
   </div>
   <div class='ocr_carea' id='block_1_4' title="bbox 211 615 2753 3153">
    <p class='ocr_par' dir='ltr' id='par_1_4' title="bbox 313 615 2623 894">
     <span class='ocr_line' id='line_1_4' title="bbox 315 615 2619 697; baseline 0.001 -21"><span class='ocrx_word' id='word_1_14' title='bbox 315 615 578 694; x_wconf 84' lang='lat' dir='ltr'><strong>maior]</strong></span> <span class='ocrx_word' id='word_1_15' title='bbox 626 615 873 678; x_wconf 84' lang='lat' dir='ltr'><strong>Romam</strong></span> <span class='ocrx_word' id='word_1_16' title='bbox 928 617 1000 678; x_wconf 90' lang='lat' dir='ltr'><strong>ad</strong></span> <span class='ocrx_word' id='word_1_17' title='bbox 1057 626 1327 679; x_wconf 90' lang='lat' dir='ltr'><strong>senatum</strong></span> <span class='ocrx_word' id='word_1_18' title='bbox 1381 625 1441 678; x_wconf 92' lang='lat' dir='ltr'><strong>et</strong></span> <span class='ocrx_word' id='word_1_19' title='bbox 1496 615 1781 697; x_wconf 92' lang='lat' dir='ltr'><strong>populum</strong></span> <span class='ocrx_word' id='word_1_20' title='bbox 1830 619 1997 678; x_wconf 81' lang='lat' dir='ltr'><strong>misit</strong></span> <span class='ocrx_word' id='word_1_21' title='bbox 2048 635 2114 678; x_wconf 89' lang='lat' dir='ltr'><strong>se</strong></span> <span class='ocrx_word' id='word_1_22' title='bbox 2171 617 2431 679; x_wconf 80' lang='lat' dir='ltr'><strong>dictante</strong></span> <span class='ocrx_word' id='word_1_23' title='bbox 2482 636 2619 678; x_wconf 91' lang='lat' dir='ltr'><strong>con-</strong></span> 
     </span>
     <span class='ocr_line' id='line_1_5' title="bbox 315 712 2619 796; baseline 0.002 -22"><span class='ocrx_word' id='word_1_24' title='bbox 315 716 596 794; x_wconf 79' lang='lat' dir='ltr'><strong>scriptaS,</strong></span> <span class='ocrx_word' id='word_1_25' title='bbox 663 734 912 796; x_wconf 88' lang='lat' dir='ltr'><strong>quarum</strong></span> <span class='ocrx_word' id='word_1_26' title='bbox 979 718 1273 778; x_wconf 90' lang='lat' dir='ltr'><strong>sententia</strong></span> <span class='ocrx_word' id='word_1_27' title='bbox 1337 715 1482 776; x_wconf 87' lang='lat' dir='ltr'><strong>haec</strong></span> <span class='ocrx_word' id='word_1_28' title='bbox 1547 716 1684 777; x_wconf 80' lang='lat' dir='ltr'><strong>suit:</strong></span> <span class='ocrx_word' id='word_1_29' title='bbox 1760 712 1915 776; x_wconf 75' lang='lat' dir='ltr'><strong>‘Non</strong></span> <span class='ocrx_word' id='word_1_30' title='bbox 1989 735 2309 795; x_wconf 87' lang='lat' dir='ltr'><strong>possumus</strong></span> <span class='ocrx_word' id='word_1_31' title='bbox 2370 724 2619 796; x_wconf 89' lang='lat' dir='ltr'><strong>tantum,</strong></span> 
     </span>
     <span class='ocr_line' id='line_1_6' title="bbox 313 813 2623 894; baseline 0.001 -21"><span class='ocrx_word' id='word_1_32' title='bbox 313 821 516 892; x_wconf 86' lang='lat' dir='ltr'><strong>patres</strong></span> <span class='ocrx_word' id='word_1_33' title='bbox 587 815 935 893; x_wconf 81' lang='lat' dir='ltr'><strong>conscripti,</strong></span> <span class='ocrx_word' id='word_1_34' title='bbox 1002 813 1164 894; x_wconf 92' lang='lat' dir='ltr'><strong>loqui</strong></span> <span class='ocrx_word' id='word_1_35' title='bbox 1227 822 1512 894; x_wconf 88' lang='lat' dir='ltr'><strong>quantum</strong></span> <span class='ocrx_word' id='word_1_36' title='bbox 1571 815 1838 875; x_wconf 81' lang='lat' dir='ltr'><strong>fecimus.</strong></span> <span class='ocrx_word' id='word_1_37' title='bbox 1913 832 2024 894; x_wconf 90' lang='lat' dir='ltr'><strong>per</strong></span> <span class='ocrx_word' id='word_1_38' title='bbox 2078 814 2465 894; x_wconf 86' lang='lat' dir='ltr'><strong>quadraginta</strong></span> <span class='ocrx_word' id='word_1_39' title='bbox 2520 818 2623 876; x_wconf 81' lang='lat' dir='ltr'><strong>uel</strong></span> 
     </span>
    </p>

    <p class='ocr_par' dir='ltr' id='par_1_5' title="bbox 255 911 2616 1368">
     <span class='ocr_line' id='line_1_7' title="bbox 255 911 2616 997; baseline 0 -25"><span class='ocrx_word' id='word_1_40' title='bbox 255 939 280 979; x_wconf 78' lang='lat'><strong>5</strong></span> <span class='ocrx_word' id='word_1_41' title='bbox 311 913 740 992; x_wconf 86' lang='lat' dir='ltr'><strong>quinquaginta</strong></span> <span class='ocrx_word' id='word_1_42' title='bbox 804 911 966 974; x_wconf 86' lang='lat' dir='ltr'><strong>milia</strong></span> <span class='ocrx_word' id='word_1_43' title='bbox 1036 911 1464 997; x_wconf 84' lang='lat' dir='ltr'><strong>Germanorum</strong></span> <span class='ocrx_word' id='word_1_44' title='bbox 1530 915 1699 973; x_wconf 90' lang='lat' dir='ltr'><strong>uicos</strong></span> <span class='ocrx_word' id='word_1_45' title='bbox 1764 912 2166 990; x_wconf 87' lang='lat' dir='ltr'><strong>incendimus,</strong></span> <span class='ocrx_word' id='word_1_46' title='bbox 2232 930 2445 992; x_wconf 81' lang='lat' dir='ltr'><strong>greges</strong></span> <span class='ocrx_word' id='word_1_47' title='bbox 2518 911 2616 974; x_wconf 87' lang='lat' dir='ltr'><strong>ab·</strong></span> 
     </span>
     <span class='ocr_line' id='line_1_8' title="bbox 313 1008 2615 1092; baseline 0.001 -22"><span class='ocrx_word' id='word_1_48' title='bbox 313 1008 592 1072; x_wconf 87' lang='lat' dir='ltr'><strong>duximus</strong></span> <span class='ocrx_word' id='word_1_49' title='bbox 601 1058 619 1091; x_wconf 96' lang='lat'><strong>,</strong></span> <span class='ocrx_word' id='word_1_50' title='bbox 684 1013 951 1090; x_wconf 89' lang='lat' dir='ltr'><strong>captiuos</strong></span> <span class='ocrx_word' id='word_1_51' title='bbox 1026 1010 1446 1090; x_wconf 81' lang='lat' dir='ltr'><strong>abstraximus,</strong></span> <span class='ocrx_word' id='word_1_52' title='bbox 1513 1018 1769 1072; x_wconf 88' lang='lat' dir='ltr'><strong>armatos</strong></span> <span class='ocrx_word' id='word_1_53' title='bbox 1842 1012 2198 1091; x_wconf 90' lang='lat' dir='ltr'><strong>occidimus,</strong></span> <span class='ocrx_word' id='word_1_54' title='bbox 2273 1013 2337 1072; x_wconf 91' lang='lat' dir='ltr'><strong>in</strong></span> <span class='ocrx_word' id='word_1_55' title='bbox 2401 1011 2615 1092; x_wconf 86' lang='lat' dir='ltr'><strong>palude</strong></span> 
     </span>
     <span class='ocr_line' id='line_1_9' title="bbox 307 1108 2615 1190; baseline 0.001 -21"><span class='ocrx_word' id='word_1_56' title='bbox 307 1111 728 1188; x_wconf 84' lang='lat' dir='ltr'><strong>pugnauimus.</strong></span> <span class='ocrx_word' id='word_1_57' title='bbox 793 1112 1278 1189; x_wconf 86' lang='lat' dir='ltr'><strong>peruenissemus</strong></span> <span class='ocrx_word' id='word_1_58' title='bbox 1325 1108 1398 1170; x_wconf 89' lang='lat' dir='ltr'><strong>ad</strong></span> <span class='ocrx_word' id='word_1_59' title='bbox 1446 1110 1648 1189; x_wconf 88' lang='lat' dir='ltr'><strong>siluas,</strong></span> <span class='ocrx_word' id='word_1_60' title='bbox 1694 1111 1811 1170; x_wconf 90' lang='lat' dir='ltr'><strong>nisi</strong></span> <span class='ocrx_word' id='word_1_61' title='bbox 1860 1108 2107 1170; x_wconf 80' lang='lat' dir='ltr'><strong>altitudo</strong></span> <span class='ocrx_word' id='word_1_62' title='bbox 2154 1109 2459 1190; x_wconf 88' lang='lat' dir='ltr'><strong>paludium</strong></span> <span class='ocrx_word' id='word_1_63' title='bbox 2507 1129 2615 1171; x_wconf 87' lang='lat' dir='ltr'><strong>nos</strong></span> 
     </span>
     <span class='ocr_line' id='line_1_10' title="bbox 307 1205 2613 1288; baseline 0.001 -22"><span class='ocrx_word' id='word_1_64' title='bbox 307 1208 566 1268; x_wconf 85' lang='lat' dir='ltr'><strong>transire</strong></span> <span class='ocrx_word' id='word_1_65' title='bbox 614 1226 733 1268; x_wconf 91' lang='lat' dir='ltr'><strong>non</strong></span> <span class='ocrx_word' id='word_1_66' title='bbox 779 1205 1192 1287; x_wconf 60' lang='lat' dir='ltr'><strong>permisisset!</strong></span> <span class='ocrx_word' id='word_1_67' title='bbox 1258 1207 1458 1268; x_wconf 79' lang='lat' dir='ltr'><strong>Aelius</strong></span> <span class='ocrx_word' id='word_1_68' title='bbox 1505 1207 1735 1268; x_wconf 85' lang='lat' dir='ltr'><strong>Cordus</strong></span> <span class='ocrx_word' id='word_1_69' title='bbox 1775 1207 1919 1269; x_wconf 89' lang='lat' dir='ltr'><strong>dicit</strong></span> <span class='ocrx_word' id='word_1_70' title='bbox 1953 1207 2108 1269; x_wconf 89' lang='lat' dir='ltr'><strong>banc</strong></span> <span class='ocrx_word' id='word_1_71' title='bbox 2144 1211 2386 1269; x_wconf 90' lang='lat' dir='ltr'><strong>omnino</strong></span> <span class='ocrx_word' id='word_1_72' title='bbox 2424 1211 2613 1288; x_wconf 82' lang='lat' dir='ltr'><strong>ipsius</strong></span> 
     </span>
     <span class='ocr_line' id='line_1_11' title="bbox 309 1305 1387 1368; baseline 0.003 -4"><span class='ocrx_word' id='word_1_73' title='bbox 309 1307 643 1367; x_wconf 79' lang='lat' dir='ltr'><strong>orationem</strong></span> <span class='ocrx_word' id='word_1_74' title='bbox 679 1306 896 1367; x_wconf 85' lang='lat' dir='ltr'><strong>fuisse:</strong></span> <span class='ocrx_word' id='word_1_75' title='bbox 943 1305 1231 1368; x_wconf 84' lang='lat' dir='ltr'><strong>credibile</strong></span> <span class='ocrx_word' id='word_1_76' title='bbox 1280 1314 1387 1368; x_wconf 91' lang='lat' dir='ltr'><strong>est.</strong></span> 
     </span>
    </p>

    <p class='ocr_par' dir='ltr' id='par_1_6' title="bbox 227 1385 2753 1878">
     <span class='ocr_line' id='line_1_12' title="bbox 227 1385 2753 1484; baseline -0.002 -14"><span class='ocrx_word' id='word_1_77' title='bbox 227 1431 280 1470; x_wconf 81' lang='lat' dir='ltr'><strong>‚o</strong></span> <span class='ocrx_word' id='word_1_78' title='bbox 489 1399 558 1467; x_wconf 80' lang='lat'><strong>6.</strong></span> <span class='ocrx_word' id='word_1_79' title='bbox 615 1406 796 1467; x_wconf 82' lang='lat' dir='ltr'><strong>Gord.</strong></span> <span class='ocrx_word' id='word_1_80' title='bbox 828 1405 931 1484; x_wconf 80' lang='lat'><strong>14,</strong></span> <span class='ocrx_word' id='word_1_81' title='bbox 961 1406 1004 1465; x_wconf 87' lang='grc'><strong><em>6</em></strong></span> <span class='ocrx_word' id='word_1_82' title='bbox 1049 1405 1315 1484; x_wconf 89' lang='lat' dir='ltr'><strong>Denique</strong></span> <span class='ocrx_word' id='word_1_83' title='bbox 1349 1404 1759 1483; x_wconf 75' lang='lat' dir='ltr'><strong>[Maximinus</strong></span> <span class='ocrx_word' id='word_1_84' title='bbox 1784 1409 1992 1466; x_wconf 84' lang='lat' dir='ltr'><strong>senior</strong></span> <span class='ocrx_word' id='word_1_85' title='bbox 2019 1407 2231 1466; x_wconf 80' lang='lat' dir='ltr'><strong>audito</strong></span> <span class='ocrx_word' id='word_1_86' title='bbox 2266 1406 2605 1466; x_wconf 84' lang='lat' dir='ltr'><strong>Gordiano·</strong></span> <span class='ocrx_word' id='word_1_87' title='bbox 2646 1385 2753 1466; x_wconf 54' lang='lat'><strong>2—32</strong></span> 
     </span>
     <span class='ocr_line' id='line_1_13' title="bbox 305 1476 2745 1582; baseline 0 -20"><span class='ocrx_word' id='word_1_88' title='bbox 305 1520 446 1562; x_wconf 82' lang='lat' dir='ltr'><strong>rum</strong></span> <span class='ocrx_word' id='word_1_89' title='bbox 493 1502 773 1581; x_wconf 83' lang='lat' dir='ltr'><strong>imperio]</strong></span> <span class='ocrx_word' id='word_1_90' title='bbox 813 1505 1010 1564; x_wconf 88' lang='lat' dir='ltr'><strong>statim</strong></span> <span class='ocrx_word' id='word_1_91' title='bbox 1059 1503 1132 1564; x_wconf 89' lang='lat' dir='ltr'><strong>ad</strong></span> <span class='ocrx_word' id='word_1_92' title='bbox 1181 1502 1368 1565; x_wconf 81' lang='lat' dir='ltr'><strong>tilium</strong></span> <span class='ocrx_word' id='word_1_93' title='bbox 1413 1505 1673 1582; x_wconf 88' lang='lat' dir='ltr'><strong>scripsit,</strong></span> <span class='ocrx_word' id='word_1_94' title='bbox 1710 1504 1814 1582; x_wconf 91' lang='lat' dir='ltr'><strong>qui</strong></span> <span class='ocrx_word' id='word_1_95' title='bbox 1851 1501 2023 1581; x_wconf 89' lang='lat' dir='ltr'><strong>longe</strong></span> <span class='ocrx_word' id='word_1_96' title='bbox 2060 1510 2193 1582; x_wconf 90' lang='lat' dir='ltr'><strong>post</strong></span> <span class='ocrx_word' id='word_1_97' title='bbox 2231 1501 2605 1582; x_wconf 86' lang='lat' dir='ltr'><strong>sequebatur,</strong></span> <span class='ocrx_word' id='word_1_98' title='bbox 2647 1476 2745 1524; x_wconf 85' lang='lat'><strong>991</strong></span> 
     </span>
     <span class='ocr_line' id='line_1_14' title="bbox 305 1599 2607 1681; baseline 0.001 -21"><span class='ocrx_word' id='word_1_99' title='bbox 305 1608 374 1660; x_wconf 89' lang='lat' dir='ltr'><strong>ut</strong></span> <span class='ocrx_word' id='word_1_100' title='bbox 419 1600 802 1680; x_wconf 85' lang='lat' dir='ltr'><strong>adceleraret,</strong></span> <span class='ocrx_word' id='word_1_101' title='bbox 847 1620 922 1662; x_wconf 90' lang='lat' dir='ltr'><strong>ne</strong></span> <span class='ocrx_word' id='word_1_102' title='bbox 970 1601 1113 1681; x_wconf 91' lang='lat' dir='ltr'><strong>quid</strong></span> <span class='ocrx_word' id='word_1_103' title='bbox 1161 1610 1363 1663; x_wconf 87' lang='lat' dir='ltr'><strong>contra</strong></span> <span class='ocrx_word' id='word_1_104' title='bbox 1412 1620 1548 1662; x_wconf 89' lang='lat' dir='ltr'><strong>eum</strong></span> <span class='ocrx_word' id='word_1_105' title='bbox 1597 1619 1662 1661; x_wconf 89' lang='lat' dir='ltr'><strong>se</strong></span> <span class='ocrx_word' id='word_1_106' title='bbox 1711 1599 1955 1662; x_wconf 84' lang='lat' dir='ltr'><strong>absente</strong></span> <span class='ocrx_word' id='word_1_107' title='bbox 2004 1599 2223 1662; x_wconf 87' lang='lat' dir='ltr'><strong>milites</strong></span> <span class='ocrx_word' id='word_1_108' title='bbox 2262 1603 2607 1680; x_wconf 83' lang='lat' dir='ltr'><strong>cogitarent.</strong></span> 
     </span>
     <span class='ocr_line' id='line_1_15' title="bbox 303 1695 2605 1779; baseline 0.001 -22"><span class='ocrx_word' id='word_1_109' title='bbox 303 1697 639 1760; x_wconf 88' lang='lat' dir='ltr'><strong>litterarum</strong></span> <span class='ocrx_word' id='word_1_110' title='bbox 703 1698 1037 1779; x_wconf 84' lang='lat' dir='ltr'><strong>exemplum</strong></span> <span class='ocrx_word' id='word_1_111' title='bbox 1106 1698 1218 1761; x_wconf 90' lang='lat' dir='ltr'><strong>tale</strong></span> <span class='ocrx_word' id='word_1_112' title='bbox 1282 1700 1488 1762; x_wconf 86' lang='lat' dir='ltr'><strong>Iunius</strong></span> <span class='ocrx_word' id='word_1_113' title='bbox 1553 1697 1783 1760; x_wconf 89' lang='lat' dir='ltr'><strong>Cordus</strong></span> <span class='ocrx_word' id='word_1_114' title='bbox 1848 1698 2061 1760; x_wconf 86' lang='lat' dir='ltr'><strong>edidit:</strong></span> <span class='ocrx_word' id='word_1_115' title='bbox 2119 1695 2345 1760; x_wconf 73' lang='lat' dir='ltr'><strong>‘Refert</strong></span> <span class='ocrx_word' id='word_1_116' title='bbox 2410 1698 2482 1760; x_wconf 93' lang='lat' dir='ltr'><strong>ad</strong></span> <span class='ocrx_word' id='word_1_117' title='bbox 2545 1706 2605 1760; x_wconf 92' lang='lat' dir='ltr'><strong>te</strong></span> 
     </span>
     <span class='ocr_line' id='line_1_16' title="bbox 303 1796 2603 1878; baseline 0.001 -23"><span class='ocrx_word' id='word_1_118' title='bbox 303 1799 558 1877; x_wconf 86' lang='lat' dir='ltr'><strong>stipator</strong></span> <span class='ocrx_word' id='word_1_119' title='bbox 611 1815 781 1858; x_wconf 88' lang='lat' dir='ltr'><strong>meus</strong></span> <span class='ocrx_word' id='word_1_120' title='bbox 834 1798 1212 1877; x_wconf 82' lang='lat' dir='ltr'><strong>Tynchanius</strong></span> <span class='ocrx_word' id='word_1_121' title='bbox 1268 1817 1419 1878; x_wconf 92' lang='lat' dir='ltr'><strong>quae</strong></span> <span class='ocrx_word' id='word_1_122' title='bbox 1474 1808 1641 1877; x_wconf 85' lang='lat' dir='ltr'><strong>gesta</strong></span> <span class='ocrx_word' id='word_1_123' title='bbox 1698 1799 1952 1876; x_wconf 86' lang='lat' dir='ltr'><strong>cognoui</strong></span> <span class='ocrx_word' id='word_1_124' title='bbox 2006 1796 2105 1857; x_wconf 91' lang='lat' dir='ltr'><strong>uel</strong></span> <span class='ocrx_word' id='word_1_125' title='bbox 2158 1799 2219 1857; x_wconf 91' lang='lat' dir='ltr'><strong>in</strong></span> <span class='ocrx_word' id='word_1_126' title='bbox 2268 1797 2461 1858; x_wconf 80' lang='lat' dir='ltr'><strong>Africa</strong></span> <span class='ocrx_word' id='word_1_127' title='bbox 2508 1797 2603 1858; x_wconf 92' lang='lat' dir='ltr'><strong>uel</strong></span> 
     </span>
    </p>

    <p class='ocr_par' dir='ltr' id='par_1_7' title="bbox 221 1893 2605 2172">
     <span class='ocr_line' id='line_1_17' title="bbox 221 1893 2605 1976; baseline 0.001 -21"><span class='ocrx_word' id='word_1_128' title='bbox 221 1921 271 1962; x_wconf 59' lang='grc' dir='ltr'><strong>ιε</strong></span> <span class='ocrx_word' id='word_1_129' title='bbox 303 1893 544 1976; x_wconf 82' lang='lat' dir='ltr'><strong>Romae,</strong></span> <span class='ocrx_word' id='word_1_130' title='bbox 593 1896 794 1974; x_wconf 74' lang='lat' dir='ltr'><strong>refert,</strong></span> <span class='ocrx_word' id='word_1_131' title='bbox 840 1914 990 1975; x_wconf 87' lang='lat' dir='ltr'><strong>quae</strong></span> <span class='ocrx_word' id='word_1_132' title='bbox 1029 1898 1150 1958; x_wconf 90' lang='lat' dir='ltr'><strong>sint</strong></span> <span class='ocrx_word' id='word_1_133' title='bbox 1187 1897 1442 1957; x_wconf 91' lang='lat' dir='ltr'><strong>militum</strong></span> <span class='ocrx_word' id='word_1_134' title='bbox 1490 1905 1738 1957; x_wconf 81' lang='lat' dir='ltr'><strong>mentes,</strong></span> <span class='ocrx_word' id='word_1_135' title='bbox 1808 1914 2048 1975; x_wconf 89' lang='lat' dir='ltr'><strong>quaeso,</strong></span> <span class='ocrx_word' id='word_1_136' title='bbox 2095 1903 2380 1975; x_wconf 87' lang='lat' dir='ltr'><strong>quantum</strong></span> <span class='ocrx_word' id='word_1_137' title='bbox 2419 1903 2605 1975; x_wconf 86' lang='lat' dir='ltr'><strong>potes,</strong></span> 
     </span>
     <span class='ocr_line' id='line_1_18' title="bbox 300 1992 2605 2074; baseline 0 -20"><span class='ocrx_word' id='word_1_138' title='bbox 300 2012 618 2074; x_wconf 88' lang='lat' dir='ltr'><strong>properes,</strong></span> <span class='ocrx_word' id='word_1_139' title='bbox 681 2012 756 2054; x_wconf 91' lang='lat' dir='ltr'><strong>ne</strong></span> <span class='ocrx_word' id='word_1_140' title='bbox 823 1993 992 2074; x_wconf 92' lang='lat' dir='ltr'><strong>quid,</strong></span> <span class='ocrx_word' id='word_1_141' title='bbox 1057 2003 1125 2055; x_wconf 90' lang='lat' dir='ltr'><strong>ut</strong></span> <span class='ocrx_word' id='word_1_142' title='bbox 1187 1995 1363 2072; x_wconf 84' lang='lat' dir='ltr'><strong>solet,</strong></span> <span class='ocrx_word' id='word_1_143' title='bbox 1429 1993 1707 2054; x_wconf 85' lang='lat' dir='ltr'><strong>militaris</strong></span> <span class='ocrx_word' id='word_1_144' title='bbox 1762 1992 1936 2055; x_wconf 87' lang='lat' dir='ltr'><strong>turba</strong></span> <span class='ocrx_word' id='word_1_145' title='bbox 1994 1992 2128 2073; x_wconf 92' lang='lat' dir='ltr'><strong>plus</strong></span> <span class='ocrx_word' id='word_1_146' title='bbox 2194 1995 2385 2055; x_wconf 85' lang='lat' dir='ltr'><strong>saciat.</strong></span> <span class='ocrx_word' id='word_1_147' title='bbox 2460 1993 2605 2073; x_wconf 91' lang='lat' dir='ltr'><strong>quid</strong></span> 
     </span>
     <span class='ocr_line' id='line_1_19' title="bbox 297 2089 1699 2172; baseline -0.001 -19"><span class='ocrx_word' id='word_1_148' title='bbox 297 2111 534 2170; x_wconf 89' lang='lat' dir='ltr'><strong>uerear,</strong></span> <span class='ocrx_word' id='word_1_149' title='bbox 582 2111 653 2153; x_wconf 87' lang='lat' dir='ltr'><strong>ex</strong></span> <span class='ocrx_word' id='word_1_150' title='bbox 700 2111 771 2153; x_wconf 92' lang='lat' dir='ltr'><strong>eo</strong></span> <span class='ocrx_word' id='word_1_151' title='bbox 817 2091 1022 2154; x_wconf 87' lang='lat' dir='ltr'><strong>audies</strong></span> <span class='ocrx_word' id='word_1_152' title='bbox 1069 2111 1247 2172; x_wconf 88' lang='lat' dir='ltr'><strong>quem</strong></span> <span class='ocrx_word' id='word_1_153' title='bbox 1297 2091 1369 2152; x_wconf 88' lang='lat' dir='ltr'><strong>ad</strong></span> <span class='ocrx_word' id='word_1_154' title='bbox 1418 2101 1472 2153; x_wconf 92' lang='lat' dir='ltr'><strong>te</strong></span> <span class='ocrx_word' id='word_1_155' title='bbox 1521 2089 1699 2153; x_wconf 87' lang='lat' dir='ltr'><strong>misi.&#39;</strong></span> 
     </span>
    </p>

    <p class='ocr_par' dir='ltr' id='par_1_8' title="bbox 211 2186 2604 3153">
     <span class='ocr_line' id='line_1_20' title="bbox 483 2186 2604 2270; baseline -0.001 -18"><span class='ocrx_word' id='word_1_156' title='bbox 483 2186 550 2254; x_wconf 79' lang='lat'><strong>¹7.</strong></span> <span class='ocrx_word' id='word_1_157' title='bbox 615 2191 868 2253; x_wconf 83' lang='lat' dir='ltr'><strong>Maxim.</strong></span> <span class='ocrx_word' id='word_1_158' title='bbox 917 2191 1021 2270; x_wconf 82' lang='lat'><strong>30,</strong></span> <span class='ocrx_word' id='word_1_159' title='bbox 1071 2192 1108 2252; x_wconf 90' lang='lat'><em>1</em></span> <span class='ocrx_word' id='word_1_160' title='bbox 1184 2189 1398 2251; x_wconf 89' lang='lat' dir='ltr'><strong>Omina</strong></span> <span class='ocrx_word' id='word_1_161' title='bbox 1471 2207 1612 2250; x_wconf 90' lang='lat' dir='ltr'><strong>sane</strong></span> <span class='ocrx_word' id='word_1_162' title='bbox 1688 2192 1927 2269; x_wconf 91' lang='lat' dir='ltr'><strong>imperii</strong></span> <span class='ocrx_word' id='word_1_163' title='bbox 1994 2189 2388 2268; x_wconf 80' lang='lat' dir='ltr'><strong>[Maximino]</strong></span> <span class='ocrx_word' id='word_1_164' title='bbox 2454 2190 2604 2251; x_wconf 87' lang='lat' dir='ltr'><strong>haec</strong></span> 
     </span>
     <span class='ocr_line' id='line_1_21' title="bbox 299 2287 2599 2369; baseline 0 -20"><span class='ocrx_word' id='word_1_165' title='bbox 299 2289 572 2350; x_wconf 81' lang='lat' dir='ltr'><strong>fuerunt:</strong></span> <span class='ocrx_word' id='word_1_166' title='bbox 627 2307 876 2369; x_wconf 87' lang='lat' dir='ltr'><strong>serpens</strong></span> <span class='ocrx_word' id='word_1_167' title='bbox 931 2289 1250 2351; x_wconf 86' lang='lat' dir='ltr'><strong>dormienti</strong></span> <span class='ocrx_word' id='word_1_168' title='bbox 1307 2296 1483 2368; x_wconf 89' lang='lat' dir='ltr'><strong>caput</strong></span> <span class='ocrx_word' id='word_1_169' title='bbox 1539 2287 1949 2349; x_wconf 86' lang='lat' dir='ltr'><strong>circumdedit.</strong></span> <span class='ocrx_word' id='word_1_170' title='bbox 2027 2290 2213 2368; x_wconf 84' lang='lat' dir='ltr'><strong>posita</strong></span> <span class='ocrx_word' id='word_1_171' title='bbox 2273 2287 2344 2348; x_wconf 87' lang='lat' dir='ltr'><strong>ab</strong></span> <span class='ocrx_word' id='word_1_172' title='bbox 2393 2287 2599 2349; x_wconf 89' lang='lat' dir='ltr'><strong>eodem</strong></span> 
     </span>
     <span class='ocr_line' id='line_1_22' title="bbox 213 2386 2599 2466; baseline -0 -17"><span class='ocrx_word' id='word_1_173' title='bbox 213 2413 270 2454; x_wconf 65' lang='grc' dir='ltr'><strong>ευ</strong></span> <span class='ocrx_word' id='word_1_174' title='bbox 298 2389 444 2449; x_wconf 87' lang='lat' dir='ltr'><strong>uitis</strong></span> <span class='ocrx_word' id='word_1_175' title='bbox 491 2389 646 2448; x_wconf 87' lang='lat' dir='ltr'><strong>intra</strong></span> <span class='ocrx_word' id='word_1_176' title='bbox 694 2405 912 2448; x_wconf 88' lang='lat' dir='ltr'><strong>annum</strong></span> <span class='ocrx_word' id='word_1_177' title='bbox 950 2389 1224 2466; x_wconf 84' lang='lat' dir='ltr'><strong>ingentes</strong></span> <span class='ocrx_word' id='word_1_178' title='bbox 1261 2405 1411 2448; x_wconf 89' lang='lat' dir='ltr'><strong>uuas</strong></span> <span class='ocrx_word' id='word_1_179' title='bbox 1450 2404 1781 2466; x_wconf 90' lang='lat' dir='ltr'><strong>purpureas</strong></span> <span class='ocrx_word' id='word_1_180' title='bbox 1822 2386 2017 2448; x_wconf 91' lang='lat' dir='ltr'><strong>attulit</strong></span> <span class='ocrx_word' id='word_1_181' title='bbox 2054 2395 2114 2448; x_wconf 87' lang='lat' dir='ltr'><strong>et</strong></span> <span class='ocrx_word' id='word_1_182' title='bbox 2150 2389 2337 2447; x_wconf 88' lang='lat' dir='ltr'><strong>mirae</strong></span> <span class='ocrx_word' id='word_1_183' title='bbox 2376 2390 2599 2466; x_wconf 89' lang='lat' dir='ltr'><strong>magni-</strong></span> 
     </span>
     <span class='ocr_line' id='line_1_23' title="bbox 298 2483 2599 2547; baseline 0 -2"><span class='ocrx_word' id='word_1_184' title='bbox 298 2484 527 2546; x_wconf 86' lang='lat' dir='ltr'><strong>tudinis</strong></span> <span class='ocrx_word' id='word_1_185' title='bbox 575 2485 726 2546; x_wconf 73' lang='lat' dir='ltr'><strong>facta</strong></span> <span class='ocrx_word' id='word_1_186' title='bbox 773 2493 879 2546; x_wconf 89' lang='lat' dir='ltr'><strong>est.</strong></span> <span class='ocrx_word' id='word_1_187' title='bbox 954 2492 1188 2547; x_wconf 89' lang='lat' dir='ltr'><strong>scutum</strong></span> <span class='ocrx_word' id='word_1_188' title='bbox 1249 2487 1378 2547; x_wconf 89' lang='lat' dir='ltr'><strong>eius</strong></span> <span class='ocrx_word' id='word_1_189' title='bbox 1433 2484 1546 2545; x_wconf 89' lang='lat' dir='ltr'><strong>sub</strong></span> <span class='ocrx_word' id='word_1_190' title='bbox 1601 2484 1723 2544; x_wconf 89' lang='lat' dir='ltr'><strong>sole</strong></span> <span class='ocrx_word' id='word_1_191' title='bbox 1770 2486 1933 2546; x_wconf 88' lang='lat' dir='ltr'><strong>arsit.</strong></span> <span class='ocrx_word' id='word_1_192' title='bbox 2007 2483 2265 2546; x_wconf 86' lang='lat' dir='ltr'><strong>lanceola</strong></span> <span class='ocrx_word' id='word_1_193' title='bbox 2323 2486 2409 2546; x_wconf 91' lang='lat' dir='ltr'><strong>sic</strong></span> <span class='ocrx_word' id='word_1_194' title='bbox 2460 2486 2599 2546; x_wconf 82' lang='lat' dir='ltr'><strong>fissa</strong></span> 
     </span>
     <span class='ocr_line' id='line_1_24' title="bbox 297 2581 2598 2663; baseline 0 -20"><span class='ocrx_word' id='word_1_195' title='bbox 297 2592 392 2644; x_wconf 85' lang='lat' dir='ltr'><strong>est</strong></span> <span class='ocrx_word' id='word_1_196' title='bbox 447 2581 714 2662; x_wconf 80' lang='lat' dir='ltr'><strong>fulmine,</strong></span> <span class='ocrx_word' id='word_1_197' title='bbox 770 2591 837 2644; x_wconf 89' lang='lat' dir='ltr'><strong>ut</strong></span> <span class='ocrx_word' id='word_1_198' title='bbox 891 2591 1008 2644; x_wconf 84' lang='lat' dir='ltr'><strong>tota</strong></span> <span class='ocrx_word' id='word_1_199' title='bbox 1065 2587 1245 2646; x_wconf 83' lang='lat' dir='ltr'><strong>etiam</strong></span> <span class='ocrx_word' id='word_1_200' title='bbox 1291 2601 1402 2663; x_wconf 90' lang='lat' dir='ltr'><strong>per</strong></span> <span class='ocrx_word' id='word_1_201' title='bbox 1451 2581 1677 2644; x_wconf 76' lang='lat' dir='ltr'><strong>ferrum</strong></span> <span class='ocrx_word' id='word_1_202' title='bbox 1727 2582 2057 2644; x_wconf 81' lang='lat' dir='ltr'><strong>finderetur</strong></span> <span class='ocrx_word' id='word_1_203' title='bbox 2102 2591 2161 2644; x_wconf 88' lang='lat' dir='ltr'><strong>et</strong></span> <span class='ocrx_word' id='word_1_204' title='bbox 2208 2582 2353 2644; x_wconf 87' lang='lat' dir='ltr'><strong>duas</strong></span> <span class='ocrx_word' id='word_1_205' title='bbox 2400 2591 2598 2662; x_wconf 88' lang='lat' dir='ltr'><strong>partes</strong></span> 
     </span>
     <span class='ocr_line' id='line_1_25' title="bbox 297 2680 2596 2760; baseline 0 -18"><span class='ocrx_word' id='word_1_206' title='bbox 297 2683 537 2742; x_wconf 76' lang='lat' dir='ltr'><strong>faceret.</strong></span> <span class='ocrx_word' id='word_1_207' title='bbox 612 2680 846 2760; x_wconf 86' lang='lat' dir='ltr'><strong>quando</strong></span> <span class='ocrx_word' id='word_1_208' title='bbox 902 2681 1182 2743; x_wconf 86' lang='lat' dir='ltr'><strong>dixerunt</strong></span> <span class='ocrx_word' id='word_1_209' title='bbox 1234 2682 1584 2760; x_wconf 89' lang='lat' dir='ltr'><strong>haruspices</strong></span> <span class='ocrx_word' id='word_1_210' title='bbox 1642 2680 1788 2742; x_wconf 91' lang='lat' dir='ltr'><strong>duos</strong></span> <span class='ocrx_word' id='word_1_211' title='bbox 1844 2683 2237 2760; x_wconf 89' lang='lat' dir='ltr'><strong>imperatores</strong></span> <span class='ocrx_word' id='word_1_212' title='bbox 2292 2699 2409 2742; x_wconf 91' lang='lat' dir='ltr'><strong>non</strong></span> <span class='ocrx_word' id='word_1_213' title='bbox 2470 2680 2596 2742; x_wconf 88' lang='lat' dir='ltr'><strong>diu·</strong></span> 
     </span>
     <span class='ocr_line' id='line_1_26' title="bbox 293 2778 2595 2859; baseline 0 -19"><span class='ocrx_word' id='word_1_214' title='bbox 293 2788 506 2841; x_wconf 91' lang='lat' dir='ltr'><strong>turnos</strong></span> <span class='ocrx_word' id='word_1_215' title='bbox 553 2798 624 2840; x_wconf 90' lang='lat' dir='ltr'><strong>ex</strong></span> <span class='ocrx_word' id='word_1_216' title='bbox 671 2797 788 2840; x_wconf 90' lang='lat' dir='ltr'><strong>una</strong></span> <span class='ocrx_word' id='word_1_217' title='bbox 836 2779 1008 2840; x_wconf 92' lang='lat' dir='ltr'><strong>domo</strong></span> <span class='ocrx_word' id='word_1_218' title='bbox 1054 2779 1244 2841; x_wconf 88' lang='lat' dir='ltr'><strong>isdem</strong></span> <span class='ocrx_word' id='word_1_219' title='bbox 1287 2778 1631 2840; x_wconf 88' lang='lat' dir='ltr'><strong>nominibus</strong></span> <span class='ocrx_word' id='word_1_220' title='bbox 1680 2781 1926 2840; x_wconf 77' lang='lat' dir='ltr'><strong>futuroS.</strong></span> <span class='ocrx_word' id='word_1_221' title='bbox 2002 2778 2183 2840; x_wconf 89' lang='lat' dir='ltr'><strong>lorica</strong></span> <span class='ocrx_word' id='word_1_222' title='bbox 2232 2781 2418 2859; x_wconf 89' lang='lat' dir='ltr'><strong>patris</strong></span> <span class='ocrx_word' id='word_1_223' title='bbox 2466 2781 2595 2841; x_wconf 90' lang='lat' dir='ltr'><strong>eius</strong></span> 
     </span>
     <span class='ocr_line' id='line_1_27' title="bbox 211 2876 2595 2958; baseline -0.003 -15"><span class='ocrx_word' id='word_1_224' title='bbox 211 2905 262 2944; x_wconf 60' lang='grc' dir='ltr'><strong>τε,</strong></span> <span class='ocrx_word' id='word_1_225' title='bbox 291 2895 431 2958; x_wconf 89' lang='lat' dir='ltr'><strong>non,</strong></span> <span class='ocrx_word' id='word_1_226' title='bbox 477 2886 547 2939; x_wconf 82' lang='lat' dir='ltr'><strong>ut</strong></span> <span class='ocrx_word' id='word_1_227' title='bbox 592 2877 758 2954; x_wconf 83' lang='lat' dir='ltr'><strong>solet,</strong></span> <span class='ocrx_word' id='word_1_228' title='bbox 806 2878 1108 2955; x_wconf 80' lang='lat' dir='ltr'><strong>ferrugine</strong></span> <span class='ocrx_word' id='word_1_229' title='bbox 1156 2877 1261 2939; x_wconf 90' lang='lat' dir='ltr'><strong>sed</strong></span> <span class='ocrx_word' id='word_1_230' title='bbox 1305 2885 1426 2939; x_wconf 89' lang='lat' dir='ltr'><strong>tota</strong></span> <span class='ocrx_word' id='word_1_231' title='bbox 1474 2894 1779 2956; x_wconf 89' lang='lat' dir='ltr'><strong>purpureo</strong></span> <span class='ocrx_word' id='word_1_232' title='bbox 1828 2876 2025 2937; x_wconf 91' lang='lat' dir='ltr'><strong>colore</strong></span> <span class='ocrx_word' id='word_1_233' title='bbox 2072 2878 2293 2937; x_wconf 82' lang='lat' dir='ltr'><strong>infecta</strong></span> <span class='ocrx_word' id='word_1_234' title='bbox 2338 2895 2369 2937; x_wconf 98' lang='lat' dir='ltr'><strong>a</strong></span> <span class='ocrx_word' id='word_1_235' title='bbox 2410 2877 2595 2956; x_wconf 87' lang='lat' dir='ltr'><strong>pluri·</strong></span> 
     </span>
     <span class='ocr_line' id='line_1_28' title="bbox 291 2974 2592 3055; baseline 0 -19"><span class='ocrx_word' id='word_1_236' title='bbox 291 2977 409 3037; x_wconf 89' lang='lat' dir='ltr'><strong>mis</strong></span> <span class='ocrx_word' id='word_1_237' title='bbox 453 2977 588 3038; x_wconf 86' lang='lat' dir='ltr'><strong>uisa</strong></span> <span class='ocrx_word' id='word_1_238' title='bbox 635 2983 741 3037; x_wconf 89' lang='lat' dir='ltr'><strong>est.</strong></span> <span class='ocrx_word' id='word_1_239' title='bbox 816 2975 936 3036; x_wconf 86' lang='lat' dir='ltr'><strong>fllio</strong></span> <span class='ocrx_word' id='word_1_240' title='bbox 983 2984 1180 3038; x_wconf 90' lang='lat' dir='ltr'><strong>autem</strong></span> <span class='ocrx_word' id='word_1_241' title='bbox 1229 2976 1374 3037; x_wconf 90' lang='lat' dir='ltr'><strong>baec</strong></span> <span class='ocrx_word' id='word_1_242' title='bbox 1417 2975 1687 3036; x_wconf 83' lang='lat' dir='ltr'><strong>fuerunt:</strong></span> <span class='ocrx_word' id='word_1_243' title='bbox 1735 2993 1871 3036; x_wconf 88' lang='lat' dir='ltr'><strong>cum</strong></span> <span class='ocrx_word' id='word_1_244' title='bbox 1910 2977 2295 3055; x_wconf 85' lang='lat' dir='ltr'><strong>grammatico</strong></span> <span class='ocrx_word' id='word_1_245' title='bbox 2334 2974 2592 3055; x_wconf 89' lang='lat' dir='ltr'><strong>daretur,</strong></span> 
     </span>
     <span class='ocr_line' id='line_1_29' title="bbox 270 3072 2594 3153; baseline 0 -18"><span class='ocrx_word' id='word_1_246' title='bbox 270 3074 584 3153; x_wconf 75' lang='lat' dir='ltr'><strong>‚quaedam</strong></span> <span class='ocrx_word' id='word_1_247' title='bbox 647 3091 864 3153; x_wconf 87' lang='lat' dir='ltr'><strong>parens</strong></span> <span class='ocrx_word' id='word_1_248' title='bbox 928 3092 1032 3135; x_wconf 90' lang='lat' dir='ltr'><strong>sua</strong></span> <span class='ocrx_word' id='word_1_249' title='bbox 1099 3073 1281 3135; x_wconf 91' lang='lat' dir='ltr'><strong>libros</strong></span> <span class='ocrx_word' id='word_1_250' title='bbox 1344 3072 1695 3135; x_wconf 86' lang='lat' dir='ltr'><strong>Homericos</strong></span> <span class='ocrx_word' id='word_1_251' title='bbox 1758 3091 1964 3134; x_wconf 90' lang='lat' dir='ltr'><strong>omnes</strong></span> <span class='ocrx_word' id='word_1_252' title='bbox 2030 3091 2362 3153; x_wconf 86' lang='lat' dir='ltr'><strong>purpureos</strong></span> <span class='ocrx_word' id='word_1_253' title='bbox 2430 3072 2594 3135; x_wconf 90' lang='lat' dir='ltr'><strong>dedit</strong></span> 
     </span>
    </p>
   </div>
   <div class='ocr_carea' id='block_1_5' title="bbox 289 3199 689 3207">
    <p class='ocr_par' dir='ltr' id='par_1_9' title="bbox 289 3199 689 3207">
     <span class='ocr_line' id='line_1_30' title="bbox 289 3199 689 3207; baseline 0 1827"><span class='ocrx_word' id='word_1_254' title='bbox 289 3199 689 3207; x_wconf 95' lang='lat' dir='ltr'><strong> </strong></span> 
     </span>
    </p>
   </div>
   <div class='ocr_carea' id='block_1_6' title="bbox 284 3261 2588 3990">
    <p class='ocr_par' dir='ltr' id='par_1_10' title="bbox 284 3261 2588 3990">
     <span class='ocr_line' id='line_1_31' title="bbox 473 3261 2588 3333; baseline -0.001 -14"><span class='ocrx_word' id='word_1_255' title='bbox 473 3263 534 3320; x_wconf 73' lang='grc' dir='ltr'><strong>ὅ.</strong></span> <span class='ocrx_word' id='word_1_256' title='bbox 579 3264 870 3320; x_wconf 74' lang='lat' dir='ltr'><strong>Antecedit</strong></span> <span class='ocrx_word' id='word_1_257' title='bbox 911 3266 1042 3320; x_wconf 77' lang='lat' dir='ltr'><strong>haec</strong></span> <span class='ocrx_word' id='word_1_258' title='bbox 1087 3265 1340 3320; x_wconf 77' lang='lat' dir='ltr'><strong>narratio</strong></span> <span class='ocrx_word' id='word_1_259' title='bbox 1378 3268 1493 3333; x_wconf 76' lang='lat'><strong>(12,</strong></span> <span class='ocrx_word' id='word_1_260' title='bbox 1522 3268 1608 3332; x_wconf 87' lang='lat'><strong>1).·</strong></span> <span class='ocrx_word' id='word_1_261' title='bbox 1663 3263 1953 3333; x_wconf 80' lang='lat' dir='ltr'><strong>Ingressus</strong></span> <span class='ocrx_word' id='word_1_262' title='bbox 2008 3261 2186 3332; x_wconf 81' lang='lat' dir='ltr'><strong>igitur</strong></span> <span class='ocrx_word' id='word_1_263' title='bbox 2231 3261 2588 3318; x_wconf 76' lang='lat' dir='ltr'><strong>Germaniam</strong></span> 
     </span>
     <span class='ocr_line' id='line_1_32' title="bbox 289 3332 2585 3418; baseline -0.001 -28"><span class='ocrx_word' id='word_1_264' title='bbox 289 3335 744 3390; x_wconf 63' lang='lat' dir='ltr'><strong>mauraneum</strong></span> <span class='ocrx_word' id='word_1_265' title='bbox 781 3352 882 3406; x_wconf 87' lang='lat' dir='ltr'><strong>per</strong></span> <span class='ocrx_word' id='word_1_266' title='bbox 925 3335 1163 3418; x_wconf 71' lang='lat' dir='ltr'><strong>triginta</strong></span> <span class='ocrx_word' id='word_1_267' title='bbox 1209 3335 1302 3390; x_wconf 89' lang='lat' dir='ltr'><strong>uel</strong></span> <span class='ocrx_word' id='word_1_268' title='bbox 1338 3335 1522 3405; x_wconf 87' lang='lat' dir='ltr'><strong>quadr</strong></span> <span class='ocrx_word' id='word_1_269' title='bbox 1601 3334 1722 3388; x_wconf 81' lang='lat' dir='ltr'><strong>‘uta</strong></span> <span class='ocrx_word' id='word_1_270' title='bbox 1766 3332 1926 3388; x_wconf 90' lang='lat' dir='ltr'><strong>milia</strong></span> <span class='ocrx_word' id='word_1_271' title='bbox 1963 3333 2249 3388; x_wconf 88' lang='lat' dir='ltr'><strong>barbarici</strong></span> <span class='ocrx_word' id='word_1_272' title='bbox 2286 3333 2392 3387; x_wconf 82' lang='lat' dir='ltr'><strong>soli</strong></span> <span class='ocrx_word' id='word_1_273' title='bbox 2429 3333 2585 3388; x_wconf 87' lang='lat' dir='ltr'><strong>uicos</strong></span> 
     </span>
     <span class='ocr_line' id='line_1_33' title="bbox 287 3351 2585 3490; baseline -0.002 -28"><span class='ocrx_word' id='word_1_274' title='bbox 287 3407 554 3473; x_wconf 77' lang='lat' dir='ltr'><strong>incendit,</strong></span> <span class='ocrx_word' id='word_1_275' title='bbox 600 3423 800 3490; x_wconf 74' lang='lat' dir='ltr'><strong>greges</strong></span> <span class='ocrx_word' id='word_1_276' title='bbox 847 3407 1057 3476; x_wconf 79' lang='lat' dir='ltr'><strong>abegit,</strong></span> <span class='ocrx_word' id='word_1_277' title='bbox 1104 3406 1345 3477; x_wconf 78' lang='lat' dir='ltr'><strong>praedas</strong></span> <span class='ocrx_word' id='word_1_278' title='bbox 1391 3351 1638 3475; x_wconf 52' lang='lat' dir='ltr'><strong>sustffi,</strong></span> <span class='ocrx_word' id='word_1_279' title='bbox 1684 3406 2049 3461; x_wconf 86' lang='lat' dir='ltr'><strong>barbarorum</strong></span> <span class='ocrx_word' id='word_1_280' title='bbox 2097 3404 2367 3475; x_wconf 86' lang='lat' dir='ltr'><strong>plurimos</strong></span> <span class='ocrx_word' id='word_1_281' title='bbox 2416 3405 2585 3459; x_wconf 87' lang='lat' dir='ltr'><strong>inter-</strong></span> 
     </span>
     <span class='ocr_line' id='line_1_34' title="bbox 288 3475 2587 3548; baseline -0.001 -15"><span class='ocrx_word' id='word_1_282' title='bbox 288 3478 444 3546; x_wconf 79' lang='lat' dir='ltr'><strong>emit,</strong></span> <span class='ocrx_word' id='word_1_283' title='bbox 497 3477 738 3532; x_wconf 68' lang='lat' dir='ltr'><strong>militem</strong></span> <span class='ocrx_word' id='word_1_284' title='bbox 793 3477 1031 3534; x_wconf 84' lang='lat' dir='ltr'><strong>diuitem</strong></span> <span class='ocrx_word' id='word_1_285' title='bbox 1083 3476 1324 3544; x_wconf 81' lang='lat' dir='ltr'><strong>reduxit,</strong></span> <span class='ocrx_word' id='word_1_286' title='bbox 1380 3477 1534 3548; x_wconf 81' lang='lat' dir='ltr'><strong>cepit</strong></span> <span class='ocrx_word' id='word_1_287' title='bbox 1585 3477 1907 3532; x_wconf 87' lang='lat' dir='ltr'><strong>innumeros</strong></span> <span class='ocrx_word' id='word_1_288' title='bbox 1963 3478 2045 3543; x_wconf 87' lang='lat' dir='ltr'><strong>et,</strong></span> <span class='ocrx_word' id='word_1_289' title='bbox 2092 3475 2203 3530; x_wconf 90' lang='lat' dir='ltr'><strong>nisi</strong></span> <span class='ocrx_word' id='word_1_290' title='bbox 2249 3476 2515 3531; x_wconf 82' lang='lat' dir='ltr'><strong>Germani</strong></span> <span class='ocrx_word' id='word_1_291' title='bbox 2552 3493 2587 3532; x_wconf 86' lang='lat' dir='ltr'><strong>a</strong></span> 
     </span>
     <span class='ocr_line' id='line_1_35' title="bbox 287 3547 2585 3620; baseline -0.001 -16"><span class='ocrx_word' id='word_1_292' title='bbox 287 3549 505 3620; x_wconf 81' lang='lat' dir='ltr'><strong>campis</strong></span> <span class='ocrx_word' id='word_1_293' title='bbox 551 3550 626 3604; x_wconf 80' lang='lat' dir='ltr'><strong>ad</strong></span> <span class='ocrx_word' id='word_1_294' title='bbox 670 3548 906 3620; x_wconf 85' lang='lat' dir='ltr'><strong>paludes</strong></span> <span class='ocrx_word' id='word_1_295' title='bbox 955 3553 1015 3605; x_wconf 89' lang='lat' dir='ltr'><strong>et</strong></span> <span class='ocrx_word' id='word_1_296' title='bbox 1059 3547 1232 3604; x_wconf 81' lang='lat' dir='ltr'><strong>siluas</strong></span> <span class='ocrx_word' id='word_1_297' title='bbox 1280 3548 1681 3619; x_wconf 74' lang='lat' dir='ltr'><strong>confugissent,</strong></span> <span class='ocrx_word' id='word_1_298' title='bbox 1722 3565 1943 3604; x_wconf 88' lang='lat' dir='ltr'><strong>omnem</strong></span> <span class='ocrx_word' id='word_1_299' title='bbox 1982 3547 2342 3603; x_wconf 86' lang='lat' dir='ltr'><strong>Germaniam</strong></span> <span class='ocrx_word' id='word_1_300' title='bbox 2378 3548 2439 3602; x_wconf 89' lang='lat' dir='ltr'><strong>in</strong></span> <span class='ocrx_word' id='word_1_301' title='bbox 2477 3548 2585 3602; x_wconf 79' lang='lat' dir='ltr'><strong>Ro-</strong></span> 
     </span>
     <span class='ocr_line' id='line_1_36' title="bbox 285 3619 2583 3704; baseline -0.001 -29"><span class='ocrx_word' id='word_1_302' title='bbox 285 3638 518 3676; x_wconf 78' lang='lat' dir='ltr'><strong>manam</strong></span> <span class='ocrx_word' id='word_1_303' title='bbox 565 3621 838 3676; x_wconf 84' lang='lat' dir='ltr'><strong>ditionem</strong></span> <span class='ocrx_word' id='word_1_304' title='bbox 872 3620 1200 3704; x_wconf 76' lang='lat' dir='ltr'><strong>redegisset.</strong></span> <span class='ocrx_word' id='word_1_305' title='bbox 1265 3621 1389 3692; x_wconf 85' lang='lat' dir='ltr'><strong>ipse</strong></span> <span class='ocrx_word' id='word_1_306' title='bbox 1424 3623 1719 3691; x_wconf 83' lang='lat' dir='ltr'><strong>praeterea</strong></span> <span class='ocrx_word' id='word_1_307' title='bbox 1753 3637 1925 3674; x_wconf 76' lang='lat' dir='ltr'><strong>manu</strong></span> <span class='ocrx_word' id='word_1_308' title='bbox 1964 3637 2065 3674; x_wconf 87' lang='lat' dir='ltr'><strong>sua</strong></span> <span class='ocrx_word' id='word_1_309' title='bbox 2102 3619 2283 3674; x_wconf 81' lang='lat' dir='ltr'><strong>multa</strong></span> <span class='ocrx_word' id='word_1_310' title='bbox 2318 3619 2583 3687; x_wconf 86' lang='lat' dir='ltr'><strong>faciebat,</strong></span> 
     </span>
     <span class='ocr_line' id='line_1_37' title="bbox 287 3690 2581 3764; baseline -0.002 -16"><span class='ocrx_word' id='word_1_311' title='bbox 287 3710 418 3748; x_wconf 84' lang='lat' dir='ltr'><strong>cum</strong></span> <span class='ocrx_word' id='word_1_312' title='bbox 463 3692 639 3746; x_wconf 84' lang='lat' dir='ltr'><strong>etiam</strong></span> <span class='ocrx_word' id='word_1_313' title='bbox 694 3692 962 3762; x_wconf 82' lang='lat' dir='ltr'><strong>paludem</strong></span> <span class='ocrx_word' id='word_1_314' title='bbox 1017 3709 1302 3764; x_wconf 79' lang='lat' dir='ltr'><strong>mgressus</strong></span> <span class='ocrx_word' id='word_1_315' title='bbox 1368 3691 1781 3745; x_wconf 87' lang='lat' dir='ltr'><strong>circumuentus</strong></span> <span class='ocrx_word' id='word_1_316' title='bbox 1828 3693 1977 3746; x_wconf 77' lang='lat' dir='ltr'><strong>esset</strong></span> <span class='ocrx_word' id='word_1_317' title='bbox 2023 3708 2058 3745; x_wconf 81' lang='lat' dir='ltr'><strong>a</strong></span> <span class='ocrx_word' id='word_1_318' title='bbox 2102 3690 2418 3758; x_wconf 78' lang='lat' dir='ltr'><strong>Germanis,</strong></span> <span class='ocrx_word' id='word_1_319' title='bbox 2474 3691 2581 3745; x_wconf 89' lang='lat' dir='ltr'><strong>nisi</strong></span> 
     </span>
     <span class='ocr_line' id='line_1_38' title="bbox 286 3761 2584 3834; baseline -0.001 -15"><span class='ocrx_word' id='word_1_320' title='bbox 286 3780 418 3819; x_wconf 84' lang='lat' dir='ltr'><strong>eum</strong></span> <span class='ocrx_word' id='word_1_321' title='bbox 474 3762 564 3818; x_wconf 88' lang='lat' dir='ltr'><strong>sui</strong></span> <span class='ocrx_word' id='word_1_322' title='bbox 619 3779 763 3834; x_wconf 89' lang='lat' dir='ltr'><strong>equo</strong></span> <span class='ocrx_word' id='word_1_323' title='bbox 817 3763 1148 3819; x_wconf 85' lang='lat' dir='ltr'><strong>inhaerente</strong></span> <span class='ocrx_word' id='word_1_324' title='bbox 1202 3763 1554 3818; x_wconf 75' lang='lat' dir='ltr'><strong>liberassent.</strong></span> <span class='ocrx_word' id='word_1_325' title='bbox 1630 3762 1833 3817; x_wconf 87' lang='lat' dir='ltr'><strong>habuit</strong></span> <span class='ocrx_word' id='word_1_326' title='bbox 1886 3761 2035 3817; x_wconf 90' lang='lat' dir='ltr'><strong>enim</strong></span> <span class='ocrx_word' id='word_1_327' title='bbox 2091 3762 2201 3816; x_wconf 89' lang='lat' dir='ltr'><strong>hoc</strong></span> <span class='ocrx_word' id='word_1_328' title='bbox 2253 3761 2584 3817; x_wconf 83' lang='lat' dir='ltr'><strong>barbaricae</strong></span> 
     </span>
     <span class='ocr_line' id='line_1_39' title="bbox 284 3832 2579 3918; baseline -0.001 -28"><span class='ocrx_word' id='word_1_329' title='bbox 284 3833 645 3902; x_wconf 83' lang='lat' dir='ltr'><strong>temeritatis,</strong></span> <span class='ocrx_word' id='word_1_330' title='bbox 683 3839 748 3890; x_wconf 87' lang='lat' dir='ltr'><strong>ut</strong></span> <span class='ocrx_word' id='word_1_331' title='bbox 780 3837 1010 3905; x_wconf 78' lang='lat' dir='ltr'><strong>putaret</strong></span> <span class='ocrx_word' id='word_1_332' title='bbox 1045 3834 1441 3905; x_wconf 83' lang='lat' dir='ltr'><strong>imperatorem</strong></span> <span class='ocrx_word' id='word_1_333' title='bbox 1469 3851 1640 3888; x_wconf 87' lang='lat' dir='ltr'><strong>manu</strong></span> <span class='ocrx_word' id='word_1_334' title='bbox 1669 3833 1841 3889; x_wconf 86' lang='lat' dir='ltr'><strong>etiam</strong></span> <span class='ocrx_word' id='word_1_335' title='bbox 1871 3850 1973 3888; x_wconf 87' lang='lat' dir='ltr'><strong>sua</strong></span> <span class='ocrx_word' id='word_1_336' title='bbox 2001 3850 2221 3918; x_wconf 81' lang='lat' dir='ltr'><strong>semper</strong></span> <span class='ocrx_word' id='word_1_337' title='bbox 2247 3835 2332 3889; x_wconf 78' lang='lat' dir='ltr'><strong>uti</strong></span> <span class='ocrx_word' id='word_1_338' title='bbox 2359 3832 2579 3889; x_wconf 86' lang='lat' dir='ltr'><strong>debere.</strong></span> 
     </span>
     <span class='ocr_line' id='line_1_40' title="bbox 287 3903 2582 3990; baseline -0 -28"><span class='ocrx_word' id='word_1_339' title='bbox 287 3905 536 3990; x_wconf 80' lang='lat' dir='ltr'><strong>denique</strong></span> <span class='ocrx_word' id='word_1_340' title='bbox 579 3907 742 3976; x_wconf 81' lang='lat' dir='ltr'><strong>quasi</strong></span> <span class='ocrx_word' id='word_1_341' title='bbox 787 3905 993 3961; x_wconf 83' lang='lat' dir='ltr'><strong>nauale</strong></span> <span class='ocrx_word' id='word_1_342' title='bbox 1039 3906 1326 3975; x_wconf 85' lang='lat' dir='ltr'><strong>quoddam</strong></span> <span class='ocrx_word' id='word_1_343' title='bbox 1371 3905 1648 3977; x_wconf 88' lang='lat' dir='ltr'><strong>proelium</strong></span> <span class='ocrx_word' id='word_1_344' title='bbox 1688 3906 1747 3960; x_wconf 92' lang='lat' dir='ltr'><strong>in</strong></span> <span class='ocrx_word' id='word_1_345' title='bbox 1783 3905 1992 3976; x_wconf 85' lang='lat' dir='ltr'><strong>palude</strong></span> <span class='ocrx_word' id='word_1_346' title='bbox 2029 3905 2167 3960; x_wconf 77' lang='lat' dir='ltr'><strong>feclt</strong></span> <span class='ocrx_word' id='word_1_347' title='bbox 2199 3903 2582 3975; x_wconf 87' lang='lat' dir='ltr'><strong>plurimosque</strong></span> 
     </span>
    </p>
   </div>
   <div class='ocr_carea' id='block_1_7' title="bbox 283 3976 2578 4048">
    <p class='ocr_par' dir='ltr' id='par_1_11' title="bbox 283 3976 2578 4048">
     <span class='ocr_line' id='line_1_41' title="bbox 283 3976 2578 4048; baseline -0 -15"><span class='ocrx_word' id='word_1_348' title='bbox 283 3978 409 4033; x_wconf 89' lang='lat' dir='ltr'><strong>illic</strong></span> <span class='ocrx_word' id='word_1_349' title='bbox 435 3976 738 4032; x_wconf 71' lang='lat' dir='ltr'><strong>interemit.</strong></span> <span class='ocrx_word' id='word_1_350' title='bbox 786 3978 924 4034; x_wconf 74' lang='lat' dir='ltr'><strong>Vide</strong></span> <span class='ocrx_word' id='word_1_351' title='bbox 951 3979 1016 4032; x_wconf 80' lang='lat' dir='ltr'><strong>de</strong></span> <span class='ocrx_word' id='word_1_352' title='bbox 1035 3979 1199 4034; x_wconf 72' lang='lat' dir='ltr'><strong>Iumii</strong></span> <span class='ocrx_word' id='word_1_353' title='bbox 1219 3979 1386 4034; x_wconf 77' lang='lat' dir='ltr'><strong>Cordi</strong></span> <span class='ocrx_word' id='word_1_354' title='bbox 1412 3979 1747 4034; x_wconf 73' lang='lat' dir='ltr'><strong>documentis</strong></span> <span class='ocrx_word' id='word_1_355' title='bbox 1774 3978 1885 4032; x_wconf 80' lang='lat' dir='ltr'><strong>Die</strong></span> <span class='ocrx_word' id='word_1_356' title='bbox 1901 3977 2099 4046; x_wconf 82' lang='lat' dir='ltr'><strong>Seript.</strong></span> <span class='ocrx_word' id='word_1_357' title='bbox 2115 3977 2247 4033; x_wconf 75' lang='lat' dir='ltr'><strong>h.A.</strong></span> <span class='ocrx_word' id='word_1_358' title='bbox 2266 3994 2322 4046; x_wconf 82' lang='lat' dir='ltr'><strong>p.</strong></span> <span class='ocrx_word' id='word_1_359' title='bbox 2338 3981 2450 4033; x_wconf 81' lang='lat'><strong>205</strong></span> <span class='ocrx_word' id='word_1_360' title='bbox 2467 3994 2578 4048; x_wconf 73' lang='lat' dir='ltr'><strong>sqq.</strong></span> 
     </span>
    </p>
   </div>
   <div class='ocr_carea' id='block_1_8' title="bbox 282 4167 2580 4433">
    <p class='ocr_par' dir='ltr' id='par_1_12' title="bbox 282 4167 2580 4433">
     <span class='ocr_line' id='line_1_42' title="bbox 467 4167 2580 4252; baseline 0 -20"><span class='ocrx_word' id='word_1_361' title='bbox 467 4167 536 4252; x_wconf 81' lang='lat'><strong>5,</strong></span> <span class='ocrx_word' id='word_1_362' title='bbox 586 4175 622 4231; x_wconf 80' lang='lat'>4</span> <span class='ocrx_word' id='word_1_363' title='bbox 670 4174 770 4233; x_wconf 84' lang='lat' dir='ltr'><strong>uel</strong></span> <span class='ocrx_word' id='word_1_364' title='bbox 815 4174 1038 4241; x_wconf 77' lang='lat' dir='ltr'><strong>addidi,</strong></span> <span class='ocrx_word' id='word_1_365' title='bbox 1083 4176 1204 4234; x_wconf 76' lang='lat' dir='ltr'><strong>nisi</strong></span> <span class='ocrx_word' id='word_1_366' title='bbox 1239 4173 1681 4250; x_wconf 81' lang='lat' dir='ltr'><strong>quinquaginta</strong></span> <span class='ocrx_word' id='word_1_367' title='bbox 1719 4190 1851 4232; x_wconf 82' lang='lat' dir='ltr'><strong>cwm</strong></span> <span class='ocrx_word' id='word_1_368' title='bbox 1889 4174 1974 4232; x_wconf 79' lang='lat' dir='ltr'><strong>ed.</strong></span> <span class='ocrx_word' id='word_1_369' title='bbox 1992 4192 2090 4247; x_wconf 79' lang='lat' dir='ltr'><strong>pr.</strong></span> <span class='ocrx_word' id='word_1_370' title='bbox 2120 4175 2353 4232; x_wconf 74' lang='lat' dir='ltr'><strong>omnino</strong></span> <span class='ocrx_word' id='word_1_371' title='bbox 2389 4173 2580 4233; x_wconf 70' lang='lat' dir='ltr'><strong>delen-</strong></span> 
     </span>
     <span class='ocr_line' id='line_1_43' title="bbox 282 4256 1114 4323; baseline -0.001 -1"><span class='ocrx_word' id='word_1_372' title='bbox 282 4265 424 4322; x_wconf 75' lang='lat' dir='ltr'><strong>dum</strong></span> <span class='ocrx_word' id='word_1_373' title='bbox 470 4267 556 4323; x_wconf 71' lang='lat' dir='ltr'><strong>est</strong></span> <span class='ocrx_word' id='word_1_374' title='bbox 735 4265 791 4321; x_wconf 83' lang='lat'><strong>7.</strong></span> <span class='ocrx_word' id='word_1_375' title='bbox 837 4263 992 4322; x_wconf 84' lang='lat' dir='ltr'><strong>silua</strong></span> <span class='ocrx_word' id='word_1_376' title='bbox 1029 4256 1114 4321; x_wconf 88' lang='grc' dir='ltr'><strong>Ρι</strong></span> 
     </span>
     <span class='ocr_line' id='line_1_44' title="bbox 462 4345 2114 4433; baseline 0 -22"><span class='ocrx_word' id='word_1_377' title='bbox 462 4345 534 4433; x_wconf 79' lang='grc'><strong>6,</strong></span> <span class='ocrx_word' id='word_1_378' title='bbox 588 4354 688 4412; x_wconf 86' lang='grc'><strong>14.</strong></span> <span class='ocrx_word' id='word_1_379' title='bbox 733 4352 1090 4428; x_wconf 79' lang='lat' dir='ltr'><strong>thyncanius</strong></span> <span class='ocrx_word' id='word_1_380' title='bbox 1127 4353 1186 4411; x_wconf 91' lang='lat' dir='ltr'><strong><em>P</em></strong></span> <span class='ocrx_word' id='word_1_381' title='bbox 1207 4370 1308 4412; x_wconf 82' lang='lat' dir='ltr'><strong>em.</strong></span> <span class='ocrx_word' id='word_1_382' title='bbox 1337 4351 1518 4411; x_wconf 79' lang='lat' dir='ltr'><strong>Salm.</strong></span> <span class='ocrx_word' id='word_1_383' title='bbox 1705 4351 1804 4412; x_wconf 90' lang='lat'><strong>15.</strong></span> <span class='ocrx_word' id='word_1_384' title='bbox 1850 4370 2021 4412; x_wconf 87' lang='lat' dir='ltr'><strong>roma</strong></span> <span class='ocrx_word' id='word_1_385' title='bbox 2055 4352 2114 4411; x_wconf 92' lang='lat' dir='ltr'><em>P</em></span> 
     </span>
    </p>
   </div>
  </div>
 </body>
</html>
