3234 5034
619 331 747 396 132
987 332 1195 388 VVLO.
1234 333 1752 390 TERENTIANVS
1790 368 1857 376 —
1896 335 2197 391 LOLLIVS
2234 333 2543 390 VRBICVS

617 499 1022 580 [Maximini]‚
1059 509 1126 562 ut
1163 504 1342 562 etiam
1385 510 1565 582 caput
1610 505 1743 564 cius
1779 506 2000 564 mortui
2037 506 2154 565 iam
2194 506 2451 582 nigrum,
2488 505 2606 564 iam
2644 502 2917 581 sordens,

616 600 736 660 iam
771 606 1150 678 maceratum,
1189 599 1496 662 diffluente
1533 600 1669 662 tabo
1707 601 1873 663 uelut
1908 601 2118 663 umbra
2156 601 2391 682 pulchri
2426 604 2549 662 oris
2584 601 2919 663 uideretur.

616 695 872 776 denique
927 717 1063 759 cum
1118 701 1328 777 ingens
1383 698 1665 778 gaudium
1722 707 1898 779 esset,
1952 699 2112 781 quod
2168 708 2346 780 caput
2388 699 2693 760 Maximini
2746 697 2919 760 uide·

613 803 797 875 retur,
841 814 1028 876 prope
1074 815 1182 876 par
1224 815 1462 858 maeror
1507 805 1653 876 erat,
1698 798 1857 877 quod
1903 807 1965 859 et
2008 797 2117 859 filii
2160 800 2389 878 pariter
2432 805 2789 878 portaretur.

1200 1028 1659 1104 VVLOATII
1714 1029 2325 1104 TERENTIAM

1251 1171 1641 1234 fflSToRIA
1690 1174 1823 1234 SVI
1868 1173 2270 1236 TEMPORIS

796 1311 859 1381 l.
914 1317 1105 1394 Capit.
1143 1318 1326 1378 Gord.
1354 1317 1459 1393 21,
1489 1318 1531 1377 5
1578 1315 1731 1378 Sane
1779 1316 1938 1397 quod
1982 1317 2574 1397 praetermittendum
2621 1337 2756 1380 esse
2792 1337 2913 1382 non
2972 1344 2999 1383 5

611 1416 837 1494 censui,
892 1417 1030 1494 quia
1084 1413 1358 1475 mirabile
1412 1416 1612 1476 uisum
1670 1423 1789 1496 est,
1844 1414 2063 1477 lectum
2117 1415 2273 1495 apud
2310 1415 2640 1478 Vulcatium
2686 1415 2913 1479 Teren-

610 1515 854 1593 tianum,
914 1515 1017 1593 qui
1071 1520 1132 1574 et
1186 1515 1313 1592 ipse
1379 1513 1687 1574 historiam
1742 1515 1839 1574 sui
1889 1514 2179 1593 temporis
2234 1517 2503 1596 scripsit,
2559 1517 2621 1576 in
2680 1514 2917 1577 litteras

611 1613 748 1672 misi
796 1609 1159 1673 Gordianum
1215 1614 1512 1673 seniorem
1559 1611 1811 1691 Augusti
1864 1610 2099 1674 uultum
2155 1615 2243 1674 sic
2298 1621 2801 1695 repraesentasse,
2848 1624 2917 1675 ut

613 1717 670 1771 et
730 1728 942 1771 uocem
1008 1719 1072 1772 et
1129 1728 1358 1771 morem
1424 1717 1485 1771 et
1548 1718 1835 1772 staturam
1900 1710 2168 1772 eiusdem
2222 1718 2523 1774 ostentare
2583 1710 2914 1791 uideretur,

611 1807 798 1869 fllium
852 1826 1000 1869 uero
1049 1808 1331 1889 Pompeio
1379 1807 1751 1869 simillimum
1796 1810 2012 1888 uisum,
2060 1811 2334 1889 quamuis
2378 1809 2695 1890 Pompeius
2744 1809 2915 1872 obesi
2942 1834 2998 1874 ιο

611 1908 877 1986 corporis
941 1906 1126 1967 fuisse
1192 1906 1545 1989 denegetur3
1620 1915 1897 1987 nepotem
1962 1914 2186 1988 autem,
2250 1911 2423 1969 cuius
2497 1910 2675 1969 etiam
2750 1927 2913 1970 nunc

608 2006 899 2084 imagines
944 2004 1238 2083 uidemus,
1286 2005 1582 2085 Scipionis
1627 2004 1872 2066 Asiatici
1919 2005 2130 2067 faciem
2178 2005 2497 2068 rettulisse.

1409 2236 1724 2310 LOLLII
1778 2235 2104 2310 VRBICI

1249 2378 1635 2441 ms'roma
1687 2380 1819 2440 SVI
1863 2378 2266 2441 TEMPORIS

467 2498 574 2579 ΞΨ-
794 2517 858 2588 l.
906 2525 1218 2601 Lamprid.
1257 2524 1439 2585 Diad.
1480 2524 1540 2602 9,
1578 2523 1617 2582 1
1686 2521 1861 2584 Extat
1917 2521 2029 2583 alia
2084 2522 2337 2602 epistula
2394 2522 2469 2584 ad
2522 2531 2778 2587 matrem
2840 2525 2915 2586 ab

468 2589 569 2638 ⁹⁷¹
611 2621 817 2683 eodem
869 2620 1308 2701 [Diadumeno]
1359 2620 1649 2682 destinata
1697 2620 1858 2682 talis:
1906 2617 2217 2682 ‘Dominus
2262 2630 2469 2684 noster
2512 2629 2573 2682 et
2610 2623 2917 2702 Augustus

611 2739 722 2782 nec
767 2729 827 2781 te
865 2728 1022 2782 amat
1066 2738 1179 2780 nec
1225 2723 1422 2800 ipsum
1469 2738 1554 2798 se,
1601 2721 1706 2799 qui
1754 2720 2029 2780 inimicos
2076 2737 2217 2780 suos
2262 2728 2480 2780 seruat.
2556 2739 2662 2799 age
2710 2722 2915 2802 igitur,
2946 2744 2995 2784 u

611 2826 678 2880 ut
730 2819 1058 2880 Arabianus
1114 2827 1177 2879 et
1226 2818 1458 2879 Tuscus
1513 2826 1575 2878 et
1630 2815 1855 2878 Gellius
1910 2815 1985 2878 ad
2042 2815 2243 2896 palum
2300 2816 2663 2898 deligentur,
2709 2837 2814 2898 ne,
2864 2823 2917 2880 si

611 2918 842 2977 occasio
898 2917 1105 2996 fuerit,
1159 2935 1279 2977 non
1335 2911 1853 2996 praetermittant?
1918 2914 2011 2995 Et,
2058 2922 2342 2994 quantum
2389 2915 2613 2977 Lollius
2658 2915 2917 2980 Vrbicus

610 3017 673 3074 in
721 3015 966 3075 historia
1013 3017 1106 3075 sui
1150 3017 1440 3094 temporis
1487 3013 1655 3093 dicit,
1698 3015 1849 3074 istae
1890 3011 2123 3075 litterae
2160 3031 2271 3093 per
2305 3015 2603 3074 notarium
2642 3013 2916 3094 proditae

610 3111 698 3173 illi
761 3130 946 3192 puero
1011 3112 1260 3173 multum
1328 3111 1484 3192 apud
1547 3111 1771 3174 milites
1835 3110 2097 3172 obfuisse
2166 3109 2462 3173 dicuntur.
2544 3129 2713 3192 nam,
2775 3131 2917 3174 cum

609 3217 838 3290 patrem
894 3210 1279 3287 occidissent,
1338 3209 1576 3291 quidam
1625 3211 1786 3271 hunc
1846 3227 2091 3271 seruare
2146 3207 2495 3289 uoluerunt,
2552 3209 2658 3271 sed
2716 3212 2918 3273 extitit
2942 3233 2989 3274 ιο

611 3308 1032 3388 cubiculariuS‚
1078 3311 1180 3389 qui
1225 3308 1333 3370 bas
1379 3308 1665 3389 epistulas
1711 3309 1974 3369 contioni
2018 3307 2276 3369 militum
2322 3305 2483 3385 legit.

1128 3557 1391 3631 AELII
1444 3557 1695 3631 IVNII
1751 3553 2036 3631 CORDI
2090 3553 2388 3630 VITAE

793 3713 857 3783 1.
914 3720 1104 3796 Capit.
1153 3719 1301 3796 Opil.
1341 3720 1400 3798 1,
1437 3721 1481 3778 3
1554 3717 1631 3778 Et
1691 3717 1858 3779 lunio
1914 3717 2155 3798 quidem
2210 3716 2401 3778 Cordo
2466 3715 2737 3779 studium
2802 3719 2907 3779 fuit

610 3835 818 3878 eorum
881 3818 1309 3896 imperatorum
1371 3818 1527 3877 uitas
1581 3815 1788 3894 edere,
1843 3833 1995 3896 quos
2050 3813 2426 3877 obscuriores
2472 3813 2747 3898 uidebat3
2806 3817 2903 3895 qui

795 3981 849 4038 2.
893 3980 994 4039 uel
1035 3979 1282 4038 umbrae
1326 3978 1688 4054 pulchxioris
1716 3978 1774 4035 P
1794 3995 1901 4038 em.
1928 3977 2143 4052 Haupt

793 4059 858 4147 1,
908 4068 965 4128 5.
1023 4067 1179 4128 Sane
1227 4067 1460 4144 quidem
1509 4061 1625 4148 [sic
1664 4059 1857 4146 may]
1894 4097 1983 4108 —-—
2018 4060 2314 4147 [scripsit]
2348 4067 2413 4124 in
2459 4065 2699 4128 litteras
2742 4068 2893 4126 misit

608 4160 943 4218 Mommsen
988 4149 1183 4240 (misit
1217 4149 1306 4215 P⁸
1333 4158 1416 4217 ed.
1435 4149 1564 4239 pr.)
1767 4157 1824 4216 8.
1880 4149 1994 4236 sic]
2031 4155 2149 4216 sibi
2183 4157 2242 4215 P
2444 4159 2500 4216 9.
2549 4150 2800 4235 morem]
2832 4171 2889 4213 os

608 4246 793 4308 Salm.
839 4251 1068 4307 motum
1104 4247 1372 4321 Drmer
1417 4247 1675 4307 colorem
1711 4246 2093 4306 Kellerbauer
2275 4247 2374 4305 10.
2422 4245 2669 4305 obhaesi
2710 4247 2759 4304 P

798 4329 860 4414 1,
916 4339 1015 4395 16.
1062 4336 1383 4414 diligenter
1418 4337 1477 4395 P
1725 4335 1825 4394 23.
1872 4337 2291 4411 imperatorem
2318 4327 2403 4393 P¹
