3234 5034
575 275 704 342 150
851 274 1073 330 VITAE
1110 272 1320 330 AVGT.
1350 276 1401 329 A
1437 271 1846 330 TREBELLIO
1884 272 1979 328 ΕΤ
2016 275 2067 328 A
2101 269 2404 327 VOPISCO
2440 269 2619 326 ΝΟΜ.

749 443 913 506 Idem
942 443 1086 505 dicit
1109 444 1372 523 auspicia
1401 443 1639 522 imperii
1660 440 1976 503 Aureliano
2003 441 2150 503 haec
2173 440 2385 503 fuisse:
2411 440 2673 520 primum
2696 441 2873 518 pueri

576 545 706 605 eius
749 541 987 623 peluem
1035 549 1376 622 serpentem
1421 540 1775 621 plerumque
1823 541 2082 602 cinxisse
2120 558 2313 620 neque
2358 557 2639 619 umquam
2678 537 2871 600 occidi

568 643 851 722 potuisse,
904 649 1205 721 postremo
1265 642 1455 720 ipsam
1513 649 1793 719 matrem,
1851 658 2001 719 quae
2056 638 2170 700 boc
2222 637 2482 718 uiderat,
2529 644 2873 718 serpentem

570 741 738 820 quasi
793 738 1142 800 familiarem
1198 737 1471 799 occidere
1525 737 1807 799 noluisse.
1881 737 1976 799 his
2033 736 2264 798 accedit
2312 735 2469 817 quod
2516 754 2587 797 ex
2632 735 2871 816 palliolo

567 855 896 918 purpureo,
954 835 1111 917 quod
1167 835 1288 897 Soli
1343 837 1438 897 sui
1493 837 1780 916 temporis
1834 837 2159 915 imperator
2215 833 2537 915 optulerat,
2592 834 2872 896 sacerdos
2926 855 2955 894 s

569 935 786 997 mulier
833 933 1155 1015 crepundia
1203 934 1324 994 filio
1383 934 1597 996 fecisse
1644 933 2010 1014 perhibetur.
2088 932 2251 995 addit
2295 935 2473 994 etiam
2520 932 2666 995 illud
2714 933 2874 1013 quod

568 1035 838 1095 uinctum
885 1032 1138 1094 fasceola
1174 1031 1556 1094 Aurelianum
1604 1031 1801 1113 aquila
1846 1034 2088 1093 innoxie
2137 1031 2208 1093 de
2256 1033 2427 1094 cunis
2472 1030 2769 1092 leuauerit
2813 1039 2875 1093 et

569 1134 633 1193 in
698 1150 857 1194 aram
921 1132 1207 1212 posuerit,
1271 1149 1421 1211 quae
1479 1133 1643 1192 iuxta
1699 1129 1981 1192 sacellum
2038 1131 2189 1192 forte
2246 1132 2376 1192 sine
2432 1128 2671 1210 ignibus
2727 1138 2870 1191 erat.

571 1230 729 1292 idem
786 1236 994 1291 auctor
1047 1238 1142 1290 est
1193 1229 1451 1291 uitulum
1507 1231 1686 1291 matri
1742 1231 1871 1292 eius
1927 1237 2132 1291 natum
2185 1229 2371 1290 mirae
2424 1227 2873 1308 magnitudinis,

572 1328 888 1390 candidum
935 1328 1042 1389 sed
1085 1328 1553 1408 purpurantibus
1600 1326 1869 1406 maculis,
1914 1330 1996 1389 ita
2042 1336 2110 1388 ut
2149 1327 2394 1389 baberet
2430 1329 2493 1387 in
2530 1327 2715 1388 latere
2752 1345 2871 1388 uno
2900 1347 2957 1387 ιο

571 1423 704 1488 ‘aue
744 1423 1105 1507 imperator’,
1148 1427 1210 1486 in
1250 1425 1363 1487 alio
1402 1444 1699 1487 coronam.
1758 1424 1941 1487 multa
1978 1425 2279 1505 superflua
2316 1428 2377 1486 in
2417 1423 2626 1486 eodem
2655 1423 2873 1504 legisse

569 1544 664 1587 me
699 1526 962 1603 memini,
1000 1527 1220 1604 quippe
1259 1526 1361 1604 qui
1399 1523 1737 1585 adseruerit
1772 1526 1950 1585 etiam
1989 1541 2154 1584 rosas
2193 1525 2255 1584 in
2294 1522 2560 1585 eiusdem
2600 1522 2874 1584 mulieris

571 1624 774 1685 chorte
820 1631 957 1684 nato
1005 1622 1318 1684 Aureliano
1367 1624 1562 1683 exisse
1608 1640 1960 1702 purpureaS,
2007 1621 2207 1683 odoris
2254 1623 2429 1701 rosei,
2474 1621 2641 1682 floris
2688 1623 2873 1684 aurei.

572 1721 813 1782 fuerunt
857 1728 917 1782 et
961 1728 1165 1801 postea
1212 1720 1394 1782 multa
1443 1721 1642 1782 omina
1688 1722 1806 1782 iam
1850 1719 2163 1782 militantis
2210 1721 2415 1800 futuri,
2460 1728 2528 1780 ut
2571 1737 2669 1781 res
2704 1738 2873 1782 mon-

569 1822 800 1900 strauit,
846 1820 1099 1899 imperii.
1164 1837 1300 1880 nam
1345 1818 1721 1899 ingrediente
1770 1837 1841 1880 eo
1878 1819 2245 1880 Antiochiam
2284 1821 2347 1880 in
2384 1816 2679 1896 uehiculo,
2715 1818 2874 1899 quod
2902 1839 2955 1880 ιε

569 1936 713 1998 prae
757 1915 1009 1979 uulnere
1050 1925 1190 1978 tunc
1229 1936 1382 1997 equo
1421 1916 1633 1978 sedere
1673 1936 1791 1979 non
1827 1925 2047 1997 posset,
2084 1919 2167 1978 ita
2204 1916 2447 1998 pallium
2484 1935 2875 1996 purpureum,

572 2015 730 2095 quod
793 2017 856 2076 in
919 2015 1142 2076 honore
1207 2017 1338 2076 eius
1404 2033 1657 2095 pansum
1723 2016 1942 2087 fuerat,
2004 2014 2249 2095 decidit,
2316 2023 2382 2076 ut
2446 2033 2687 2076 umeros
2743 2016 2875 2077 eius

573 2120 815 2193 tegeret.
891 2121 952 2173 et
1006 2131 1142 2174 cum
1196 2115 1260 2173 in
1307 2131 1527 2193 equum
1572 2115 1829 2175 transire
1878 2113 2085 2194 uellet,
2132 2115 2271 2194 quia
2316 2111 2683 2174 inuidiosum
2730 2121 2877 2175 tunc

573 2219 702 2272 erat
742 2211 1038 2272 uehiculis
1082 2212 1145 2271 in
1193 2211 1435 2272 ciuitate
1482 2213 1588 2292 uti,
1637 2230 1827 2291 equus
1874 2220 1968 2273 est
2014 2214 2069 2273 ei
2115 2213 2495 2291 imperatoris
2538 2209 2875 2291 adplicituS,

573 2311 669 2370 cui
715 2327 824 2389 per
869 2309 1304 2370 festinationem
1350 2308 1585 2371 insedit.
1664 2309 1769 2371 sed
1824 2308 1928 2370 ubi
1975 2311 2290 2390 comperit,
2339 2316 2529 2370 semet
2574 2309 2649 2370 ad
2696 2328 2875 2371 suum
2902 2330 2957 2370 πο

573 2407 891 2468 transtulit.
966 2406 1098 2467 data
1163 2414 1254 2469 est
1317 2409 1374 2467 ei
1436 2415 1771 2488 praeterea,
1828 2426 1964 2468 cum
2020 2407 2247 2487 legatus
2308 2407 2381 2468 ad
2434 2407 2649 2469 Persas
2708 2408 2876 2488 isset,

572 2512 800 2586 patera,
857 2503 1046 2584 qualis
1104 2505 1255 2566 solet
1308 2505 1769 2586 imperatoribus
1819 2506 1943 2567 dari
1990 2525 2023 2567 a
2069 2524 2210 2585 rege
2255 2505 2602 2585 Persarum,
2648 2507 2710 2566 in
2759 2525 2875 2586 qua

573 2603 906 2684 insculptus
954 2612 1082 2663 erat
1128 2603 1226 2663 Sol
1275 2623 1343 2664 eo
1390 2603 1612 2684 habitu,
1662 2623 1777 2684 quo
1817 2603 2121 2666 colebatur
2158 2603 2229 2665 ab
2270 2623 2340 2666 eo
2378 2602 2616 2684 templo,
2654 2605 2717 2666 in
2756 2623 2876 2684 quo

574 2709 766 2762 mater
839 2702 966 2761 eius
1043 2701 1234 2762 fuerat
1307 2701 1600 2763 sacerdos,
1692 2703 1941 2764 donatus
2006 2702 2200 2764 eidem
2266 2703 2443 2764 etiam
2519 2700 2875 2782 elephantus

573 2801 930 2878 praecipuus
940 2845 957 2878 ,
1013 2817 1190 2878 quem
1245 2798 1346 2860 ille
1401 2801 1747 2880 imperatori
1803 2800 2043 2881 optulit,
2100 2800 2379 2880 solusque
2435 2801 2701 2862 omnium
2750 2803 2873 2880 pri·
2901 2821 2955 2861 25

574 2905 747 2958 uatus
794 2896 1144 2958 Aurelianus
1192 2897 1492 2978 elephanti
1539 2897 1813 2960 dominus
1862 2899 1989 2961 fuit.

1497 3164 1947 3240 THEOCLII

758 3337 822 3407 1.
885 3345 1022 3421 Vop.
1062 3346 1212 3405 Aur.
1253 3346 1312 3421 6,
1349 3345 1394 3404 3
1469 3345 1696 3406 Priuati
1752 3344 1932 3406 huius
1988 3343 2369 3422 [Aureliani]
2420 3345 2607 3406 multa
2673 3353 2875 3408 extant

577 3444 812 3520 egregia
869 3442 1145 3504 facinora.
1209 3461 1345 3504 nam
1393 3451 1774 3522 erumpentes
1823 3443 2119 3503 Sarmatas
2164 3443 2225 3503 in
2274 3440 2505 3522 Illyrico
2560 3461 2699 3504 cum
2756 3451 2871 3504 tre·

576 3541 766 3602 centis
823 3538 1232 3620 praesidiariis
1287 3540 1448 3602 solus
1504 3539 1765 3602 adtriuit.
1840 3541 2027 3602 refert
2081 3539 2423 3619 Theoclius,
2478 3541 2871 3603 Caesareano-

758 3739 814 3798 7.
859 3737 1184 3798 fasceolum
1219 3737 1278 3797 P
1298 3757 1353 3798 a.
1382 3756 1427 3798 c.
1632 3741 1689 3799 9.
1736 3741 2007 3798 auctores
2052 3737 2163 3798 uit.
2199 3738 2258 3797 P
2279 3757 2335 3798 a.
2364 3756 2408 3798 c.
2613 3740 2713 3797 11.
2761 3757 2871 3798 aue

574 3829 904 3903 imperator
937 3827 1323 3888 Kellerbauer
1369 3830 1543 3888 auetr
1579 3827 1638 3885 P
1658 3847 1713 3888 a.
1743 3845 1788 3888 c.
1828 3846 1941 3888 aue
1978 3826 2038 3886 P
2056 3845 2203 3888 corr.
2338 3829 2403 3886 in
2440 3829 2629 3887 altero
2661 3827 2872 3888 Novak

575 3917 751 3991 Listy
791 3918 962 3976 1884
989 3935 1058 3991 p.
1084 3919 1219 3978 ‚203
1403 3919 1503 3976 12.
1551 3935 1646 3976 me
1691 3917 1829 3978 add.
1858 3917 2112 3992 Lessiny
2273 3916 2575 3976 adseuerit
2608 3917 2667 3975 P
2706 3915 2869 3978 adse·

575 4008 764 4066 ruerit
801 4007 1104 4066 Baehrens
1141 4005 1450 4066 adseueret
1486 4006 1821 4082 Petscheniy
2047 4008 2147 4065 14.
2190 4007 2481 4066 militanti
2514 4005 2673 4082 uulf.

581 4097 682 4154 17.
731 4113 1056 4172 expansum
1092 4087 1180 4155 1³⁸
1360 4098 1461 4157 21.
1507 4096 1795 4156 transtuli
1832 4095 1965 4156 Pa.
1994 4113 2039 4155 c.
2225 4098 2323 4155 22.
2372 4095 2749 4172 imperatoris
2783 4096 2842 4155 P

579 4186 680 4245 23.
726 4185 1036 4244 instulitus
1072 4185 1130 4243 P
1151 4203 1205 4244 a.
1235 4203 1281 4245 c.
1329 4187 1596 4263 sculptus
1632 4186 1967 4260 Petscheniy

762 4265 828 4354 1,
877 4276 978 4333 27.
1023 4273 1310 4351 priuatim
1347 4275 1404 4334 P
1623 4277 1723 4334 29.
1768 4273 2086 4334 rofei-Pa.
2114 4292 2161 4335 c.
2340 4273 2505 4334 Theo
2552 4271 2733 4336 Chius
2778 4275 2872 4336 uel
