3234 5034
679 342 970 402 chxnn
1175 331 1274 387 DE
1314 331 1777 390 SCRIPTORVM
1814 330 2003 389 VITIS
2040 330 2134 388 ET
2172 332 2490 390 SCRIPTIS

678 501 938 563 Heluidii
1019 500 1234 564 Prisci'
1312 495 1620 586 (iunioris,
1705 522 1859 564 anno
1934 499 2021 565 93
2095 497 2307 588 occisi)
2384 501 2680 583 ediderat,
2766 502 2980 583 quibus

677 603 1005 661 orationem
1068 600 1402 662 Domitiano
1470 601 1763 663 trucidato
1833 610 2039 663 contra
2103 601 2435 663 Publicium
2502 601 2748 663 Certum
2822 601 2981 663 illius

679 706 1084 760 accusatorem
1131 701 1193 760 in
1243 706 1451 761 senatu
1501 700 1760 761 habitam
1798 708 2043 763 auxerat
2080 708 2138 762 et
2176 708 2620 780 retractauerat,
2658 702 2741 761 ita
2784 709 2983 762 tamen

677 805 745 858 ut
791 797 1008 876 singuli
1055 796 1196 857 libri
1244 816 1309 859 ea
1365 798 1636 879 epistula,
1682 816 1797 880 qua
1846 798 1917 860 de
1966 801 2053 860 eis
2100 802 2222 878 egit
2259 800 2347 877 (9,
2378 800 2512 879 13),
2550 817 2669 860 non
2718 801 2983 861 minores

677 903 878 957 essent
923 888 993 979 (i.
1033 914 1082 957 e.
1123 891 1253 956 114
1297 896 1578 958 uersibus
1624 897 1714 959 ed.
1744 896 1891 961 Keil.
1922 891 2106 982 mai),
2156 906 2331 977 atque
2372 898 2549 958 etiam
2589 897 2661 958 de
2693 898 2983 959 Vestricio

678 994 896 1074 Cottio,
961 994 1083 1055 filio
1148 994 1423 1055 Vestricii
1487 995 1820 1075 Spurinnae
1886 1004 1945 1057 et
2010 996 2235 1057 Cottiae
2302 998 2457 1057 intra
2516 996 2984 1058 adulescentiam

678 1099 926 1173 mortuo,
981 1102 1050 1154 ut
1101 1095 1258 1173 patri
1313 1096 1501 1155 amico
1557 1095 1952 1174 satisfaceret,
2008 1093 2276 1156 libellum
2332 1097 2665 1175 composuit
2722 1103 2785 1157 et
2834 1097 2983 1157 reci·

676 1194 827 1253 tauit
862 1193 951 1268 (3,
990 1194 1123 1267 10).
1199 1194 1440 1272 grauius
1499 1200 1695 1254 tamen
1750 1212 1985 1273 munuS,
2042 1194 2153 1254 etsi
2211 1193 2493 1254 historiae
2549 1212 2684 1254 esse
2738 1194 2986 1274 putabat

677 1290 950 1352 laudibus
1015 1309 1278 1353 summos
1341 1293 1507 1353 uiros
1570 1294 1880 1372 persequi,
1929 1311 2018 1370 ep.
2073 1293 2129 1351 V
2165 1291 2208 1352 8
2257 1293 2567 1353 excusauit
2611 1293 2723 1370 (cf.
2772 1295 2983 1355 Gesch.

679 1390 818 1451 Litt.
858 1391 937 1451 ΙΙ
960 1408 1030 1467 p.
1071 1390 1197 1450 191
1227 1393 1363 1470 sq.),
1407 1408 1522 1451 nec
1568 1408 1677 1470 par
1725 1390 1951 1451 fuisset.

855 1486 1079 1567 Agmen
1127 1487 1358 1549 claudat
1402 1487 1499 1549 Ti.
1540 1487 1884 1549 Claudius
1930 1488 2187 1569 Pollio,
2230 1489 2683 1550 commendatus
2721 1508 2750 1550 a
2792 1488 2984 1550 Plinio

682 1587 738 1662 7,
776 1587 860 1646 31
911 1593 977 1646 ut
1031 1585 1328 1665 quondam
1384 1586 1707 1648 commilito
1765 1586 1825 1647 C.
1874 1586 2023 1648 lulio
2081 1586 2341 1648 Cornuto
2404 1586 2671 1649 Tertullo
2736 1595 2987 1667 propter

677 1703 910 1745 morum
976 1686 1373 1763 integritatem
1437 1687 1811 1765 maximeque
1876 1695 2122 1765 propter
2174 1686 2485 1765 pietatem,
2551 1705 2666 1767 qua
2728 1682 2802 1746 de
2862 1688 2985 1746 uita

678 1784 856 1843 Annii
919 1782 1118 1861 Bassi,
1182 1781 1358 1861 legati
1415 1783 1760 1864 Vespasiani
1822 1783 1977 1844 bello
2040 1782 2279 1845 ludaico
2344 1772 2725 1865 consulisque
2793 1802 2843 1845 a.
2900 1780 2987 1844 70

680 1882 956 1958 (Pi-osop.
988 1881 1030 1941 I
1052 1898 1112 1959 p.
1143 1881 1229 1941 63
1267 1900 1324 1942 n.
1355 1881 1532 1960 476),
1578 1881 1799 1943 librum
1847 1881 2126 1959 ediderit,
2174 1885 2453 1961 quoniam
2502 1882 2695 1943 studia
2744 1900 2985 1962 quoque

681 1982 836 2040 sicut
882 1979 1025 2040 alias
1073 1978 1255 2041 bonas
1303 1986 1460 2040 artes
1506 1988 1825 2041 ueneratus
1866 1989 2028 2042 esset
2063 1984 2344 2059 (Prosop.
2375 1983 2418 2042 Ι
2442 2000 2511 2059 p.
2542 1981 2673 2041 392
2710 2000 2771 2042 n.
2806 1982 2985 2055 703).

679 2096 1034 2157 quamquam
1091 2096 1234 2138 num
1291 2080 1598 2139 saeuitiam
1656 2077 1977 2139 Domitiani
2032 2086 2310 2159 expertus
2366 2082 2447 2141 sit
2502 2078 2748 2140 dubium
2804 2088 2915 2141 est.
2932 2074 2985 2163 ι)

1369 2362 1845 2437 POMPEIVS
1901 2364 2292 2438 PLANTA

859 2540 969 2604 Hic
1033 2542 1143 2603 sub
1192 2543 1547 2623 Vespasiano
1614 2551 1964 2623 procurator
2028 2544 2240 2624 Lyciae
2306 2552 2367 2605 et
2424 2544 2807 2624 Pamphyliae
2874 2546 2993 2607 suit

681 2643 959 2717 (stosop.
991 2641 1106 2701 III
1142 2661 1199 2703 n.
1243 2643 1328 2702 70
1373 2662 1430 2702 n.
1470 2642 1650 2720 483),
1696 2641 1806 2704 suh
1853 2641 2125 2723 Traian0,
2172 2646 2275 2724 qui
2322 2662 2459 2705 eum
2506 2644 2765 2705 amicum
2815 2643 2990 2724 dixit,

681 2758 730 2801 a.
770 2735 1021 2821 981851
1081 2740 1416 2819 praefectus
1460 2739 1709 2819 Aegypti
1755 2740 1954 2814 (Ji-ai.
1984 2744 2072 2803 ad
2106 2744 2261 2803 Plin.
2294 2742 2379 2816 7).
2453 2740 2681 2803 Bellum
2729 2739 2992 2803 Othonis

681 2846 740 2901 et
777 2836 996 2900 Vitellii
1049 2846 1116 2899 ut
1161 2858 1196 2900 a
1240 2837 1443 2900 Tacito
1497 2837 1570 2899 ab
1634 2856 1705 2899 eo
1752 2839 2040 2918 scriptum
2102 2857 2235 2901 esse
2290 2858 2363 2899 ex
2426 2839 2745 2901 scholiasta
2807 2840 2993 2901 que-

677 2937 832 2997 nalis
888 2938 1300 3016 cognoscimus
1349 2937 1464 3014 (fr.
1506 2938 1594 3016 1),
1650 2935 1830 3017 idque
1888 2938 2005 2997 iam
2062 2945 2199 2999 ante
2245 2956 2295 2998 a.
2337 2933 2459 2998 111
2512 2955 2583 2997 ex
2630 2937 2811 2998 Plinii
2858 2942 2993 3019 epi-

681 3035 871 3114 stuliS,
918 3037 1023 3115 qui
1067 3053 1138 3095 eo
1185 3054 1338 3098 anno
1385 3037 1563 3095 etiam
1609 3034 1851 3096 ultimas
1897 3037 2228 3115 composuit
2273 3034 2577 3115 ediditque
2624 3044 2686 3097 et
2730 3034 2807 3096 lx
2852 3032 2913 3111 1,
2950 3034 2991 3097 1

681 3131 857 3194 modo
903 3151 1040 3194 eum
1086 3141 1386 3194 mortuum
1435 3150 1566 3193 esse
1618 3140 1924 3212 memorat,
1972 3152 2089 3212 qua
2137 3131 2209 3194 de
2256 3151 2433 3194 causa
2469 3133 2665 3195 Vallae
2712 3132 2997 3195 scholion

679 3232 978 3293 quenalis
1041 3230 1364 3293 Pithoeano
1430 3230 1917 3311 Sangallensique
1990 3231 2463 3312 postponendum
2530 3250 2663 3293 esse
2736 3229 2999 3311 adparet

682 3332 769 3404 (u.
800 3333 943 3392 adn.
973 3332 1062 3391 ad
1088 3330 1173 3407 fr.
1205 3331 1294 3404 1).
1361 3332 1826 3391 intercesserant
1872 3337 2069 3392 autem
2116 3331 2466 3392 inimicitiae
2512 3331 2671 3391 inter
2714 3329 2881 3392 hunc
2932 3340 3003 3393 et

679 3427 1000 3489 Maximum
1048 3427 1358 3507 quendam,
1406 3430 1508 3507 qui
1557 3425 1738 3507 ‘quod
1785 3427 1969 3489 libros
2021 3427 2121 3489 uel
2176 3446 2285 3508 pro
2332 3447 2396 3489 se
2444 3427 2542 3489 uel
2587 3430 2651 3487 in
2694 3426 3000 3509 Plantam,

679 3528 862 3588 immo
919 3534 980 3589 et
1033 3544 1141 3607 pro
1208 3545 1272 3586 se
1328 3533 1389 3586 et
1434 3528 1496 3586 in
1562 3525 1728 3587 illum
1786 3520 1896 3609 (ita
1962 3528 2122 3587 enim
2188 3528 2435 3587 materia
2500 3519 2797 3609 cogebat)’
2868 3528 3001 3588 iam

683 3623 908 3687 ‘multis
982 3625 1208 3703 legerat
1278 3622 1681 3703 legendosque
1756 3620 2041 3703 dederat’,
2116 3642 2251 3685 cum
2317 3620 2643 3685 ‘inimicus’
2708 3631 3001 3687 mortuus

681 3733 867 3803 esset,
923 3730 988 3785 ut
1045 3722 1205 3784 salua
1263 3731 1424 3783 esset
1478 3724 1845 3783 constantiae
1901 3740 2042 3783 suae
2090 3722 2271 3802 sama,
2328 3740 2359 3783 a
2406 3721 2597 3782 Plinio
2644 3721 3003 3785 admonitus

863 3958 915 4027 1)
954 3958 1017 4011 In
1057 3957 1422 4011 adnotatione
1459 3956 1674 4011 mentio
1711 3954 1973 4011 facienda.
2010 3958 2098 4010 est
2132 3954 2379 4025 Attici,
2423 3972 2457 4009 a
2484 3954 2747 4011 Martiale
2784 3962 2835 4024 2,
2874 3962 2933 4025 7,
2970 3966 3001 4014 1

683 4042 752 4107 (a.
784 4039 1016 4109 86s839)
1064 4040 1128 4091 ut
1175 4055 1302 4091 cum
1347 4053 1538 4091 omnes
1585 4054 1673 4091 res
1718 4036 1895 4103 belle,
1949 4038 2071 4091 tum
2121 4036 2323 4091 ‘bellas
2370 4036 2658 4090 historias’
2716 4036 3006 4095 facientis

680 4118 716 4174 i.
748 4134 794 4173 e.
833 4116 1027 4189 magni
1081 4116 1390 4172 ardalionis
1445 4118 1610 4171 irrisi.
1678 4134 1881 4172 nomen
1938 4118 2088 4171 enim
2142 4118 2263 4173 eius
2310 4118 2397 4171 est
2442 4118 2633 4171 fictum
2680 4134 2867 4186 neque
2930 4136 3006 4174 ex

681 4201 882 4269 poetae
934 4214 1188 4252 sermone
1245 4198 1496 4268 adparet,
1552 4196 1749 4266 quales
1804 4214 1927 4252 esse
1973 4197 2238 4252 historias
2284 4197 2553 4261 uoluerit;
2600 4188 2823 4257 fabulas
2866 4202 3006 4254 ueri

682 4278 866 4333 simile
913 4281 1012 4333 est.
1046 4311 1113 4318 —
1152 4278 1226 4333 M.
1266 4277 1556 4347 Aquilium
1603 4276 1883 4348 Regulum
1930 4278 2111 4347 omisi,
2166 4278 2302 4347 quia
2356 4276 2531 4345 filius,
2587 4276 2745 4331 euius
2802 4278 3006 4335 uiuum

685 4360 1003 4429 scripserat,
1043 4358 1304 4413 trimulus
1341 4361 1595 4412 mortuus
1634 4361 1734 4413 est.
2700 4356 2705 4361 ’
