3234 5034
1228 326 1283 382 C.
1315 326 1602 383 ASINIVS
1641 327 1901 383 POLLIO
2580 328 2665 393 67

370 493 441 555 ab
489 512 560 555 eo
611 512 794 556 cenae
815 506 820 511 ·
841 503 1089 574 excepto
1135 494 1306 556 Mena
1351 494 1457 557 sed
1505 502 1737 555 asserto
1785 496 1846 555 in
1892 495 2322 574 ingenuitatem
2368 504 2501 575 post
2538 515 2673 576 pro-

373 592 553 653 ditam
601 592 768 654 Sexti
813 592 1056 672 Pompei
1105 592 1376 655 classem.

547 684 667 754 6²⁸.
718 692 928 753 Senec.
966 708 1129 753 suas,
1172 691 1228 767 1,
1270 692 1310 751 7
1371 690 1769 753 Bellissimam
1814 700 2015 753 tamen
2062 709 2188 752 rem
2236 690 2463 753 Dellius
2510 692 2677 771 (lixit,

370 806 546 868 quem
593 788 844 849 Messala
891 789 1187 850 Coruinus
1237 788 1602 851 desultorem
1648 787 1943 850 bellorum
1990 790 2260 851 ciuilium
2298 798 2491 869 uocat,
2537 793 2678 870 quia

283 908 310 948 s
370 886 440 947 ab
487 886 788 948 Dolabella
843 886 920 947 ad
975 886 1246 949 Cassium
1301 890 1665 949 transiturus
1722 887 1977 949 salutem
2034 887 2149 949 sibi
2199 895 2411 968 pactus
2459 895 2577 967 est,
2626 891 2679 949 si

367 983 730 1045 Dolabellam
785 984 1132 1066 occidisset3
1189 1004 1220 1047 a
1269 985 1473 1047 Cassio
1531 984 1748 1047 deinde
1794 988 2009 1046 transit
2056 984 2129 1046 ad
2175 987 2526 1065 Antonium,
2570 1003 2677 1048 no-

367 1084 616 1143 uissime
665 1082 739 1143 ab
783 1083 1040 1144 Antonio
1085 1085 1410 1163 transfugit
1454 1083 1528 1144 ad
1577 1083 1909 1145 Caesarem.
2611 1152 2619 1163 ‚

551 1175 588 1241 7
604 1180 667 1244 *.
731 1182 965 1243 Charis.
1006 1182 1047 1241 I
1081 1200 1149 1259 p.
1189 1182 1321 1242 104
1369 1184 1476 1242 K..·
1545 1182 1620 1241 M.
1676 1180 1924 1243 Messala
1990 1181 2062 1243 de
2127 1181 2369 1242 Antonii
2434 1184 2677 1243 statuisz

367 1280 634 1340 Armenii
681 1282 841 1358 regis
887 1278 1076 1359 spolia
1122 1298 1432 1359 gausapae.

283 1398 338 1437 ιο
547 1370 665 1440 8*.
731 1379 966 1439 Charis.
1005 1378 1050 1439 Ῑ
1067 1396 1136 1455 p.
1175 1378 1307 1438 129
1353 1380 1456 1438 Κ..·
1519 1377 1769 1438 Messala
1835 1384 2041 1438 contra
2105 1379 2348 1438 Antonii
2410 1378 2675 1439 litteras:

367 1476 676 1553 angustiae
725 1474 931 1536 fretus.

546 1568 666 1634 9²⁸.
722 1574 957 1635 Charis.
989 1574 1031 1633 I
1045 1591 1113 1650 p.
1146 1573 1277 1633 146
1305 1575 1410 1634 K.:
1447 1572 1829 1651 uectigalium
1866 1571 2143 1634 Messala:
2182 1572 2254 1634 de
2292 1573 2677 1651 uectigalium

365 1672 538 1731 Asiae
586 1672 1026 1732 constitutione.

551 1763 716 1831 10*.
776 1769 929 1829 Ptin.
971 1777 1096 1829 nat.
1143 1771 1281 1829 hist.
1321 1769 1630 1831 XXXIII
1670 1768 1759 1829 50
1821 1767 2091 1829 Messalla
2152 1777 2353 1830 orator
2410 1768 2676 1849 prodidit

283 1886 334 1927 ιε
365 1866 686 1927 Antonium
752 1868 1138 1927 triumuirum
1205 1869 1404 1927 aureis
1467 1884 1647 1928 usum
1708 1868 1872 1928 uasis
1934 1869 2001 1926 in
2063 1865 2339 1927 omnibus
2396 1866 2673 1929 obscenis

367 1963 702 2044 desideriis,
748 1963 1026 2044 pudendo
1073 1966 1323 2025 crimine
1373 1966 1552 2025 etiam
1601 1963 1967 2043 Cleopatrae.

1046 2274 1119 2347 C.
1177 2273 1439 2347 ASINI
1494 2274 1993 2347 POLLIONIS

1303 2436 1741 2496 HISTORIAE

543 2592 612 2661 l.
671 2598 866 2658 Valer.
909 2598 1081 2658 Max.
1126 2597 1286 2658 VIII
1319 2595 1403 2656 13
1440 2605 1562 2657 ext.
1592 2595 1635 2654 4
1691 2594 2131 2674 Arganthonius
2179 2596 2503 2658 Gaditanus
2548 2606 2671 2658 tam

363 2696 468 2757 diu
515 2697 806 2775 regnauit,
854 2712 1030 2774 quam
1079 2694 1182 2755 diu
1230 2696 1406 2756 etiam
1455 2691 1530 2754 ad
1577 2695 1912 2754 satietatem
1958 2694 2183 2755 uixisse
2226 2693 2460 2755 abunde
2500 2694 2669 2755 foret.

359 2792 572 2854 LXXX
628 2795 790 2854 enim
846 2794 1018 2854 annis
1075 2794 1328 2873 patriam
1382 2808 1550 2853 suam
1606 2792 1787 2869 rexit,
1834 2807 1968 2852 cum
2022 2789 2096 2851 ad
2152 2793 2471 2871 imperium
2526 2812 2671 2872 qua-

277 2924 334 2963 20
363 2892 636 2970 draginta
691 2908 880 2953 annos
927 2898 1102 2952 natus
1160 2891 1528 2951 accessisset.
1605 2891 1776 2950 cuius
1832 2890 1921 2949 rei
1978 2891 2129 2949 certi
2184 2899 2325 2950 sunt
2378 2898 2669 2951 auctores.

361 2990 604 3051 Asinius
660 2992 838 3050 etiam
897 2987 1100 3067 Pollio,
1155 3006 1274 3049 non
1331 2990 1578 3048 minima
1643 3004 1783 3067 pars
1843 2985 2095 3047 Romani
2158 2986 2299 3067 stili,
2364 2990 2427 3048 in
2492 2991 2669 3049 tertio

359 3088 753 3149 historiarum
789 3105 1031 3148 suarum
1077 3085 1230 3147 libro
1277 3094 1520 3147 centum
1565 3084 1735 3147 illum
1783 3092 1843 3147 et
1890 3085 2132 3163 triginta
2170 3102 2357 3146 annos
2396 3084 2666 3166 explesse

361 3192 807 3264 commemorat,
844 3192 906 3246 et
940 3187 1070 3265 ipse
1107 3201 1396 3245 neruosae
1433 3184 1775 3244 uiuacitatis
1812 3182 1969 3243 haud
2015 3200 2269 3262 paruum
2313 3182 2668 3263 exemplum.

541 3374 756 3429 6—10.
798 3374 844 3429 0
871 3416 882 3428 .
911 3390 980 3429 su
1047 3392 1086 3429 α
1163 3414 1175 3426 .
1204 3390 1380 3428 ικκιε
1417 3416 1426 3426 .

543 3446 606 3503 1.
654 3446 827 3517 Vulyo
838 3374 1086 3500 feengan
1113 3391 1180 3499 {t
1225 3390 1434 3515 nefingi
1478 3446 1582 3513 (sic
1631 3442 1947 3499 Herodotus
1982 3444 2025 3497 I
2054 3446 2187 3511 163)
2238 3450 2339 3499 aut
2390 3446 2662 3515 quinqua-

357 3520 522 3591 yeme
549 3534 744 3574 annos.
791 3518 1115 3573 mentionem
1142 3517 1262 3571 eius
1285 3516 1475 3583 fecisse
1501 3515 1727 3570 uidetur
1755 3515 1851 3571 An.
1881 3516 1947 3569 in
1972 3516 2385 3585 oppugnatione
2418 3515 2665 3571 Gadium

363 3594 442 3657 (a.
472 3592 560 3643 49.
597 3593 746 3656 705).

542 3768 612 3855 6,
655 3776 712 3833 3.
759 3774 998 3833 deillius
1032 3774 1194 3835 codd.
1335 3766 1717 3851 ⁴.·Messala]
1745 3789 1870 3833 esse
1908 3773 2039 3833 sala.
2065 3770 2308 3847 Amm)
2338 3772 2667 3848 Banasa.)

360 3861 570 3941 uocat]
609 3864 744 3923 loca.
771 3860 831 3921 A
1012 3856 1184 3943 quia]
1222 3864 1329 3938 qui
1363 3860 1535 3922 Gertz
1753 3864 1810 3923 5.
1856 3863 2221 3921 transiturus
2256 3861 2342 3936 T(
2334 3862 2458 3922 olet.
2454 3862 2488 3937 )
2517 3880 2665 3922 corr.

360 3953 756 4012 transiturum
784 3950 844 4011 A
864 3952 925 4011 B
939 3952 1066 4012 Vat.
1104 3952 1434 4011 transituro
1465 3950 1663 4009 Brux.
1682 3950 1767 4009 11
1849 3950 1965 4011 sibi
1999 3952 2055 4009 T
2072 3968 2221 4010 corr.
2248 3950 2363 4011 tibi
2383 3948 2443 4009 A
2462 3951 2523 4010 B
2536 3952 2663 4011 Vat.

364 4044 416 4101 si
445 4042 636 4101 Bruoe.
657 4042 744 4100 II
875 4042 932 4101 6.
979 4038 1296 4102 accidisset
1320 4038 1380 4099 A
1516 4040 1712 4099 cassin
1739 4033 1827 4098 Βι
1960 4040 2205 4099 muniit
2231 4040 2423 4100 Bruoe.
2444 4041 2532 4098 II

546 4124 611 4212 7,
663 4134 719 4193 9.
765 4130 988 4208 spullia.
1021 4130 1144 4189 cod.
1191 4129 1384 4205 spolia
1421 4130 1507 4189 ed.
1525 4148 1625 4203 pr.
1761 4146 2025 4207 gausape
2064 4129 2150 4189 ed.
2170 4146 2269 4202 pr.

505 4214 613 4298 ,8,
666 4222 766 4280 10.
814 4220 1090 4279 antonini
1135 4218 1255 4279 eod.
1305 4219 1553 4278 Antonii
1599 4218 1685 4278 ed.
1704 4236 1805 4292 pr.

501 4303 616 4387 lo,
670 4311 769 4368 14.
813 4308 1097 4368 Messalla.
1142 4308 1262 4369 eod.
1285 4307 1496 4368 Bamb.
1525 4326 1583 4367 a.
1611 4325 1656 4367 c.
1704 4306 1965 4368 Messala
2008 4308 2167 4382 νεαρ.

2164 4406 2233 4459 ὅ*
