3234 5034
1024 351 1085 408 1..
1124 351 1328 408 ANNA
1336 351 1473 409 EVS
1512 351 1794 410 SENECA
2265 373 2562 424 cxxvnn

255 526 457 584 statim
520 525 769 598 quidem
819 525 1232 600 petulantiam
1303 527 1557 600 linquae
1631 526 2015 600 obstemus-se,
2096 532 2366 586 ceterum
2414 531 2562 602 post

248 638 490 696 paucos
528 624 663 682 dies
698 626 1018 698 scripsisse
1052 625 1313 699 senatui,
1360 629 1427 682 ut
1465 624 1541 684 de
1563 639 1774 699 poena
1813 623 2048 684 Paconi
2085 641 2264 699 quam
2287 627 2559 700 primum

255 727 573 781 statueret.
660 727 796 781 ante
846 720 956 781 hos
995 719 1393 791 Quintilianus
1434 719 1658 782 dictum
1696 723 1824 781 eius
1863 719 2096 801 aliquod
2134 722 2405 800 inseruit,
2443 739 2559 801 quo

261 816 329 877 de
378 817 652 878 Sallustii
699 817 973 898 Liuiique
1018 818 1267 880 historia
1313 817 1601 880 iudicium
1641 819 1756 880 fert
1803 820 1911 898 (fr.
1943 821 2031 894 1).
2107 821 2285 880 etiam
2330 819 2560 880 Plinius

258 918 451 976 maior
498 915 659 977 bunc
708 915 1029 977 Seruilium
1088 918 1153 977 in
1212 917 1465 978 naturali
1520 916 1768 978 historia
1821 919 2140 998 praecipuo
2197 916 2392 979 studio
2439 935 2560 978 am-

256 1013 467 1093 plexus
527 1023 645 1095 est,
700 1033 819 1075 non
880 1014 1071 1076 solum
1125 1017 1459 1096 principem
1515 1017 1725 1076 aetatis
1774 1034 1910 1077 eum
1969 1016 2172 1076 dicens
2229 1014 2337 1078 sed
2384 1017 2560 1076 etiam

261 1111 373 1172 alia
423 1111 497 1174 de
546 1114 696 1194 ipso,
720 1131 913 1194 quem
962 1131 1026 1174 se
1075 1111 1379 1174 consulem
1424 1111 1651 1174 uidisse
1688 1113 2000 1195 praedicat·
2038 1115 2169 1191 (37,
2207 1113 2343 1195 81),
2391 1121 2450 1174 et
2489 1113 2562 1174 de

259 1213 386 1272 eius
436 1210 660 1272 familia
708 1212 980 1291 afferens,
1026 1231 1175 1292 quos
1221 1210 1383 1273 locos
1430 1213 1483 1272 si
1530 1219 1694 1273 recte
1741 1211 2021 1273 Muenzer
2063 1231 2119 1292 p.
2157 1209 2290 1274 403
2311 1231 2438 1293 sqq.
2489 1231 2560 1273 ex

258 1311 386 1371 eius
435 1308 753 1371 annalibus
800 1311 1055 1392 repetiit,
1105 1313 1191 1372 eis
1238 1312 1415 1371 etiam
1464 1309 1535 1371 de
1573 1309 2110 1391 proscriptionibus
2158 1318 2355 1372 actum
2393 1305 2558 1395 est.¹)

258 1407 405 1469 illud
460 1415 663 1482 tamen
720 1417 781 1470 et
835 1408 907 1469 de
964 1408 1075 1470 hoc
1130 1417 1191 1470 et
1246 1408 1317 1469 de
1365 1408 1595 1470 Aufidio
1651 1411 1948 1471 incertum
2003 1417 2228 1489 manet,
2285 1407 2396 1471 sub
2441 1427 2560 1490 quo

260 1509 631 1586 imperatore
678 1506 863 1569 libros
910 1525 1051 1570 suos
1098 1507 1377 1588 ediderit,
1434 1526 1609 1588 quem
1667 1509 1852 1587 igitur
1898 1510 2124 1570 recenti
2179 1508 2312 1569 odio
2356 1526 2560 1588 perse-

262 1613 451 1685 cutus,
490 1624 673 1688 quem
720 1605 992 1668 adulatus
1040 1609 1133 1668 sit.
1207 1624 1319 1667 nec
1364 1607 1455 1666 ira
1493 1625 1603 1667 nec
1651 1605 1784 1669 odio
1833 1627 1934 1669 eos
1979 1625 2225 1670 uacasse
2263 1625 2334 1668 ex
2371 1607 2562 1668 Taciti

262 1702 481 1766 iudicio
532 1711 783 1766 constat.

905 2177 985 2252 L.
1020 2179 1483 2252 ANNAEVS
1540 2178 1914 2253 SENECA

350 2323 557 2394 (Natus
594 2323 771 2396 4s757,
809 2323 869 2377 in
906 2322 1139 2378 exilium
1175 2341 1211 2378 a.
1246 2325 1551 2379 Messalina
1586 2325 1791 2380 missus
1831 2343 1879 2380 a.
1909 2331 1997 2392 41,
2035 2325 2108 2380 ab
2145 2325 2462 2396 Agrippina

438 2407 740 2460 reuocatus
776 2410 863 2473 49,
900 2408 1129 2474 praetor
1163 2411 1251 2474 49,
1290 2422 1398 2460 eos.
1430 2405 1698 2461 suffectus
1735 2413 1822 2475 57,
1859 2409 2112 2462 mortuus
2149 2407 2382 2478 65s818.)

440 2563 621 2625 Multa
668 2563 1003 2625 litterarum
1050 2583 1269 2644 genera
1306 2563 1624 2626 scribendo
1660 2565 1759 2626 hic
1795 2565 2003 2645 attigit,
2052 2565 2398 2626 historicum
2439 2563 2560 2626 sola

260 2665 447 2743 patris
501 2664 655 2742 uita,
716 2664 887 2724 cuius
942 2663 1179 2724 initium
1236 2665 1299 2723 in
1345 2663 1726 2743 palimpsesto
1773 2663 2358 2725 Vaticano-Palatino
2405 2683 2558 2725 saec.

260 2760 307 2818 V
348 2759 451 2822 uel
498 2759 597 2839 vl,
654 2779 771 2840 quo
818 2761 943 2821 solo
990 2763 1121 2821 eius
1164 2765 1451 2822 memoria
1497 2763 1852 2842 continetur,
1901 2781 2042 2822 casu
2089 2770 2392 2823 seruatum
2438 2765 2560 2842 pri-

259 2878 421 2920 mum
480 2878 513 2919 a
561 2857 889 2920 Niebuhrio
948 2860 1178 2932 (Cicer.
1227 2869 1383 2921 orat.
1418 2878 1544 2938 pro
1592 2861 1675 2921 M.
1725 2861 1979 2922 Fonteio
2035 2870 2093 2922 et
2124 2878 2250 2938 pro
2299 2861 2560 2923 Rabirio

254 2958 482 3034 froom.
542 2960 637 3018 ed.
694 2957 929 3020 Romae
984 2957 1161 3018 1820
1200 2976 1269 3035 p.
1311 2959 1469 3032 103)
1536 2957 1792 3038 editum,
1857 2967 1994 3039 post
2057 2979 2088 3020 a
2154 2958 2560 3021 Studemundo

261 3055 455 3117 denuo
530 3055 752 3116 lectum
828 3063 889 3117 et
961 3055 1116 3134 apud
1189 3055 1615 3118 Rossbachium
1685 3055 1802 3118 ‘De
1867 3059 2138 3120 Senecae
2183 3059 2339 3135 phil.
2386 3061 2563 3120 libris

257 3173 489 3216 recens.
539 3162 601 3215 et
654 3151 905 3215 emend?
958 3155 1177 3227 (Bresl.
1218 3157 1367 3232 phil.
1415 3156 1718 3218 Abhandl.
1759 3156 1837 3216 II
1863 3157 1934 3231 3)
1977 3175 2038 3234 p.
2068 3177 2232 3216 xxm
2251 3174 2337 3233 sq.
2383 3158 2561 3218 itera-

258 3259 385 3312 tum
443 3260 555 3314 est.
649 3253 866 3331 pietate
924 3270 988 3312 se
1044 3253 1355 3314 incensum
1410 3261 1641 3332 patrem
1698 3255 1918 3333 optime
1977 3253 2049 3315 de
2107 3254 2362 3315 filiorum
2391 3253 2562 3316 edu-

258 3352 491 3411 catione
530 3350 817 3410 meritum
852 3351 915 3410 in
954 3353 1203 3412 summis
1241 3351 1636 3430 scriptoribus
1675 3371 2020 3413 numerasse
2059 3355 2188 3432 ipse
2227 3353 2560 3434 confitetur,

256 3447 367 3508 sed
430 3467 549 3528 quo
617 3449 815 3508 animo
881 3465 979 3509 res
1041 3447 1309 3528 publicas
1374 3452 1750 3529 tractauerit,
1815 3469 1891 3510 ne
1955 3452 2246 3530 suspicari
2318 3451 2559 3530 quidem

254 3564 597 3625 possumne,
638 3565 775 3606 cum
814 3565 929 3625 quo
960 3554 1226 3626 tempore
1256 3549 1565 3627 scripserit
1594 3550 1948 3610 nesciamus,
1997 3551 2374 3628 imperatoris
2402 3569 2559 3611 mor-

254 3647 345 3706 tui
392 3645 721 3706 memoriae
769 3643 955 3706 filium
996 3645 1237 3725 quidem
1273 3664 1393 3706 non
1429 3647 1772 3726 pepercisse
1821 3647 2324 3727 apocolocyntosis
2373 3647 2560 3710 docet.

440 3891 493 3957 1)
530 3885 733 3942 Multis
772 3887 962 3942 arrisit
988 3887 1317 3944 Buecheleri
1355 3887 1678 3943 coniectura
1705 3890 1796 3954 (m.
1825 3889 1931 3945 Rh.
1961 3895 2048 3956 42,
2077 3894 2220 3960 473),
2251 3890 2347 3960 qui
2376 3890 2562 3946 locum

251 3966 501 4023 Charisii
541 3971 616 4037 (p.
650 3973 773 4037 145,
801 3971 893 4040 29)
948 3986 983 4023 a
1026 3985 1085 4023 se
1132 3969 1493 4024 emendatum
1533 3969 1754 4025 ‘Tor-ces
1789 3972 1950 4038 (tores
1987 3969 2128 4040 cod.)
2166 3969 2455 4037 Seruilius,
2499 3977 2563 4024 ut

250 4049 426 4103 etiam
461 4049 555 4103 Π.
587 4049 1007 4118 Pomponiam&
1048 4055 1231 4122 notat,
1272 4049 1524 4104 “aureus
1569 4051 1785 4106 torces'’
1826 4053 1987 4120 (tores
2023 4049 2168 4120 cod.)
2198 4067 2304 4119 pro
2350 4057 2562 4120 torques

251 4128 328 4182 ad
376 4128 533 4183 hune
584 4127 909 4184 Nonianum
954 4130 1201 4198 rettulit3
1246 4128 1456 4184 rectius
1502 4133 1694 4184 tamen
1741 4131 1814 4185 ad
1854 4133 2132 4185 oratorem
2169 4129 2229 4184 P.
2261 4130 2562 4185 Seruilium

249 4207 601 4278 Caepionem
646 4209 920 4279 pertinet,
975 4210 1073 4280 qui
1118 4211 1193 4266 ab
1237 4209 1363 4282 ipso
1410 4209 1665 4265 Charisio
1709 4229 1764 4280 p.
1799 4216 1917 4278 193,
1949 4215 2032 4264 19.
2086 4215 2204 4278 196,
2235 4215 2282 4265 7.
2341 4215 2464 4279 ⁶224,
2493 4217 2556 4264 21

250 4288 499 4357 citatur3
546 4289 719 4344 etiam
754 4289 837 4345 ΕΙ.
866 4290 1283 4363 Pomponianus
1330 4293 1451 4346 arte
1498 4291 1740 4346 docendi
1787 4289 1993 4360 floruit,
2039 4293 2104 4344 ut
2141 4291 2306 4345 docet
2343 4290 2399 4346 C.
2429 4291 2468 4347 I.
2499 4292 2560 4347 L.

358 4478 493 4518 mat.
520 4477 651 4519 nom.
679 4478 762 4518 tel.
780 4479 847 4530 11,
872 4479 941 4520 aa
962 4479 1141 4521 Peter.
1978 4459 2138 4514 VIIII
