3234 5034
1087 299 1163 354 M.
1192 297 1576 354 VIPSANIVS
1613 299 1934 355 AGRJPPA
2421 321 2640 368 LXXVI
2646 322 2665 368 l

358 465 558 546 colligi
598 474 795 546 potest
809 461 878 551 ¹),
917 466 1142 527 Plinius
1191 474 1388 528 autem
1435 485 1588 546 quae
1638 467 1709 528 de
1758 467 1965 529 morbo
2004 469 2251 547 Augusti
2297 467 2667 548 Philippensi

358 583 496 626 eum
541 582 822 626 narrasse
869 564 1048 644 idque
1096 564 1170 624 ab
1217 567 1348 644 ipso
1395 566 1659 643 Augusto
1710 565 2161 627 dissentientem
2218 569 2461 646 scripsit
2508 569 2663 640 (nat.

354 666 492 725 hist.
537 664 666 724 VII
695 663 843 724 148.
893 664 972 740 cs.
1011 666 1331 741 Aqreppae
1371 664 1456 740 fr.
1499 664 1587 743 1),
1636 682 1707 724 ex
1766 663 1899 725 aliis
1946 664 2134 742 libris,
2188 664 2357 725 uelut
2401 664 2666 744 dialogiS,

355 761 571 839 hausit,
619 760 837 841 quibus
884 764 1061 823 etiam
1099 761 1180 821 IX
1219 757 1306 822 24
1354 760 1611 824 fabulam
1652 761 1947 842 quandam
1988 762 2059 824 de
2102 762 2382 842 delphino
2421 758 2661 847 debet²)

356 869 418 920 et
453 867 766 939 praeterea
803 859 1134 921 secundum
1175 859 1404 921 indices
1443 859 1734 940 quaedam
1772 863 1835 920 in
1873 859 2045 921 libris
2082 874 2282 922 xxxn
2311 871 2371 922 et
2398 875 2662 922 xxxvn.

937 1056 1033 1128 M.
1091 1055 1444 1128 VIPSAN
1454 1055 1600 1129 [VS
1656 1055 2079 1128 AGRIPPA

535 1217 752 1278 Contra
800 1218 1120 1296 Agrippam
1169 1217 1240 1278 de
1285 1219 1412 1278 uita
1449 1235 1556 1278 sua
1594 1216 1781 1278 libros
1818 1216 1953 1296 plus
1993 1217 2141 1278 duos
2178 1236 2288 1297 per
2324 1226 2660 1298 temporum

353 1317 650 1376 rationem
696 1317 1071 1395 pertexuisse
1120 1315 1452 1394 fragmento
1499 1315 1685 1376 altero
1730 1314 2014 1376 traditum
2063 1324 2155 1375 est
2192 1318 2487 1396 tertioque
2526 1335 2660 1395 per·

350 1416 594 1475 uenisse
654 1432 790 1475 eum
846 1432 1038 1493 usque
1094 1412 1168 1473 ad
1224 1413 1582 1474 aedilitatem
1640 1430 1810 1474 suam
1866 1431 1915 1475 a.
1964 1409 2237 1494 33s721.
2322 1413 2661 1476 substitisse

349 1521 552 1573 tamen
601 1531 738 1573 eum
785 1514 940 1572 intra
989 1512 1150 1572 hunc
1187 1529 1406 1572 annum
1445 1513 1550 1571 uix
1587 1511 1876 1572 credibile
1916 1518 2024 1572 est.
2096 1530 2235 1572 nam
2274 1514 2462 1573 otium
2499 1515 2658 1574 uitae

351 1609 705 1672 scribendae
762 1617 890 1671 tum
947 1618 1198 1671 nanctus
1257 1617 1374 1688 est,
1423 1628 1558 1670 cum
1605 1619 1741 1689 post
1787 1609 2061 1671 morbum
2107 1610 2356 1688 Augusti
2403 1619 2462 1670 et
2508 1611 2658 1672 Mar·

350 1709 486 1769 celli
535 1708 913 1788 adoptionem
961 1717 1208 1788 propter
1253 1708 1614 1769 offensiones
1662 1727 1798 1768 cum
1849 1707 2021 1768 domo
2069 1710 2451 1787 imperatoria
2500 1717 2660 1771 ortas

347 1806 660 1886 Mytilenas
707 1809 1060 1867 secessisset
1098 1799 1178 1888 (a.
1217 1801 1865 1890 23s731-21s733).
1932 1806 2231 1868 aedilitate
2270 1814 2469 1867 autem
2506 1826 2657 1886 quae

347 1906 728 1985 instituisset,
775 1913 912 1984 post
967 1906 1164 1984 ipsum
1211 1905 1625 1983 magistratum
1678 1903 1968 1984 peculiari
2022 1903 2176 1964 libro
2237 1912 2512 1966 accurate
2571 1906 2657 1966 di-

347 1996 758 2086 scripserat³)‚
815 2011 992 2082 atque
1049 2005 1228 2063 etiam
1284 2001 1570 2081 ampliore
1628 2003 1827 2062 omnia
1888 2001 1961 2062 ad
2019 2020 2117 2062 res
2174 2005 2335 2082 ipsas
2402 2003 2656 2085 rettulit3

347 2099 508 2161 laudi
555 2109 754 2161 tamen
803 2119 962 2179 suae,
1009 2119 1146 2161 cum
1193 2102 1434 2161 omnino
1483 2099 1787 2160 studiosus
1834 2094 2077 2184 esset⁴)‚
2114 2119 2191 2160 ne
2229 2107 2357 2161 tum
2395 2101 2655 2182 quidem,

347 2198 554 2278 quales
611 2217 710 2259 res
765 2207 892 2260 tum
939 2205 1168 2274 essent,
1230 2200 1575 2278 pepercisse
1632 2197 1897 2276 uidetur,
1954 2216 2312 2277 quamquam
2370 2198 2527 2278 quod
2584 2220 2653 2262 ex

347 2295 608 2357 Lucrino
646 2295 778 2357 lacu
814 2303 1054 2376 portum
1094 2314 1125 2355 a
1165 2314 1228 2356 se
1267 2295 1487 2356 factum
1525 2315 1657 2356 esse
1698 2297 2024 2374 scripserat
2052 2296 2159 2372 (fr.
2193 2296 2283 2374 2),
2322 2298 2378 2356 ei
2416 2299 2655 2358 crimini

349 2394 478 2454 dari
514 2413 636 2455 non
673 2401 885 2474 potest,
926 2413 1061 2454 nam
1099 2412 1250 2473 quae
1299 2394 1408 2454 sub
1448 2396 1731 2474 auspiciis
1769 2396 2147 2473 imperatoris
2186 2393 2259 2454 ab
2306 2393 2438 2456 aliis
2485 2414 2653 2475 gere-

345 2489 590 2571 bantur,
644 2491 735 2551 illi
789 2494 1074 2571 imputari
1130 2485 1464 2574 solebant⁵)
1521 2500 1698 2572 atque
1755 2493 2013 2571 Agrippa
2068 2510 2300 2552 summa
2352 2511 2491 2571 erga
2537 2495 2652 2555 Au·

345 2597 588 2668 gustum
633 2587 924 2651 modestia
971 2583 1332 2673 utebatur‘3).
1396 2588 1467 2650 de
1505 2608 1727 2669 genere
1766 2589 2069 2650 scribendi
2107 2589 2256 2650 nihil
2294 2594 2652 2673 accepimus,

346 2687 800 2749 delectationem
844 2681 1058 2772 :tamen
1105 2706 1243 2748 eum
1290 2706 1409 2748 non
1466 2689 1712 2768 petiisse
1769 2697 2234 2749 consentaneum
2283 2698 2389 2769 est7
2447 2709 2650 2768 quam-

345 2805 524 2865 quam
573 2794 698 2847 arte
747 2803 866 2846 non
913 2787 1123 2864 caruit,
1171 2787 1224 2846 si
1268 2785 1460 2847 Plinio
1505 2793 1625 2846 nat.
1664 2786 1800 2846 hist.
1838 2781 1942 2863 35,
1968 2783 2053 2846 26
2101 2781 2485 2872 credimuS.⁷)

523 2941 577 3006 1)
614 2938 903 3009 Kiessling
957 2939 1034 2993 ad
1089 2939 1227 2993 Hor.
1276 2955 1442 2992 eamn.
1480 2939 1558 2992 II
1597 2942 1684 2993 12.
1725 2971 1791 2980 —
1834 2938 1951 2991 Iam
2008 2938 2295 2993 Frandsen
2354 2943 2652 2997 Maecenas

333 3036 392 3089 p.
423 3023 540 3073 168
557 3035 636 3088 sq.
675 3017 965 3073 Weichert
991 3020 1238 3090 Augusti
1274 3020 1424 3088 reliq.
1447 3037 1506 3088 p.
1535 3023 1649 3073 233
1666 3037 1779 3088 sqq.
1819 3019 2031 3088 aliique
2070 3019 2143 3073 de
2180 3019 2525 3076 Maecenatis
2561 3022 2647 3076 hi-

341 3099 519 3153 storia
558 3099 980 3167 dubitauerunt,
1019 3100 1118 3152 sed
1157 3115 1228 3154 ne
1257 3099 1326 3153 de
1357 3100 1773 3154 commentariis
1801 3099 2031 3168 quidem
2060 3117 2186 3154 eum
2216 3100 2647 3158 Gardthauseno

341 3181 488 3251 Any.
519 3180 564 3232 Ι
585 3197 644 3248 p.
677 3184 786 3234 778
824 3179 1064 3248 cogitari
1102 3181 1306 3249 potest.

523 3263 576 3326 2)
615 3257 837 3313 Hardea.-
894 3248 1036 3314 Uber
1089 3261 1178 3314 die
1231 3261 1564 3330 Fraymente
1617 3261 1712 3315 des
1752 3261 1931 3314 Maec.
1973 3279 2025 3330 p.
2058 3266 2125 3314 20
2147 3279 2226 3330 sq.
2259 3291 2324 3300 —
2364 3261 2535 3315 Plinii
2587 3265 2647 3317 et

338 3339 489 3393 hunc
535 3339 722 3393 locum
769 3341 830 3394 et
864 3339 967 3394 VII
1016 3344 1117 3393 148
1159 3341 1310 3394 inter
1343 3340 1663 3411 fragmenta
1703 3341 1902 3396 ‘uitae'
1943 3341 2133 3409 posuit
2170 3341 2309 3394 Lion
2352 3342 2645 3398 Maeeena-

341 3421 502 3474 tiana
537 3437 593 3488 p.
625 3423 699 3474 39
717 3437 791 3489 sq.

519 3503 574 3568 3)
613 3499 860 3554 Frontin.
903 3499 972 3554 de
1011 3500 1174 3570 aquis
1210 3500 1262 3554 II
1291 3505 1358 3554 98
1380 3517 1459 3569 sq.
1500 3502 1599 3570 qui
1634 3502 1748 3556 iam
1783 3504 1942 3570 copia
1971 3503 2311 3571 permittente
2347 3503 2643 3572 diam-ipsit,

339 3581 474 3648 quid
511 3597 782 3649 aquarum
813 3581 1056 3650 publicis
1091 3581 1362 3651 operibus,
1399 3581 1534 3650 quid
1571 3582 1797 3648 lacibus,
1844 3583 1978 3651 quid
2022 3583 2265 3650 priuatis
2301 3583 2543 3637 daretur.
2574 3615 2641 3624 —-—

338 3662 632 3731 Λυρκείας
676 3677 884 3730 quoque
927 3661 1101 3716 edicto
1149 3661 1444 3730 conplexus
1489 3668 1591 3728 est,
1638 3678 1744 3730 quo
1790 3663 1909 3715 iure
1950 3668 2231 3716 uterentur
2267 3664 2365 3731 qui
2401 3680 2467 3716 ex
2503 3681 2643 3718 com-

339 3742 626 3795 mentariis
669 3741 952 3810 Ayrippae
987 3759 1163 3809 aquas
1207 3743 1489 3807 haberent,
1527 3749 1577 3796 et
1610 3760 1659 3810 q.
1687 3759 1733 3797 a.
1801 3741 1887 3794 Ad
1926 3741 2080 3795 aliud
2120 3742 2297 3812 igitur
2332 3759 2510 3812 genus
2547 3742 2642 3798 lit-

339 3822 586 3874 terarum
625 3819 732 3874 hoc
761 3837 902 3891 opus
928 3821 1207 3890 pertinuit
1235 3837 1268 3874 a
1298 3821 1715 3876 commentariis
1744 3822 1899 3876 uitae
1928 3821 2231 3889 diuersum,
2260 3823 2412 3890 quod
2446 3827 2643 3879 contra

341 3897 834 3954 Gardthausenum
871 3903 1106 3971 Auyust.
1143 3901 1196 3954 II
1229 3919 1285 3971 p.
1318 3907 1420 3956 417
1459 3917 1675 3956 moneo.

516 3984 573 4050 4)
611 3979 694 4036 Cf.
723 3979 918 4036 Horat.
951 3997 1118 4036 carm.
1149 3982 1174 4034 I
1213 3988 1260 4037 6.

516 4067 570 4128 5)
611 4059 849 4115 Grauior
885 4063 1132 4132 suspicio
1170 4063 1240 4117 de
1277 4061 1344 4118 fr.
1378 4070 1404 4117 1
1447 4065 1578 4118 oriri
1617 4064 1821 4134 potuit,
1859 4062 1929 4117 cf.
1958 4065 2101 4135 Aug.
2132 4063 2197 4118 fr.
2234 4069 2314 4118 10.

515 4145 570 4210 6)
611 4139 737 4194 Vid.
769 4139 1165 4196 Gardthausen
1201 4142 1239 4197 1.
1271 4161 1312 4198 s.
1343 4143 1368 4195 I
1409 4149 1508 4198 ‘141
1531 4161 1611 4212 sq.

517 4227 568 4292 7)
607 4223 658 4275 A
695 4221 880 4277 Plinio
919 4229 968 4290 3,
1001 4228 1066 4295 17
1109 4224 1519 4278 ‘commentarii
1557 4223 1869 4294 Agrippae’
1911 4224 2187 4294 dicuntur,
2217 4242 2363 4293 quae
2392 4225 2639 4297 descrip-

339 4305 488 4356 serat
521 4303 582 4356 in
614 4303 868 4371 paranda
904 4303 1355 4374 chronographia.
1391 4305 1657 4375 porticus.
1716 4303 2111 4360 Gardthausen
2148 4305 2182 4358 1.
2214 4323 2256 4360 s.
2290 4310 2392 4360 748
2412 4323 2493 4375 sq.
