3234 5034
1312 328 1664 384 EXEMPLA
2547 335 2629 402 31

506 487 625 556 8²⁸².
675 494 831 557 Plin.
871 514 930 556 n.
968 498 1025 557 h.
1064 497 1178 558 III
1216 498 1261 558 4
1323 497 1390 558 T.
1440 497 1649 560 Liuius
1711 517 1781 560 ac
1835 498 2032 580 Nepos
2089 500 2399 564 Cornelius
2448 501 2634 580 [freti

332 590 653 670 Gaditani]
712 592 1041 655 latitudinis
1106 594 1482 658 tradiderunt
1538 598 1740 658 minus
1789 611 1887 658 vn
1943 597 2106 660 milia
2159 618 2472 680 passuum,
2527 601 2634 662 ubi

323 707 473 752 uero
517 691 865 771 plurimum,
909 707 959 752 x
1005 693 1185 756 milia.

503 786 613 855 9²⁸².
664 794 819 853 Plin.
849 811 907 852 η.
935 793 991 852 h.
1024 792 1138 853 III
1177 793 1307 854 125
1358 793 1648 855 lnteriere
1691 828 1770 836 —
1811 793 2069 874 Melpum
2105 796 2409 876 opulentia
2455 817 2628 878 prae-

268 901 295 942 ι
322 888 595 967 cipuum,
642 889 802 969 quod
848 889 920 949 ab
968 889 1319 952 Insubribus
1367 900 1429 952 et
1473 892 1611 953 Bois
1667 900 1727 953 et
1786 892 2122 956 Senonibus
2181 894 2441 956 deletum
2497 916 2630 959 esse

324 1003 394 1045 eo
444 985 557 1066 die,
606 1007 723 1068 quo
772 987 1055 1049 Camillus
1090 989 1265 1050 Veios
1312 991 1556 1069 ceperit,
1603 989 1800 1069 Nepos
1849 991 2158 1052 Cornelius
2206 992 2465 1055 tradidit.

506 1079 671 1149 10*.
720 1088 876 1147 Plin.
904 1105 963 1147 n.
992 1089 1051 1148 Ῐι.
1081 1087 1196 1149 III
1234 1089 1366 1148 127
1412 1087 1572 1149 Vltra
1618 1107 1796 1168 quam
1837 1087 2234 1169 [Aquileiam]
2269 1125 2353 1135 —-
2391 1093 2629 1154 Formio

321 1185 540 1262 amnis,
588 1217 673 1226 ——
722 1186 953 1244 anticus
1015 1193 1219 1246 auctae
1281 1186 1481 1247 ltaliae
1542 1189 1861 1266 terminuS,
1926 1205 2088 1248 nunc
2145 1207 2292 1249 uero
2351 1189 2628 1272 Histriae,

322 1299 502 1359 quam
567 1285 1039 1361 cognominatam
1105 1301 1139 1344 a
1202 1283 1447 1344 flumine
1512 1283 1714 1346 Histro
1779 1287 1841 1344 in
1907 1285 2189 1347 Hadriam
2249 1287 2532 1350 effluente
2595 1309 2628 1350 e

246 1395 293 1434 ιο
319 1377 593 1440 Danuuio
638 1399 813 1442 amne
852 1379 1179 1460 eodemque
1218 1381 1419 1444 Histro
1458 1382 1850 1444 exaduersum
1889 1382 2034 1445 Padi
2072 1385 2290 1464 fauces,
2328 1390 2627 1448 contrario

320 1494 530 1538 eorum
576 1497 869 1557 percussu
916 1481 1067 1540 mari
1112 1481 1425 1541 interiecto
1475 1480 1854 1542 dulcescente
1909 1482 2179 1562 plerique
2229 1482 2432 1545 dixere
2481 1485 2626 1546 salso

322 1583 383 1634 et
427 1573 628 1656 Nepos
675 1579 851 1638 etiam
900 1576 1043 1637 Padi
1090 1577 1309 1639 adcola.

505 1667 621 1738 11.
674 1677 827 1738 Plin.
868 1695 925 1736 n.
963 1678 1021 1737 h.
1062 1678 1177 1737 III
1215 1677 1345 1737 132
1394 1677 1559 1757 Alpis
1602 1711 1674 1719 ——
1725 1685 1926 1756 patere
1966 1713 2050 1722 -
2091 1679 2272 1740 tradit
2308 1714 2392 1723 -
2432 1683 2496 1741 in
2545 1682 2625 1742 la-

320 1771 639 1834 titudinem
704 1774 1017 1834 Cornelius
1080 1773 1279 1854 Nepos
1346 1783 1586 1836 centum
1651 1775 1840 1856 milia,
1901 1776 1966 1836 Τ.
2015 1777 2222 1839 Liuius
2289 1781 2399 1840 tria
2463 1780 2626 1840 milia

245 1886 291 1927 ιι
320 1869 669 1950 stadiorum,
716 1880 969 1952 uterque
1020 1872 1275 1933 diuersis
1325 1875 1385 1934 in
1434 1873 1596 1934 locis,

504 1964 670 2034 12³⁸.
718 1971 873 2032 Plin.
914 1991 972 2033 n.
1009 1974 1067 2033 Ῐι.
1107 1972 1212 2031 IV
1250 1973 1334 2032 77
1398 1972 1561 2034 Inter
1627 1971 1775 2033 duos
1835 1972 2127 2052 Bosporos
2183 1972 2504 2036 Thracium
2565 1985 2628 2038 et

318 2067 711 2129 Cimmerium
758 2068 984 2129 directo
1040 2088 1248 2148 cursu,
1303 2077 1371 2130 ut
1415 2079 1626 2131 auctor
1671 2078 1764 2130 est
1808 2070 2115 2150 Polybius,
2162 2087 2210 2132 D
2257 2073 2420 2134 milia
2467 2093 2621 2154 pass.

318 2167 634 2226 intersunt.
682 2168 938 2228 circuitu
984 2185 1131 2228 uero
1178 2169 1360 2229 totius
1404 2169 1574 2248 ponti
1616 2170 1848 2230 uiciens
1895 2169 2107 2249 semel,
2163 2178 2230 2231 ut
2281 2178 2487 2233 auctor
2532 2179 2626 2233 est

318 2263 502 2325 Varro
550 2271 612 2325 et
658 2265 783 2326 l'ere
828 2273 1096 2346 ueteres3
1144 2264 1341 2345 Nepos
1389 2266 1701 2329 Cornelius
1750 2279 1924 2328 cccl,
1971 2267 2133 2329 milia
2179 2268 2378 2330 adicit.

240 2377 291 2417 ιο
502 2356 668 2427 13*.
730 2365 883 2425 Ptin.
921 2383 978 2424 n.
1016 2366 1074 2425 Ῐι.
1128 2365 1181 2424 V
1213 2366 1256 2424 4
1330 2364 1525 2426 Minus
1589 2365 1856 2444 profecto
1921 2367 2215 2428 mirentur
2277 2375 2622 2446 portentosa

319 2458 603 2522 Graeciae
660 2461 969 2523 mendacia
1026 2461 1098 2522 de
1151 2462 1247 2524 his
1307 2461 1615 2541 [oleastris
1670 2463 1940 2540 auriferi
1983 2464 2275 2542 nemoris]
2335 2473 2394 2526 et
2449 2485 2620 2528 amne

316 2557 463 2619 Lixo
508 2558 758 2638 prodita,
807 2562 911 2640 qui
958 2563 1223 2639 cogitent
1267 2569 1503 2622 nostros
1543 2580 1852 2642 nuperque
1890 2562 2066 2641 paulo
2103 2564 2304 2624 minus
2341 2568 2619 2626 monstri-

316 2657 425 2716 fica
464 2657 754 2737 quaedam
786 2658 857 2719 de
896 2657 1111 2719 iisdem
1141 2658 1475 2739 tradidisse,
1502 2659 1907 2739 praeualidam
1936 2660 2090 2721 hanc
2118 2660 2328 2722 urbem
2361 2660 2616 2742 [Limon]

316 2757 723 2836 maioremque
777 2775 992 2835 magna
1037 2755 1419 2836 Carthagine,
1474 2766 1786 2836 praeterea
1842 2777 1914 2819 ex
1971 2757 2221 2820 aduerso
2269 2761 2398 2822 eius
2445 2763 2619 2822 sitam

240 2867 289 2907 ιδ
317 2859 378 2913 et
430 2871 617 2933 prope
672 2856 946 2916 inmenso
1004 2862 1196 2916 tractu
1243 2853 1315 2916 ab
1364 2854 1539 2935 Tingi
1583 2875 1855 2937 quaeque
1903 2855 2016 2916 alia
2064 2856 2375 2918 Cornelius
2422 2855 2619 2936 Nepos

318 2950 666 3014 auidissime
711 2951 986 3014 credidit.

500 3043 667 3114 14*.
725 3052 881 3113 Plin.
919 3071 978 3112 n.
1013 3053 1071 3113 h.
1126 3053 1215 3112 VI
1251 3054 1293 3112 5
1360 3051 1519 3112 Vltra
1583 3071 1762 3131 quem
1819 3051 2112 3130 [fluuium
2175 3053 2404 3130 Billim]
2471 3071 2618 3132 gens

315 3146 729 3228 Paphlagonia,
776 3168 954 3229 quam
999 3148 1435 3229 Pylaemeniam
1482 3149 1666 3229 aliqui
1713 3149 2007 3229 dixerunt,
2050 3151 2342 3212 inclusam
2379 3170 2413 3212 a
2449 3158 2618 3232 tergo

317 3245 570 3328 Galatia3
616 3247 901 3327 oppidum
930 3247 1150 3327 Mastya
1179 3247 1562 3326 Milesiorum,
1602 3247 1740 3308 dein
1778 3247 2048 3327 Cromna,
2085 3267 2202 3328 quo
2241 3249 2368 3310 loco
2398 3247 2618 3312 Enetos

316 3435 415 3488 sed
452 3438 575 3490 tum
613 3435 836 3492 Galliae
880 3437 1221 3508 proconsuli,
1266 3437 1435 3492 Indos
1472 3453 1507 3491 a.
1542 3454 1677 3508 tege
1725 3437 2034 3492 Sueuorum
2078 3437 2227 3492 dono
2279 3438 2471 3507 daton,
2517 3438 2616 3508 qui

315 3507 919 3650 ἓξωΙιιιᾶέζωοὲἒιιιιοιοί
966 3526 1139 3564 causa
1182 3508 1521 3580 nauigantes
1563 3508 1998 3578 tempestatibus
2045 3511 2233 3564 essent
2279 3509 2338 3563 in
2387 3509 2614 3564 Germa.-

529 3650 591 3706 9.
629 3653 726 3706 Ad
764 3651 1157 3707 (livonicorum
1189 3653 1261 3718 fr.
1292 3651 1547 3719 Schaefer
1583 3651 1874 3716 Quellenk.
1903 3653 1980 3705 ΙΙ
2004 3669 2060 3720 p.
2097 3657 2172 3706 66
2207 3654 2430 3708 rettulit.

495 3721 593 3778 10.
634 3723 719 3789 Of.
750 3725 943 3792 Pomp.
977 3724 1109 3778 Mel.
1138 3724 1226 3790 H,
1254 3729 1306 3790 4,
1336 3727 1409 3778 63
1444 3722 1632 3778 Vnum
1661 3723 1730 3777 de
1760 3722 1842 3777 eis
1869 3723 2072 3794 [ostiis]
2099 3740 2370 3792 magnum
2396 3723 2613 3778 Padum

316 3793 625 3862 appellant.
690 3793 825 3850 inde
870 3797 991 3849 tam
1038 3794 1183 3849 citus
1229 3792 1477 3863 prosilit,
1525 3796 1590 3848 ut
1633 3793 1899 3848 discussis
1933 3741 2232 3849 fluctibusg
2237 3795 2335 3849 diu
2386 3795 2612 3862 qualem

314 3863 502 3948 emisit
538 3863 753 3920 undam
788 3868 935 3947 agat
963 3883 1239 3936 suumque
1275 3865 1451 3920 etiam
1488 3867 1547 3919 in
1582 3865 2016 3990 manflaluenffis
2017 3869 2230 3991 31·er
2231 3865 2470 3992 ῑιξίθοιέξὲ1
2483 3883 2612 3994 ³:3²

312 3937 654 4090 ῗωαξὲθέἒῗ·
677 3936 1379 4080 Ιέζοῖἰοῗὶειξὲἓιθςὲῑῖῗιὲῗε,
1370 3939 2082 4076 Ἔξῗυιιῖιιῖξιιέιῗὲεαηιιιθε
2119 4011 2271 4077 eunt,
2308 4009 2457 4064 inter
2471 3957 2612 4064 pina,-

312 4077 464 4133 rinas
501 4095 681 4148 aquas
717 4080 969 4136 dulcium
1007 4081 1243 4136 haustus
1280 4083 1381 4135 est.

491 4150 590 4207 11.
627 4153 919 4208 Antecedit
947 4153 1119 4209 Coelii
1143 4155 1277 4208 Ant.
1306 4153 1379 4220 fr.
1410 4155 1495 4206 13.
1544 4152 1709 4206 Liuii
1743 4159 1822 4206 est
1854 4153 1927 4218 fr.
1960 4155 2033 4207 59
2069 4151 2278 4220 Weiss„
2312 4155 2383 4206 57
2421 4151 2608 4208 Hertz.

621 4257 792 4264 ——0—-0

492 4313 608 4410 12,
660 4325 773 4382 17.·
808 4341 1019 4399 passus
1066 4324 1219 4382 deest
1264 4339 1352 4396 op.
1392 4321 1544 4381 Dete.
