3234 5034
612 399 857 454 IVLIVS
892 399 1295 454 MARATHVS
1335 432 1401 440 —
1443 399 1782 466 AQV1L1VS
1821 399 2052 454 NIGER
2207 403 2604 450 Lxxxxvnn

289 566 628 648 catalepton
688 565 768 628 14
814 570 1081 648 scripsit,
1138 577 1200 629 et
1244 567 1447 629 Musae
1496 569 1745 648 scripta,
1793 569 1892 629 cui
1937 585 2112 629 nemo
2161 567 2426 630 doctrina
2475 587 2601 630 ces-

289 667 472 726 sisset
508 674 689 746 atque
729 684 804 727 ne
844 665 970 726 Clio
1008 665 1251 744 quidem
1288 668 1585 728 sermonis
1633 665 2020 745 iucunditate,
2059 665 2311 727 multum
2350 668 2604 728 miratur

284 765 356 842 is,
414 765 521 843 qui
578 763 737 844 quod
794 762 1093 824 antecedit
1150 763 1481 843 catalepton
1530 765 1676 838 (13)
1725 764 1798 824 ad
1851 781 1989 825 eum
2045 766 2210 824 misit
2255 762 2600 826 Callimachi

286 864 656 941 epigramma
706 864 902 935 (anth.
952 863 1083 923 Pal.
1138 862 1259 922 VII
1302 863 1457 936 725)
1506 862 1774 923 imitatus
1822 862 1978 937 (uid.
2005 863 2236 939 ·Haupt
2289 879 2491 938 opusc.
2532 863 2612 922 II

276 979 342 1036 p.
383 961 673 1036 146sq.).
741 961 887 1022 haec
932 959 1118 1021 uerba
1174 969 1315 1021 sunt
1364 961 1465 1036 14,
1499 960 1534 1019 l
1600 960 1750 1032 Quis
1796 963 1970 1034 deu-5,
2029 961 2272 1034 Octaui,
2321 969 2380 1022 te
2425 963 2603 1022 nobis

286 1061 585 1119 abstulit?
632 1078 714 1119 cm
754 1077 914 1134 quae
949 1062 1181 1133 dicunt,
1212 1077 1269 1133 a,
1298 1063 1486 1120 nimio
1512 1062 1745 1136 pocula
1784 1061 1972 1120 ducta
2009 1061 2221 1120 mero?
2251 1092 2332 1100 ——
2361 1063 2599 1136 scripta

283 1158 531 1232 quidem
590 1167 697 1218 tua
753 1175 862 1218 nos
916 1160 1165 1218 multum
1222 1159 1586 1218 mirabimur
1642 1165 1700 1217 et
1755 1165 1814 1216 te
1860 1164 2103 1233 raptum
2151 1165 2208 1217 et
2258 1157 2599 1218 Romanam

272 1256 565 1330 flebimus
618 1257 956 1316 historiam.
1044 1254 1127 1315 13
1177 1253 1277 1332 [ad
1324 1252 1597 1330 Musam],
1655 1254 1699 1314 3
1746 1255 2129 1332 Dispeream,
2184 1259 2240 1315 si
2295 1263 2354 1316 te
2401 1253 2598 1331 suerit

281 1354 433 1412 mihi
500 1357 721 1413 carior
778 1355 954 1413 alter.
1022 1355 1181 1413 alter
1240 1357 1401 1413 enim
1458 1356 1596 1428 quis
1652 1361 1712 1412 te
1767 1357 1982 1413 carior
2042 1371 2170 1412 esse
2210 1361 2439 1428 potest,
2495 1358 2600 1414 cui

282 1454 501 1512 iuueni
552 1459 698 1512 ante
752 1453 907 1512 alios
954 1453 1089 1511 diui
1135 1453 1459 1526 diuomque
1504 1468 1747 1512 sorores
1795 1460 2038 1524 cuncta,
2085 1469 2280 1525 neque
2325 1453 2597 1526 indiam,

284 1548 485 1623 Musa,
536 1550 763 1609 dedere
800 1551 977 1624 bona,
1028 1558 1252 1610 cuncta
1290 1550 1507 1624 quibus
1541 1551 1775 1623 qaudet
1815 1548 2046 1608 Phoebi
2082 1549 2308 1609 chorus
2353 1551 2599 1624 ipseque

282 1647 614 1707 Phoebus?
678 1649 919 1708 doctior
974 1664 1009 1706 o
1064 1650 1198 1722 quis
1254 1653 1337 1722 te,
1387 1647 1595 1722 Musa,
1637 1646 1832 1722 fuisse
1863 1649 2109 1724 potest?
2162 1663 2198 1706 o
2245 1650 2380 1721 quis
2427 1654 2487 1706 te
2532 1650 2594 1707 in

280 1749 469 1805 terris
516 1747 793 1821 loquitur
836 1746 1171 1805 iucundior
1218 1747 1381 1804 uno?
1454 1744 1579 1804 Clio
1629 1751 1752 1804 tam
1808 1753 1976 1804 certe
2022 1746 2294 1804 candida
2341 1761 2462 1805 non
2509 1748 2593 1805 lo-

280 1846 511 1916 quitur.
528 1836 578 1926 ¹)
656 1860 851 1921 neque
910 1841 1235 1920 quidquam
1290 1839 1512 1920 obstat,
1569 1843 1890 1920 quominus
1937 1843 2116 1902 etiam
2162 1840 2301 1901 huic
2347 1839 2594 1902 Octauio

278 1941 498 1999 satiras
556 1957 696 2000 suas
761 1938 1075 2018 probatum
1141 1940 1218 2000 iri
1282 1947 1485 2018 speret
1548 1938 1828 2000 Horatius
1890 1941 2028 2012 (sat.
2079 1940 2122 1999 I
2162 1940 2264 2014 10,
2302 1939 2405 1999 82.
2467 1943 2592 2000 uid.

278 2039 603 2098 Kirchner
649 2055 857 2098 comm.
897 2040 985 2098 ad
1025 2039 1083 2098 h.
1120 2041 1157 2098 l.
1200 2038 1276 2097 II
1317 2038 1354 2097 1
1390 2055 1457 2113 p.
1498 2037 1678 2111 372).
1764 2035 1870 2098 sed
1918 2039 2098 2098 etiam
2145 2035 2332 2116 plura,
2390 2055 2592 2116 quam-

277 2152 461 2213 quam
530 2135 861 2213 fragmenta
926 2135 1235 2212 historiae,
1291 2135 1345 2195 si
1402 2133 1613 2214 edidit,
1672 2133 1911 2213 desunt,
1970 2135 2041 2195 de
2100 2153 2170 2195 eo
2228 2153 2298 2195 ex
2351 2133 2591 2196 scholiis

278 2231 639 2311 Vergilianis
676 2235 1097 2312 comperimus
1135 2232 1313 2312 quod,
1351 2240 1419 2294 ut
1453 2240 1645 2294 exstat
1683 2231 1838 2312 apud
1885 2232 2120 2294 lunium
2158 2231 2591 2311 philargyrium

280 2328 402 2394 (ad
432 2329 607 2407 Vera.
630 2334 739 2392 ecl.
759 2330 819 2406 8,
842 2333 885 2389 6
898 2349 966 2407 p.
990 2331 1122 2391 143
1138 2349 1223 2407 sq.
1246 2332 1451 2410 11an,
1476 2349 1611 2391 cum
1643 2339 1802 2392 esset
1829 2325 2005 2391 ‘ciuis
2025 2329 2378 2391 Mantuanus
2405 2328 2590 2391 idem—

275 2446 397 2506 que
454 2429 863 2507 magistratuS,
912 2447 1047 2489 cum
1094 2426 1385 2489 tributum
1433 2427 1506 2489 ab
1552 2429 1817 2507 Augusto
1873 2427 2088 2489 fuisset
2133 2427 2444 2507 indictum,
2489 2446 2590 2507 pe·

277 2543 423 2586 cora
468 2525 605 2586 Vari
654 2535 824 2607 capta
870 2527 1107 2605 pignori
1156 2535 1271 2586 tam
1322 2526 1424 2587 diu
1463 2529 1526 2587 in
1566 2526 1691 2587 foro
1732 2525 1931 2587 clausa
1968 2527 2160 2586 tenuit
2199 2518 2366 2609 (nam
2405 2525 2590 2587 Varus

276 2624 344 2701 [i.
375 2643 429 2684 e.
458 2623 741 2702 Alfenus]
780 2641 1093 2705 possessor
1131 2623 1285 2704 apud
1323 2623 1672 2685 Mantuanos
1711 2617 1886 2708 erat),
1935 2624 2122 2684 donec
2159 2621 2357 2686 inedia
2397 2643 2589 2684 more-

276 2729 516 2802 rentur,
570 2721 732 2783 unde
790 2720 1121 2782 molestiam
1168 2721 1503 2783 Mantuanis
1549 2739 1734 2801 super
1778 2721 2120 2782 amittendis
2176 2725 2333 2800 agris
2389 2721 2590 2784 intulit

274 2819 494 2900 Varus3
534 2818 778 2898 Virgilio
818 2828 1015 2880 tamen
1052 2822 1340 2900 pepercit,
1377 2821 1658 2900 quoniam
1699 2818 2142 2899 condiscipulus
2183 2822 2314 2880 eius
2353 2819 2584 2882 suerat?

270 2935 387 2996 pro
446 2936 563 2998 quo
611 2916 762 2978 Varo
818 2916 1232 2998 Cremonensi,
1288 2918 1393 2998 qui
1447 2935 1566 2978 una
1623 2935 1760 2978 cum
1809 2915 2066 2995 Vergilio
2125 2917 2398 2978 Sironem
2445 2917 2583 2998 Epi·

272 3033 527 3076 aureum
566 3014 797 3075 audiuit
823 3013 1105 3094 (Prosop.
1137 3016 1180 3076 Ῑ
1194 3035 1262 3092 p.
1292 3017 1379 3075 49
1417 3035 1477 3076 n.
1506 3012 1688 3091 379),
1727 3015 1874 3076 falso
1915 3015 2161 3076 Seruius
2200 3019 2288 3076 ad
2319 3019 2426 3076 ecl.
2456 3017 2515 3090 9,
2549 3017 2588 3075 7

270 3115 481 3193 posuit
524 3111 843 3174 Octauium
890 3111 1116 3175 Musam
1165 3115 1359 3174 omnia
1408 3115 1670 3174 miscens
1717 3109 1873 3193 (uid.
1905 3115 2179 3174 Ribbeck
2217 3117 2367 3192 App.
2413 3115 2585 3188 Very.

259 3230 332 3288 p.
372 3211 417 3271 9
445 3211 582 3290 sq.)

651 3440 971 3515 IVLIVS
1027 3441 1583 3514 MARATHVS.
1695 3441 1768 3515 O.
1825 3441 2212 3515 DRVSVS.

464 3600 785 3674 IVLIVS
842 3601 1481 3676 SATVRNINVS.
1594 3600 2041 3687 AQVILIVS
2097 3601 2405 3674 NIGER

454 3779 531 3841 Et
566 3782 808 3840 nomina
846 3789 909 3842 et
944 3781 1272 3860 fragmenta
1310 3781 1523 3841 horum
1572 3781 1931 3860 scriptorum
1979 3779 2091 3841 soli
2135 3783 2296 3841 uitae
2332 3782 2580 3861 Augusti

268 3879 671 3940 Suetonianae
740 3877 1049 3939 debentur.
1134 3879 1446 3940 Primum
1512 3877 1678 3939 addit
1740 3880 1921 3939 etiam
1984 3877 2268 3939 libertum
2331 3880 2580 3959 Augusti

269 3977 461 4037 fuisse
518 3985 694 4054 atque
753 3977 930 4036 etiam
988 3977 1101 4037 alia
1154 3979 1383 4038 ratione
1432 3995 1567 4038 cum
1616 3996 1686 4037 eo
1735 3977 2136 4053 coniunctum,
2184 3995 2334 4056 quae
2383 3985 2578 4038 tamen

460 4159 511 4224 1)
558 4154 872 4210 Secundum
917 4155 1026 4210 hoc
1076 4155 1425 4226 epigramma
1470 4157 1521 4211 is
1566 4156 1668 4225 qui
1709 4155 1956 4212 Culicem
2002 4155 2334 4226 appendicis
2380 4157 2578 4226 Vergi-

262 4235 467 4290 tianae
512 4233 737 4304 scripsit
785 4231 1132 4290 ‘Octauium’
1180 4235 1412 4290 uidetur
1466 4235 1718 4305 finxisse,
1773 4251 1943 4305 quem
1995 4235 2164 4291 initio
2218 4237 2474 4292 nominat
2519 4243 2579 4294 et.

260 4318 477 4386 postea
512 4311 817 4383 alloquitur
857 4316 1287 4372 ‘uenerandum'
1319 4319 1447 4388 (26),
1490 4317 1749 4386 ‘puerum
1786 4307 2192 4372 uenerabilem’
2225 4319 2354 4387 (37),
2395 4318 2575 4372 ‘sanc—

258 4401 392 4453 tum
434 4395 686 4464 puerum’
718 4401 843 4462 (26).

2009 4485 2146 4539 Vn*
