3234 5034
1083 331 1138 386 C.
1171 331 1408 385 IVLIVS
1447 331 1777 387 HYGINVS
2514 338 2580 386 CI

273 501 514 559 insitum
583 499 643 558 ei
705 499 820 560 suit
875 495 1121 578 ‘passim
1177 498 1419 560 ordines
1473 500 1865 580 hominesque
1922 501 2173 581 laniare,
2234 510 2300 563 ut
2364 501 2583 564 Rabies

272 591 602 680 (Rabienus
625 599 875 658 Schanz
906 597 985 657 ῙῙ
1017 589 1167 674 1⁹12.
1189 591 1350 682 299)
1381 594 1723 659 uocaretur’
1757 599 2023 672 (Seneca
2053 609 2246 662 contr.
2269 602 2357 661 10
2370 601 2582 679 praes.

270 698 312 755 4
328 714 470 772 sqq„
499 693 607 756 ubi
649 693 834 755 multa
872 693 945 754 de
984 713 1073 774 eo,
1113 695 1216 755 IV
1231 695 1440 773 praes.
1470 696 1561 774 2),
1591 695 1919 758 maioribus
1957 704 2156 759 tamen
2197 697 2580 778 gloriabatur,

271 811 402 854 nam
439 811 578 854 eum
609 812 722 873 per
748 794 1026 854 inimicos
1055 793 1335 854 effectum
1365 801 1544 873 esset,
1572 804 1641 855 ut
1668 812 1877 856 omnes
1907 797 2039 856 eius
2067 794 2208 856 libri
2237 815 2310 857 ex
2338 804 2581 858 senatus

271 890 539 953 consulto
571 891 1074 952 comburerentur
1093 884 1277 974 (anno
1314 887 1574 970 12s765‚
1605 899 1673 953 ut
1698 891 1959 972 uidetur,
1990 895 2108 955 Dio
2137 895 2299 956 Cass.
2321 895 2424 971 56,
2445 889 2583 980 27),

270 985 603 1069 ‘superstes
651 1007 786 1050 esse
831 991 1073 1068 ingenio
1121 1007 1228 1050 suo
1275 987 1489 1051 noluit'
1539 998 1717 1069 atque
1767 1007 1975 1052 eorum
2023 995 2425 1055 monumentis
2492 996 2583 1053 in·

269 1089 468 1150 clusus
523 1090 658 1167 ipse
714 1089 902 1148 uitam
960 1087 1160 1148 finiuit
1205 1087 1473 1162 (Seneca
1520 1090 1556 1148 l.
1593 1091 1692 1162 s.).
1776 1087 1874 1150 Sic
1921 1092 2101 1150 etiam
2156 1091 2405 1152 historia
2452 1094 2583 1153 eius

270 1189 524 1265 interiit,
584 1204 704 1265 qua
761 1203 868 1246 sua
924 1201 1162 1264 quoque
1218 1193 1486 1265 tempora
1535 1183 1869 1265 descripsit,
1916 1186 2097 1267 idque
2147 1188 2357 1250 eadem
2403 1187 2582 1250 liber·

269 1292 401 1362 tate,
425 1303 634 1364 ·quam
683 1286 746 1344 in
793 1281 1013 1343 libellis
1059 1281 1377 1343 ostendere
1425 1281 1671 1362 solebat,
1718 1303 1834 1363 qua
1877 1285 1949 1345 de
1988 1303 2183 1366 causa,
2230 1305 2366 1348 cum
2414 1305 2584 1366 prae·

269 1389 431 1444 sente
488 1381 726 1443 Seneca
785 1387 954 1461 patre
1021 1399 1150 1442 eam
1211 1383 1520 1461 recitaret,
1579 1377 1878 1462 ‘magnam
1932 1382 2188 1463 partem’
2248 1387 2379 1446 eius
2442 1383 2585 1446 libri

269 1481 574 1541 conuoluit
623 1486 685 1540 et
733 1478 908 1540 dixit:
955 1474 1138 1539 ‘Haec
1183 1487 1320 1558 post
1365 1486 1619 1541 mortem
1660 1499 1853 1541 meam
1892 1479 2191 1559 legentur’
2224 1483 2393 1557 (Sen.
2422 1487 2459 1545 l.
2484 1487 2585 1562 3.),

269 1596 458 1657 neque
507 1578 766 1656 contigit
811 1575 1110 1656 Caligulae
1158 1576 1293 1636 odio
1339 1577 1590 1656 Augusti
1638 1578 1898 1658 ardenti,
1942 1587 2009 1640 ut
2057 1581 2187 1641 eius
2235 1583 2584 1642 memoriam

267 1679 619 1738 restitueret
656 1677 854 1751 (Suet.
884 1675 1019 1753 16),
1067 1693 1426 1754 quamquam
1463 1675 1707 1737 Cassius
1754 1676 2034 1755 SeueruS,
2083 1697 2218 1738 cum
2266 1680 2397 1740 eius
2445 1677 2585 1740 libri

272 1773 790 1853 comburerentur,
817 1775 1028 1834 uiuum
1058 1791 1124 1834 se
1151 1775 1249 1834 uri
1277 1781 1554 1854 oportere
1595 1774 1844 1855 dixerat,
1875 1794 2009 1837 cum
2049 1775 2183 1836 illos
2220 1775 2583 1839 edidicisset.

271 1875 557 1934 nimirum
608 1872 875 1951 potentia
919 1871 1170 1950 Augusti
1215 1873 1408 1932 maior
1453 1879 1598 1952 erat,
1656 1891 1835 1952 quam
1883 1879 1949 1934 ut
1993 1873 2130 1934 talis
2176 1875 2464 1936 memoria
2512 1874 2584 1936 ad

267 1977 538 2051 posteros
585 1972 954 2050 perueniret,
1000 1971 1356 2048 praesertim
1403 1987 1541 2031 cum
1577 1972 1757 2031 etiam
1804 1971 1907 2031 alii
1941 1970 2249 2048 haberent,
2288 1990 2397 2033 cur
2431 1972 2587 2034 hanc

269 2071 650 2149 potissimum
699 2065 1022 2128 abolerent.
1038 2060 1088 2149 ι)

921 2485 994 2558 C.
1050 2484 1368 2558 IVLIVS
1425 2479 1939 2569 HYGINVS2)

443 2666 520 2726 Vt
567 2663 834 2744 Hyginos
880 2662 1032 2742 illos,
1081 2665 1184 2741 qui
1231 2662 1417 2723 libros
1467 2663 1539 2723 de
1588 2662 1906 2742 astrologia
1944 2672 2005 2725 et
2042 2664 2416 2745 genealogias
2455 2667 2587 2727 siue

269 2763 492 2824 fabulas
547 2765 926 2841 scripserunt
969 2760 1070 2822 uel
1116 2763 1433 2840 scripsisse
1483 2759 1783 2839 dicuntur,
1830 2763 2193 2842 omittamuS,
2232 2762 2305 2824 de
2344 2762 2585 2825 C.1ulio

269 2860 494 2941 Hygino
556 2859 774 2921 liberto
821 2859 1098 2938 Augusti,
1155 2877 1416 2939 quocum
1465 2858 1554 2919 illi
1600 2857 1687 2919 nil
1732 2860 1849 2919 nisi
1896 2858 2114 2940 Hygini
2158 2877 2378 2921 nomen
2426 2879 2585 2923 com·

267 2977 443 3020 mune
493 2956 739 3036 habent,
786 2959 1193 3018 certissimum
1249 2955 1430 3036 idque
1477 2948 1960 3036 copiosissimum
2014 2959 2425 3019 testimonium
2470 2959 2584 3020 hoc

269 3066 356 3118 est
392 3057 701 3118 Suetonii:
747 3058 824 3116 de
856 3073 1112 3130 yramm.
1143 3063 1204 3116 et
1239 3056 1393 3116 rhet.
1422 3055 1512 3114 20
1533 3073 1601 3131 p.
1634 3053 1766 3115 115
1795 3055 1921 3130 Rff.
1976 3057 2034 3116 Ο.
2066 3056 2265 3117 Iulius
2300 3057 2588 3133 quinus

273 3157 542 3232 Auyusti
595 3157 853 3215 libertus
906 3156 1159 3214 natione
1215 3153 1524 3229 Hispanus
1572 3154 1882 3225 (nonnulli
1926 3155 2422 3215 Alexandrinum
2468 3173 2582 3231 pu-

271 3263 399 3315 tant
446 3260 512 3314 et
559 3269 601 3313 a
646 3252 911 3313 Caesare
943 3269 1214 3327 puerum
1252 3251 1507 3312 Romam
1555 3253 1889 3311 adductum
1930 3253 2319 3313 Alexandria
2370 3255 2586 3330 capta)

269 3354 543 3413 studiose
590 3357 650 3412 et
697 3351 899 3410 audiit
945 3357 1006 3410 et
1051 3352 1324 3409 imitatus
1371 3357 1458 3409 est
1512 3349 1857 3410 Cornelium
1906 3350 2332 3410 Alexandrum
2375 3369 2584 3426 yram·

273 3454 564 3510 malicum
610 3449 929 3522 Graecum,
977 3465 1149 3522 quem
1185 3455 1449 3523 propter
1493 3449 1884 3522 antiquitatis
1928 3451 2209 3509 notitiam
2246 3449 2583 3525 polyhisto-

273 3565 396 3608 rem
423 3549 620 3621 multi,
659 3547 910 3620 quidam
940 3545 1275 3606 Historiam
1313 3546 1639 3606 uocabant.
1682 3544 1971 3621 praefuit
2006 3546 2334 3606 Palatinae
2370 3547 2582 3609 biblio·

275 3646 514 3722 thecae,
569 3661 690 3704 nec
742 3659 813 3703 eo
866 3646 1070 3704 secius
1111 3645 1418 3719 plurimos
1472 3644 1683 3704 docuit
1693 3663 1717 3714 ;
1763 3641 2007 3719 fuitque
2054 3642 2587 3720 familiarissimus

285 3743 504 3804 Ouidio
553 3748 783 3818 poetae
846 3749 904 3802 et
976 3742 1184 3801 Clodio
1248 3741 1468 3802 Licino
1529 3743 1845 3801 consulari
1901 3743 2221 3816 historico,
2278 3745 2387 3817 qui
2449 3760 2586 3803 eum

453 3935 506 3999 1)
546 3929 712 3995 Quod
757 3928 949 3982 Iunius
988 3927 1176 3982 Gallio
1221 3928 1415 3982 rhetor
1461 3926 1793 3982 adulescens
1841 3945 2029 3982 coram
2068 3928 2281 3983 Seneca.
2316 3929 2584 3985 recitauit

280 4011 658 4081 ‘Rescriptum
688 4008 942 4064 Labieno
975 4023 1080 4078 pro
1117 4007 1385 4078 Bathyllo
1421 4007 1812 4077 Maecenatis’,
1849 4007 2109 4062 libellum
2146 4008 2397 4077 aliquem
2430 4009 2585 4065 refu-

279 4091 422 4146 tauit
459 4091 812 4183 (Sen3contr.
845 4089 908 4142 X
933 4091 1116 4159 praef.
1147 4093 1230 4158 8),
1277 4088 1548 4157 quoniam
1593 4087 1835 4142 historia.
1880 4103 1915 4140 a
1963 4089 2096 4142 uiuo
2139 4092 2290 4144 certe
2328 4088 2583 4144 Labieno

276 4188 383 4226 non
421 4175 510 4320 eg}
543 4170 912 4306 ἓὼέὃθΒιιιιω
939 4249 1165 4321 Hygini
1196 4251 1422 4318 fabulae
1455 4265 1511 4319 p.
1543 4255 1575 4303 2
1595 4266 1716 4318 sqq.
1776 4248 1855 4305 Cf.
1886 4247 1951 4303 G.
1983 4249 2069 4304 Fr.
2102 4249 2293 4320 Unger
2319 4251 2439 4306 Der
2463 4269 2509 4308 s.
2528 4269 2580 4323 9.

283 4333 562 4388 Cornelius
593 4331 780 4399 Nepos
807 4332 867 4384 in
890 4330 1168 4385 Ablaandl.
1189 4331 1287 4384 der
1314 4331 1519 4401 Bwyer.
1537 4327 1839 4386 Alcademie
1856 4327 1984 4382 XVI
2005 4333 2190 4399 (1881)
2213 4329 2239 4382 Ι
2264 4347 2317 4400 p.
2344 4335 2446 4386 196
2462 4348 2583 4401 sqq.
