3234 5034
603 330 696 394 44
1443 330 1829 385 MATIVS
1866 330 2103 385 RVFVS

601 495 758 579 περὶ
801 489 882 578 ἧς
925 496 964 562 ὁ
1005 501 1316 573 πλεῖστος
1357 499 1578 579 λόγος,
1609 495 1809 579 (καὶ)
1842 495 2149 581 καθάπερ
2194 492 2273 560 ἐν
2316 496 2603 581 δράματι
2647 504 2741 585 τῷ
2780 498 2917 585 βίῳ

601 602 804 659 τοῦτο
847 596 924 659 τὸ
967 594 1170 680 μέρος
1211 595 1771 677 προβληματῶδες
1808 593 2043 679 γέγονε
2076 591 2189 659 καὶ
2224 595 2499 677 ἄπορον.
2562 593 2917 679 Ἑπράχθη

606 688 680 757 δὲ
733 700 980 758 τοῦτον
1031 693 1154 757 τὸν
1203 696 1484 778 τρόπον,
1535 693 1627 769 ὡς
1682 693 1939 777 ἱστορεῖ
1982 691 2281 777 Θρασέας
2334 693 2431 770 εἰς
2484 694 2919 777 Μουνάτιον,

605 790 824 875 ἄνδρα
857 791 1178 868 Κάτωνος
1211 789 1480 875 ἑταῖρον
1511 788 1625 856 καὶ
1662 794 2067 875 συμβιωτήν,
2106 790 2467 877 ἀναφέρων
2500 793 2625 876 τὴν
2658 794 2917 859 πίστιν.

595 885 714 953 Ἐν
780 894 1058 965 πολλοῖς
1125 887 1434 973 ἐρασταῖς
1492 890 1606 954 καὶ
1668 895 2091 973 θαυμασταῖς
2152 898 2277 955 τοῦ
2348 890 2669 967 Κάτωνος
2734 886 2917 975 ἦσαν
2946 912 2979 954 ε

603 984 850 1068 ἑτέρων
891 985 1106 1073 ἕτεροι
1149 992 1408 1069 μᾶλλον
1449 988 1721 1071 ἔκδηλοι
1764 988 1877 1053 καὶ
1921 989 2295 1072 διαφανεῖς,
2340 982 2437 1053 ὧν
2472 986 2583 1053 καὶ
2620 991 2917 1066 Κόιντος

594 1082 972 1169 Ὁρτήσιος,
1026 1084 1198 1171 ἀνὴρ
1256 1085 1623 1171 ἀξιώματός
1672 1110 1747 1152 τε
1796 1090 2105 1171 λαμπροῦ
2148 1084 2259 1153 καὶ
2303 1086 2425 1153 τὸν
2466 1089 2721 1171 τρόπον
2764 1086 2915 1153 έπι-

601 1186 800 1267 εικής.
889 1182 1248 1269 ἐπιθυμῶν
1307 1179 1440 1249 οὖν
1498 1192 1592 1273 τῷ
1650 1184 1917 1250 Κάτωνι
1978 1186 2069 1269 μὴ
2134 1186 2441 1269 συνήθης
2500 1180 2676 1250 εἶναι
2734 1182 2917 1269 μηδὲ

603 1279 864 1366 ἑταῖρος
897 1284 1130 1367 μόναν,
1175 1280 1318 1348 ἀλλ’
1363 1282 1544 1368 ἁμῶς
1587 1282 1671 1365 γέ
1698 1304 1841 1360 πως
1874 1284 1971 1360 εἰς
2004 1284 2376 1367 οἰκειότητα
2408 1282 2755 1368 καταμῖξαι
2790 1284 2917 1349 καὶ

600 1384 968 1445 κοινωνίαν
1018 1382 1236 1446 πάντα
1286 1382 1412 1446 τὸν
1455 1374 1647 1447 οἷκον
1688 1380 1801 1445 καὶ
1844 1380 1921 1447 τὸ
1967 1380 2163 1465 γένος
2207 1379 2585 1467 ἐπεχείρησε
2630 1382 2915 1466 συμπεί·
2946 1405 3011 1445 ιο

601 1484 788 1561 θειν,
842 1479 1020 1556 ὅπως
1071 1480 1198 1563 τὴν
1247 1478 1592 1565 θυγατέρα
1650 1483 1959 1565 Πορκίαν
2003 1480 2247 1567 Βύβλῳ
2293 1489 2745 1547 συνοικοῦσαν
2786 1479 2913 1545 καὶ

599 1576 1056 1660 πεποιημένην
1113 1575 1346 1665 ἐκείνῳ
1405 1577 1532 1643 δύο
1589 1580 1835 1655 παῖδας
1890 1578 2071 1667 αὐτῷ
2119 1578 2324 1644 πάλιν
2382 1579 2603 1663 ὥσπερ
2662 1579 2911 1662 εὐγενῆ

601 1675 828 1758 χώραν
891 1672 1432 1741 ἐντεκνώσασθαι
1493 1676 1817 1765 παράσχῃ.
1917 1676 2077 1763 δόξῃ
2138 1672 2263 1761 μὲν
2324 1677 2451 1761 γὰρ
2515 1676 2917 1759 ἀνθρώπων

601 1774 854 1838 ἄτοπον
897 1768 1072 1839 εἶναι
1115 1775 1192 1839 τὸ
1237 1783 1578 1855 τοιοῦτον,
1632 1775 1835 1858 φύσει
1882 1771 1957 1840 δὲ
2000 1776 2211 1840 καλὸν
2252 1773 2364 1840 καὶ
2407 1778 2779 1858 πολιτικόν,
2822 1774 2914 1840 έν

601 1871 744 1957 ὥρᾳ
785 1870 900 1937 καὶ
944 1870 1118 1957 ἀκμῇ
1163 1882 1450 1956 γυναῖκα
1492 1875 1655 1957 μήτε
1700 1870 1935 1958 ἀγρεῖν
1976 1873 2053 1938 τὸ
2098 1876 2383 1957 γόνιμον
2435 1872 2915 1955 ἀποσβέσασαν
2946 1897 3009 1938 15

600 1972 762 2052 μήτε
820 1972 1098 2035 πλείονα
1151 1981 1288 2035 τῶν
1341 1972 1593 2035 ἱκανῶν
1646 1970 2115 2036 ἐπιτίκτουσαν
2176 1969 2479 2055 ἐνοχλεῖν
2538 1972 2649 2036 καὶ
2700 1993 2911 2037 κατα-

598 2068 964 2152 πτωχεύειν
991 2067 1198 2134 οὐδὲν
1223 2069 1564 2153 δεόμενον,
1590 2068 2073 2153 κοινουμένους
2099 2068 2176 2134 δὲ
2200 2070 2317 2146 τὰς
2344 2070 2660 2154 διαδοχὰς
2688 2066 2917 2147 ἀξίοις

601 2164 886 2250 ἀνδράσι
937 2168 1064 2249 τήν
1113 2189 1184 2233 τε
1239 2166 1480 2251 ἀρετὴν
1532 2169 1849 2251 ἄφθονον
1900 2177 2119 2233 ποιεῖν
2170 2165 2283 2233 καὶ
2336 2168 2713 2253 πολύχυτον
2758 2179 2915 2246 τοῖς

601 2262 824 2346 γένεσι
873 2264 988 2329 καὶ
1041 2266 1168 2348 τὴν
1211 2268 1412 2331 πόλιν
1455 2266 1669 2347 αὐτὴν
1710 2266 1879 2349 πρὸς
1922 2265 2133 2351 αὑτὴν
2177 2265 2707 2351 ἀνακεραννύναι
2752 2277 2913 2345 ταῖς

598 2362 1016 2447 οἰκειότησιν.
1089 2364 1154 2427 εί
1195 2363 1272 2428 δὲ
1313 2364 1578 2441 πάντως
1617 2362 1987 2449 περιέχοιτο
2034 2372 2149 2447 τῆς
2184 2365 2504 2447 γυναικὸς
2539 2364 2576 2431 ὁ
2612 2365 2911 2449 Βύβλος,
2944 2388 3011 2429 ιο

599 2458 976 2526 ἀποδώσειν
1029 2460 1239 2538 εὐθὺς
1293 2471 1620 2528 τεκοῦσαν
1672 2464 2069 2547 οἰκειότερος
2125 2461 2307 2550 αὐτῷ
2350 2484 2423 2527 τε
2475 2463 2717 2548 Βύβλῳ
2781 2461 2907 2527 καὶ

601 2558 872 2623 Κάτωνι
923 2563 1246 2645 κοινωνίᾳ
1299 2562 1564 2626 παίδων
1615 2562 1991 2645 γενόμενος.
2062 2558 2599 2645 ἀποκριναμένου
2652 2555 2725 2625 δὲ
2770 2569 2907 2627 τοῦ

599 2656 936 2739 Κάτωνος,
996 2656 1087 2734 ὡς
1131 2654 1478 2742 Ὁρτήσιον
1534 2654 1659 2741 μὲν
1716 2658 1941 2745 ἀγαπᾷ
2000 2656 2111 2723 καὶ
2174 2659 2509 2742 δοκιμάζει
2566 2659 2908 2725 κοινωνὸν

597 2755 1028 2838 οἰκειότητος,
1083 2757 1334 2822 ἄτοπον
1389 2753 1464 2822 δὲ
1518 2757 1771 2839 ἡγεῖται
1824 2762 2167 2822 ποιεῖσθαι
2220 2758 2425 2839 λόγον
2476 2754 2628 2840 περὶ
2676 2758 2905 2841 γάμου

595 2854 936 2943 θυγατρὸς
982 2851 1182 2941 ἑτέρῳ
1235 2853 1618 2943 δεδομένης,
1670 2852 2061 2939 μεταβαλὼν
2114 2854 2367 2933 ἐκεῖνος
2418 2853 2543 2920 οὐκ
2595 2856 2903 2938 ὤκνησεν
2936 2879 3000 2920 2⁶

595 2950 1192 3034 ἀποκαλυψάμενος
1243 2954 1456 3018 αἰτεῖν
1517 2954 1645 3037 τὴν
1700 2952 1909 3019 αὐτοῦ
1972 2964 2257 3036 γυναῖκα
2321 2954 2667 3035 Κάτωνος,
2728 2951 2903 3019 νέαν

597 3048 722 3132 μὲν
767 3044 982 3115 οὖσαν
1024 3046 1122 3115 ἔτι
1167 3051 1335 3135 πρὸς
1378 3052 1452 3116 τὸ
1499 3054 1767 3135 τίκτειν,
1806 3054 2073 3135 ἔχοντος
2107 3051 2185 3117 δὲ
2219 3060 2340 3117 τοῦ
2377 3051 2693 3127 Κάτωνος
2728 3049 2897 3117 ἀπο-

596 3156 864 3232 χρῶσαν
917 3148 1256 3232 διαδοχήν.
1345 3149 1458 3214 καὶ
1511 3149 1639 3215 οὐκ
1682 3146 1868 3215 ἔστιν
1911 3152 2144 3232 εἰπεῖν,
2188 3150 2277 3226 ὡς
2320 3158 2526 3215 ταῦτα
2570 3145 2899 3231 ἔπραττεν

597 3246 791 3322 εἰδὼς
835 3244 918 3311 οὐ
963 3245 1374 3339 προσέχοντα
1417 3258 1498 3333 τῇ
1543 3250 1821 3333 Μαρκίᾳ
1867 3248 1987 3313 τὸν
2030 3248 2341 3313 Κάτωνα·
2418 3248 2715 3313 κύουσαν
2760 3249 2897 3331 γὰρ

595 3342 806 3427 αὐτὴν
859 3344 1004 3409 τότε
1057 3344 1416 3430 τυγχάνειν
1467 3346 1797 3428 λέγουσιν.
1886 3344 1925 3411 ὁ
1970 3344 2032 3411 δ’
2086 3340 2213 3411 οὖν
2264 3344 2501 3410 Κάτων
2542 3344 2721 3431 ὁρῶν
2764 3346 2899 3429 τὴν
2928 3372 2991 3411 ³⁰

593 3450 716 3506 τοῦ
769 3439 1120 3527 Ὁρτησίου
1180 3444 1484 3527 σπουδὴν
1539 3442 1651 3509 καὶ
1708 3446 2103 3529 προθυμίαν
2164 3444 2288 3510 οὐκ
2348 3442 2677 3526 ἀντεῖπεν,
2734 3442 2879 3509 ἀλλ’

593 3535 722 3624 ἔφη
769 3540 915 3605 δεῖν
957 3538 1070 3605 καὶ
1111 3543 1422 3630 Φιλίππῳ
1459 3551 1668 3608 ταῦτα
1702 3542 2023 3621 συνδόξαι
2058 3550 2151 3631 τῷ
2176 3538 2375 3626 πατρὶ
2410 3549 2528 3625 τῆς
2562 3544 2895 3625 Μαρκίας.

594 3636 684 3713 ὡς
737 3632 862 3703 οὖν
917 3636 954 3703 ὁ
1013 3640 1345 3716 Φίλιππος
1403 3638 1783 3724 ἐντευχθεὶς
1838 3637 2013 3724 ἔγνω
2071 3642 2194 3725 τὴν
2253 3639 2705 3723 συγχώρησιν,
2764 3639 2897 3705 οὐκ

593 3736 808 3813 ἄλλως
843 3735 1201 3822 ἐνεγγύησε
1242 3739 1366 3822 τὴν
1409 3739 1731 3823 Μαρκίαν
1772 3738 1815 3822 ἢ
1860 3740 2191 3821 παρόντος
2233 3747 2355 3803 τοῦ
2402 3737 2717 3814 Κάτωνος
2770 3738 2895 3802 αὐ-

590 3842 714 3899 τοῦ
750 3835 860 3899 καὶ
897 3846 1418 3919 συνεγγυῶντος.
1475 3839 1695 3901 Ταῦτα
1730 3832 1855 3921 μὲν
1886 3832 2033 3919 οὖν,
2069 3837 2129 3902 εἰ
2164 3834 2275 3901 καὶ
2308 3838 2571 3921 χρόνοις
2601 3836 2893 3913 ὕστερον
2920 3858 2980 3899 ³⁵

592 3929 914 4018 ἐπράχθη,
956 3932 1325 4017 μνησθέντι
1379 3958 1494 4018 μοι
1537 3936 1614 4000 τὸ
1670 3944 1807 4000 τῶν
1850 3945 2187 4017 γυναικῶν
2232 3936 2595 4019 προλαβεῖν
2638 3930 2891 4012 ἔδοξεν.

773 4136 828 4193 1.
871 4131 972 4194 καὶ
1017 4136 1153 4196 add.
1193 4135 1424 4197 Comes.
