3234 5034
639 306 728 376 20
1367 312 1441 370 Μ.
1471 312 1795 371 ΤΕΒΕΝΊῚ
1833 312 2207 371 VARRONJS

853 478 921 543 (c.
951 479 1067 544 15.)
1123 474 1231 531 Per
1267 492 1336 531 ea
1371 479 1629 547 tempora
1666 495 1902 548 regnum
1940 478 2163 533 finitum
2202 480 2289 531 est
2317 477 2673 548 Argiuorum,
2702 476 2939 532 transla-

709 557 830 608 tum
887 555 960 609 ad
1011 555 1304 625 Mycenas,
1351 558 1501 612 unde
1555 558 1670 611 fuit
1714 558 2128 628 Agamemnon,
2187 560 2244 611 et
2279 559 2535 613 exortum
2582 561 2671 613 est
2707 574 2941 629 regnum

707 634 1078 702 Laurentum,
1121 637 1220 691 ubi
1257 636 1485 691 Saturni
1532 637 1681 692 filius
1718 638 1884 693 Picus
1918 655 2156 708 regnum
2192 638 2407 707 primus
2445 638 2685 707 accepit.
2718 670 2784 678 —-
2822 638 2938 692 Iam

708 728 840 786 ergo
877 716 1197 787 regnabant
1230 717 1538 773 Laurentes
1575 719 1775 787 utique
1811 720 1871 773 in
1908 718 2095 785 Italia,
2134 735 2203 773 ex
2242 718 2445 787 quibus
2483 716 2807 774 euidentior
2843 719 2940 772 du-

707 796 855 850 citur
891 797 1049 867 origo
1077 797 1333 853 Romana
1369 801 1500 868 post
1529 798 1795 855 Graecos:
1834 803 1893 855 et
1921 802 2113 854 tamen
2152 796 2337 853 adhuc
2372 814 2610 869 regnum
2644 799 2939 867 Assyrium
2966 818 2988 857 5

707 876 1092 945 permanebat,
1123 877 1221 932 ubi
1250 881 1372 933 erat
1399 896 1496 935 rex
1524 880 1867 935 uicensimus
1895 881 1955 935 et
1981 878 2185 934 tertius
2215 878 2536 949 Lampetes,
2566 894 2696 933 cum
2723 878 2937 948 primus

707 956 1048 1011 Laurentum
1084 958 1250 1012 Picus
1298 974 1419 1014 esse
1465 960 1759 1030 coepisset.
1826 959 1897 1015 de
1934 960 2103 1013 huius
2140 958 2261 1013 Pici
2296 960 2461 1029 patre
2498 957 2741 1013 Saturno
2780 959 2937 1013 nide-

704 1036 822 1090 rint
872 1036 1009 1106 qnid
1071 1038 1321 1093 sentiant
1370 1040 1573 1095 talium
1635 1040 1867 1095 deornm
1918 1040 2187 1101 cultores.
2241 1040 2339 1107 qui
2390 1042 2605 1110 negant
2651 1039 2941 1095 hominem

704 1117 894 1171 fuisse.
927 1116 994 1158 '—
1033 1117 1144 1172 Sed
1189 1119 1331 1174 haec
1375 1120 1600 1190 poetica
1648 1122 1947 1190 opinentur
1993 1136 2117 1176 esse
2153 1120 2426 1191 figmenta
2464 1120 2523 1173 et
2558 1116 2679 1173 Pici
2718 1122 2939 1190 patrem

705 1196 935 1251 Stercen
971 1199 1162 1268 potius
1197 1199 1373 1255 fuisse
1402 1200 1749 1269 adseverent,
1788 1218 1823 1255 a
1850 1217 1961 1270 quo
1989 1198 2332 1271 peritissimo
2362 1198 2613 1270 agricola
2640 1199 2938 1254 inuentum
2967 1219 3013 1259 ιο

703 1278 910 1345 ferunt,
947 1282 1014 1333 ut
1049 1279 1180 1334 fimo
1218 1280 1551 1335 animalium
1589 1282 1713 1352 agri
1750 1280 2206 1348 fecundarentur,
2245 1280 2397 1349 quod
2438 1280 2513 1335 ab
2552 1280 2673 1334 eius
2710 1279 2937 1335 nomine

704 1361 917 1413 stercus
955 1361 1042 1413 est
1079 1360 1320 1427 dictnm;
1359 1362 1510 1417 hunc
1547 1362 1780 1429 quidam
1808 1361 2150 1416 Stercutium
2187 1362 2449 1415 uocatum
2488 1359 2694 1415 ferunt.
2754 1359 2939 1428 quali-

703 1438 802 1493 bet
838 1442 1026 1494 autem
1065 1458 1134 1495 ex
1172 1458 1344 1495 causa
1380 1458 1509 1497 eum
1547 1442 1851 1497 Saturnum
1888 1441 2179 1513 appellare
2214 1439 2519 1509 noluerint,
2556 1444 2710 1496 certe
2746 1444 2939 1497 tamen

703 1519 853 1574 hunc
881 1520 1111 1576 Stercen
1147 1522 1268 1575 siue
1297 1521 1638 1577 Stercutium
1664 1521 1865 1577 merito
1895 1521 2275 1592 agriculturae
2313 1520 2570 1576 fecerunt
2606 1520 2793 1576 deum.
2848 1520 2939 1575 Pi-

703 1618 830 1655 cum
875 1617 1101 1669 quoqne
1145 1602 1408 1657 similiter
1454 1602 1573 1657 eius
1622 1602 1801 1657 filium
1842 1604 1903 1657 in
1939 1602 2144 1657 talium
2182 1602 2414 1656 deornm
2451 1616 2749 1655 numerum
2786 1616 2937 1655 rece-
2966 1619 3014 1659 ιε

703 1684 925 1751 petunt,
963 1698 1131 1749 quem
1168 1683 1521 1753 praeclarum
1562 1700 1834 1754 augurem
1872 1685 1929 1737 et
1958 1682 2415 1753 belligeratorem
2443 1680 2618 1735 fuisse
2649 1681 2934 1736 adserunt.

701 1762 868 1817 Picus
906 1762 1158 1817 Faunum
1198 1764 1415 1835 genuit,
1453 1765 1794 1818 Laurentum
1833 1780 2023 1834 regem
2062 1763 2396 1830 secundum3
2434 1761 2611 1817 etiam
2648 1762 2759 1817 iste
2797 1761 2936 1816 deus

700 1842 817 1897 illis
851 1842 946 1897 uel
985 1850 1072 1897 est
1106 1843 1202 1897 uel
1237 1843 1363 1899 fuit.

844 1922 960 1978 Hos
1011 1928 1144 1978 ante
1181 1924 1487 1979 Troianum
1531 1924 1747 1979 bellum
1796 1924 2019 1979 diuinos
2057 1924 2297 1978 honores
2333 1922 2571 1977 mortuis
2608 1922 2935 1977 hominibus

701 2003 1041 2058 detulerunt.
2964 2021 3015 2061 ²⁰

812 2084 926 2155 15.
983 2093 1216 2154 Charis,
1250 2094 1292 2152 I
1313 2112 1382 2169 p.
1413 2093 1501 2153 99
1529 2094 1604 2153 K.
1672 2091 1940 2172 Olympia
1989 2092 2273 2153 feminino
2321 2108 2543 2169 genere
2590 2090 2759 2150 locus
2806 2092 2937 2169 ipse

631 2188 867 2268 dieitur,
925 2193 1244 2251 certamina
1300 2209 1446 2252 uero
1503 2190 1871 2251 neutraliter.
1946 2209 2083 2251 nam
2124 2189 2302 2250 Varro
2358 2190 2441 2248 ait
2489 2222 2573 2229 —
2621 2188 2728 2248 sed
2778 2187 2937 2249 idem

631 2286 704 2348 de
750 2297 926 2367 gente
972 2288 1178 2368 populi
1221 2288 1472 2350 Romani
1517 2289 1627 2349 111:
1675 2289 1871 2350 Ludos
1918 2287 2187 2367 Olympia
2236 2287 2476 2347 fecerat.

812 2380 926 2451 16.
983 2390 1218 2449 Charis.
1251 2389 1293 2447 I
1315 2407 1384 2464 p.
1417 2389 1498 2448 61
1532 2390 1629 2461 (==
1664 2388 1820 2461 137)
1852 2389 1926 2447 K.
1985 2386 2167 2447 Varro
2216 2385 2287 2445 de
2334 2391 2510 2461 gente
2565 2383 2775 2463 populi
2820 2383 2937 2444 Ro-

629 2488 790 2545 mani
827 2484 932 2545 111:
979 2486 1024 2545 Α
1072 2504 1236 2546 mare
1283 2494 1488 2565 operta
1535 2485 1769 2566 oppida,
1816 2504 1925 2565 pro
1974 2505 2005 2545 a
2052 2485 2219 2561 mari,
2266 2490 2334 2542 ut
2373 2482 2559 2542 refert
2594 2480 2845 2542 Plinius.
2964 2504 3014 2544 ss

811 2577 966 2648 17¹⁸.
1015 2586 1268 2661 Auqust.
1301 2587 1376 2645 de
1414 2589 1532 2646 eiu.
1564 2588 1620 2645 d.
1650 2584 1892 2645 XVIII
1921 2584 2009 2644 16
2052 2580 2227 2643 Troia
2264 2598 2412 2641 uero
2459 2598 2671 2640 euersa
2701 2579 2937 2641 excidio

628 2681 728 2742 illo
768 2716 872 2761 —,
919 2681 1076 2761 quod
1116 2716 1199 2725 —
1241 2691 1332 2742 est
1377 2690 1610 2762 gestum
1660 2690 1943 2761 regnante
1991 2684 2109 2742 iam
2156 2680 2363 2739 Latino
2416 2677 2603 2738 Fauni
2661 2678 2801 2757 filio,
2864 2697 2939 2738 ex

628 2798 745 2859 quo
793 2779 1138 2841 Latinorum
1186 2798 1437 2858 regnum
1487 2780 1603 2844 dici
1651 2782 1848 2859 coepit
1884 2780 2367 2857 Laurentumque
2406 2777 2681 2854 cessauit,
2720 2774 2941 2837 Graeci

627 2880 892 2940 uictores
959 2877 1210 2938 deletam
1265 2878 1502 2938 Troiam
1572 2878 1979 2957 relinquentes
2045 2884 2105 2937 et
2168 2875 2241 2937 ad
2298 2875 2537 2955 propria
2596 2881 2940 2934 remeantes

629 2975 886 3037 diuersis
943 2984 1002 3036 et
1055 2976 1372 3037 horrendis
1427 2976 1694 3037 cladibus
1753 2976 2059 3037 dilacerati
2114 2986 2289 3054 atque
2347 2972 2589 3033 contriti
2650 2978 2817 3050 sunt,
2878 2980 2939 3033 et
2966 2992 3017 3034 so

629 3084 825 3136 tamen
896 3077 1074 3135 etiam
1140 3094 1212 3136 ex
1277 3078 1365 3137 eis
1422 3075 1672 3136 deorum
1727 3094 1971 3136 suorum
2028 3090 2345 3135 numerum
2405 3078 2713 3131 auxerunt.
2792 3089 2935 3130 nam

628 3181 688 3233 et
732 3172 1058 3234 Diomeden
1115 3174 1385 3234 fecerunt
1433 3173 1636 3252 deum,
1683 3191 1862 3253 quem
1907 3192 2097 3253 poena
2145 3172 2433 3232 diuinitus
2480 3170 2747 3246 inrogata
2796 3186 2937 3247 per-

627 3270 837 3331 hibent
882 3270 956 3331 ad
1001 3288 1140 3331 suos
1188 3290 1304 3332 non
1353 3274 1705 3351 reuertisse,
1762 3274 2011 3351 eiusque
2067 3272 2261 3331 socios
2304 3270 2369 3327 in
2416 3264 2695 3326 uolucres
2744 3266 2938 3327 fuisse

627 3386 949 3430 conuersos
1013 3386 1130 3429 non
1197 3369 1462 3430 sabuloso
1526 3371 1880 3449 poeticoque
1936 3368 2272 3446 mendacio,
2328 3364 2432 3425 sed
2488 3362 2773 3424 historica
2831 3365 2937 3424 ad-

626 3469 942 3529 testatione
1000 3468 1378 3544 confirmant,
1435 3468 1653 3546 quibus
1709 3487 1821 3529 nec
1870 3467 2041 3547 deuS,
2088 3476 2155 3528 ut
2201 3474 2437 3545 putant,
2485 3460 2674 3521 faetus
2720 3460 2937 3523 huma·
2964 3484 3014 3524 ιε

807 3664 904 3719 17.
955 3666 1258 3719 Continuat
1292 3683 1358 3719 ea
1394 3683 1532 3735 quae
1569 3666 1899 3721 antecedunt
1934 3668 1995 3719 in
2030 3668 2103 3733 fr.
2138 3670 2219 3719 14.
2252 3698 2322 3706 --
2361 3667 2448 3720 De
2486 3670 2821 3724 Demaeneto
2863 3672 2935 3739 cs.

627 3738 778 3791 Ptin.
809 3754 863 3790 n.
893 3738 944 3789 h.
988 3737 1144 3791 VIII
1173 3741 1264 3791 82.

807 3943 862 3997 3.
911 3940 1275 3998 laurentium
1322 3942 1354 3999 b
1377 3960 1405 4000 e
1632 3944 1687 4000 5.
1747 3943 2111 4017 assyriorum
2158 3942 2317 4001 codd.
2350 3948 2589 4017 praeter
2626 3964 2717 4025 ,ᾳρ

630 4030 729 4088 10.
777 4032 1049 4087 exter-cen
1089 4048 1130 4102 9

808 4110 924 4197 15,
957 4120 1058 4177 23.
1095 4116 1212 4193 m]
1251 4120 1313 4176 in
1343 4120 1462 4177 cod.
1566 4116 1883 4196 Olympiae
1900 4122 2130 4193 Popma
2177 4118 2497 4214 Olympia-
2484 4122 2757 4181 fecerant
2793 4126 2937 4183 Keil

809 4218 926 4303 16,
959 4228 1059 4283 24.
1107 4226 1178 4285 de
1225 4229 1401 4303 gente
1447 4246 1503 4301 p.
1545 4225 1594 4287 ἕ.
1644 4227 1765 4287 cod.
1793 4246 1859 4301 p.
1893 4230 1973 4286 61
2066 4227 2139 4285 de
2194 4239 2343 4305 gene
2400 4228 2504 4287 PR,
2548 4230 2672 4289 cod.
2701 4250 2773 4304 p.
2812 4234 2937 4291 137

630 4316 729 4374 25.
779 4318 1029 4391 operata
1073 4316 1192 4375 cod.
1225 4336 1288 4388 p.
1332 4318 1410 4374 61
1495 4321 1775 4391 separata
1822 4318 1907 4376 ed.
1936 4336 2033 4391 pr.
2063 4336 2127 4391 p.
2171 4320 2250 4376 61
