3234 5034
564 342 865 389 Lxxxnn
1066 320 1163 375 DE
1202 320 1666 376 SCRIPTORVM
1704 319 1894 375 VITIS
1930 321 2025 374 ET
2063 320 2380 376 SCRIPTIS

563 507 613 550 a.
656 483 941 573 75s6‘19)
990 488 1281 549 oriundus
1336 507 1408 549 ex
1466 487 1824 548 Marrucinis
1881 489 2148 568 equestri
2203 487 2360 565 loco,
2415 495 2484 547 ut
2539 484 2602 546 C.
2651 485 2874 546 Catone

564 590 625 647 in
680 589 776 648 ius
832 594 1043 648 uocato
1098 585 1295 647 tribus
1340 589 1493 647 uiris
1548 586 1895 666 obsisteret,
1950 587 2260 666 processit.
2338 593 2464 646 tum
2521 602 2668 644 uero
2719 581 2876 644 bello

564 685 730 746 ciuili
778 692 1001 763 exorto,
1048 687 1163 744 etsi
1208 692 1421 744 natura
1466 703 1573 746 sua
1623 693 1684 745 et
1730 684 1946 746 studiis
1985 701 2050 744 se
2087 684 2244 746 trahi
2281 683 2356 745 ad
2391 685 2558 762 pacis
2597 689 2658 743 et
2693 680 2876 742 liber·

560 785 702 843 tatis
748 782 1135 862 cupiditatem
1184 785 1313 861 ipse
1362 782 1433 843 ad
1481 781 1834 843 Ciceronem
1887 782 2100 842 scribit
2147 775 2228 864 (a.
2263 777 2552 858 43s‘111,
2600 783 2688 841 ad
2723 781 2876 856 fam.

562 883 633 942 X
672 881 777 956 31,
806 875 898 964 2),
946 898 1081 941 cum
1138 879 1361 941 nullius
1416 883 1605 959 partis
1662 899 1794 941 esse
1853 899 1974 941 non
2029 881 2267 956 liceret,
2311 887 2381 940 ut
2429 875 2684 940 ‘inimici
2729 880 2877 938 insi-

564 975 716 1038 dias’
767 972 1047 1061 (fortasse
1096 973 1366 1062 Catonis)
1416 979 1677 1057 fugeret,
1725 981 1786 1039 in
1835 979 2106 1040 Caesaris
2153 986 2348 1038 castra
2396 996 2462 1037 se
2518 975 2772 1038 contulit
2817 984 2880 1036 et

564 1077 637 1136 ab
683 1094 753 1137 eo
800 1075 1057 1155 benigne
1106 1084 1166 1136 et
1210 1076 1538 1136 honorifice
1585 1085 1874 1155 exceptus
1919 1076 2017 1137 uel
2064 1075 2274 1137 uolens
2320 1074 2418 1136 uel
2466 1077 2695 1135 inuitus
2749 1091 2877 1134 om·

561 1177 687 1252 nia,
744 1193 1135 1254 quaecunque
1190 1177 1393 1234 iussus
1449 1183 1602 1252 erat,
1651 1175 1808 1236 fecit.
1885 1177 1974 1234 sic
2026 1174 2298 1234 interfuit
2346 1171 2526 1233 rebus
2573 1170 2648 1232 ad
2691 1169 2878 1231 Rubi·

563 1290 792 1350 conem,
839 1274 903 1332 in
950 1272 1145 1332 Africa
1194 1289 1243 1332 a.
1281 1267 1569 1352 49s705,
1617 1271 1690 1332 ad
1736 1271 2104 1352 Pharsalum,
2151 1273 2214 1332 in
2262 1271 2460 1331 Africa
2507 1289 2558 1330 a.
2595 1265 2878 1348 46s708,

563 1369 953 1430 ad·Mundam
1000 1372 1185 1448 gestis
1232 1379 1293 1430 et
1337 1379 1580 1449 praetor
1624 1371 1814 1430 factus
1859 1369 2001 1430 belli
2039 1388 2176 1430 cum
2217 1369 2273 1429 S.
2303 1368 2588 1447 Pompeio
2625 1366 2906 1446 gerendi-

561 1487 738 1528 c-ausa
786 1469 847 1528 in
894 1467 1240 1547 Hispaniam
1289 1467 1485 1545 rediit,
1534 1467 1692 1547 quod
1731 1467 1984 1528 Caesare
2031 1467 2348 1528 interfecto
2387 1486 2419 1527 a
2457 1464 2681 1546 Lepido
2729 1484 2875 1545 pace

562 1567 955 1645 compositum
1004 1572 1113 1626 est.
1192 1564 1405 1626 deinde
1446 1564 1547 1627 diu
1588 1565 1806 1626 dubius
1845 1563 2145 1642 haerebat,
2184 1565 2402 1644 quibus
2439 1563 2711 1644 partibus
2748 1572 2878 1624 tres

560 1681 700 1724 suas
756 1663 1020 1742 legiones
1078 1662 1457 1742 adiungeret,
1514 1681 1648 1724 cum
1707 1681 1914 1724 omnes
1971 1671 2214 1724 senatus
2259 1662 2496 1724 litterae
2544 1681 2682 1723 eum
2729 1659 2876 1721 defi-

562 1769 793 1840 cerent,
842 1763 938 1822 cui
985 1760 1097 1822 soli
1144 1779 1209 1822 se
1256 1763 1632 1841 prouinciam
1681 1760 2040 1822 traditurum
2097 1779 2232 1822 esse
2279 1760 2596 1822 credamus
2641 1762 2698 1820 ei
2743 1767 2876 1820 tum

562 1859 634 1919 ad
680 1858 939 1920 eundem
988 1859 1339 1920 Ciceronem
1388 1858 1679 1920 scribenti
1729 1863 1802 1932 (l.
1839 1877 1886 1920 ε.
1923 1856 1973 1939 §⁰
2009 1862 2100 1933 5).
2178 1857 2416 1920 tandem
2465 1857 2541 1918 ad
2594 1859 2876 1919 triumui-

561 1965 755 2018 ratum
814 1956 1008 2018 denuo
1067 1959 1457 2018 constitutum
1518 1956 1714 2018 l'acere
1773 1975 1889 2018 non
1945 1960 2141 2036 potuit
2194 1959 2342 2036 quin
2401 1956 2548 2017 duas
2607 1955 2875 2033 legiones

562 2054 881 2116 deduceret
928 2062 989 2115 et
1034 2055 1107 2115 ab
1153 2055 1407 2116 Antonio
1447 2054 1669 2116 Galliae
1715 2055 2148 2134 transpadanae
2196 2055 2536 2134 praefectus
2583 2063 2691 2114 est.
2757 2071 2876 2132 qua

560 2155 869 2232 prouincia
918 2161 1053 2232 post
1090 2152 1311 2214 bellum
1353 2153 1710 2214 Perusinum
1751 2152 2040 2232 spoliatus
2075 2171 2186 2232 pro
2224 2161 2475 2232 patrono
2513 2170 2624 2213 suo
2661 2149 2876 2212 foedus

560 2249 987 2312 Brundisinum
1054 2253 1249 2312 iunxit
1312 2259 1373 2311 et
1436 2250 1747 2312 consulatu
1815 2269 1864 2310 a.
1921 2247 2188 2312 401714
2263 2252 2505 2312 functus
2571 2249 2875 2311 Parthinis

560 2347 911 2428 Salonisque
962 2349 1217 2416 deuictis
1266 2367 1471 2410 mense
1520 2366 1571 2408 a.
1609 2345 1867 2430 39s715
1915 2349 2159 2410 Octobri
2209 2348 2617 2428 triumphauit.

737 2446 847 2508 Hic
896 2449 1032 2507 linis
1076 2449 1240 2508 uitae
1286 2449 1417 2508 eius
1455 2445 1730 2526 publicae
1767 2447 1896 2507 fuit.
1971 2465 2108 2508 nam
2147 2465 2282 2508 cum
2321 2445 2686 2508 Octauianus
2731 2463 2874 2505 eum

560 2555 845 2624 rogasset,
890 2553 959 2606 ut
1005 2563 1207 2606 secum
1256 2544 1330 2605 ad
1378 2544 1599 2605 bellum
1648 2545 2132 2623 proficisceretur
2167 2545 2490 2623 Actiacum,
2539 2546 2654 2604 etsi
2689 2561 2874 2622 quae·

561 2642 695 2703 dam
753 2649 958 2704 contra
1020 2642 1333 2703 maledicta
1388 2644 1628 2702 Antonii
1694 2643 2018 2723 scripserat
2071 2643 2170 2704 uel
2237 2642 2470 2704 dixerat
2523 2645 2797 2714 (Charis,
2839 2645 2879 2702 J

559 2740 664 2816 80,
694 2741 785 2818 2),
835 2735 1031 2819 ‘mea’,
1080 2742 1292 2820 inquit,
1342 2737 1427 2800 ‘in
1475 2740 1796 2801 Antonium
1843 2742 2066 2801 maiora
2115 2743 2326 2802 merita
2375 2748 2543 2818 sunt,
2599 2739 2762 2800 illius
2807 2741 2872 2800 in

556 2856 655 2898 me
712 2836 999 2899 beneficia
1058 2840 1317 2919 notiora3
1373 2839 1573 2916 itaque
1630 2836 1964 2898 discrimini
2018 2847 2224 2900 uestro
2275 2857 2370 2899 me
2418 2836 2765 2900 subtraham
2811 2847 2875 2898 et

557 2953 662 2995 ero
700 2934 917 3014 praeda
954 2932 1227 2996 uictoris’
1258 2937 1438 3008 (Vell.
1472 2936 1551 2995 II
1578 2935 1684 3010 86,
1714 2937 1805 3012 3),
1843 2954 1960 3016 quo
1998 2943 2198 2997 tamen
2237 2936 2394 2998 dicto
2427 2937 2682 2997 uictoris
2718 2938 2870 2996 iram

558 3052 677 3093 non
725 3035 937 3115 mouit3
1004 3035 1214 3112 immo,
1263 3052 1399 3095 cum
1444 3040 1617 3112 pater
1662 3051 1870 3094 omnes
1917 3034 2174 3095 honores
2222 3036 2532 3114 aspernari
2577 3041 2872 3113 pergeret,

558 3131 825 3192 Asinium
876 3129 1107 3192 Gallum
1154 3131 1341 3192 filium
1389 3133 1507 3192 iam
1555 3131 2000 3192 adulescentem
2047 3135 2136 3193 eis
2182 3135 2434 3194 ornauit.

736 3229 953 3290 Totum
1010 3231 1127 3290 iam
1183 3247 1247 3289 se
1305 3228 1587 3289 litteris
1647 3228 1980 3308 dediderat,
2034 3230 2195 3292 unde
2251 3232 2512 3292 fructum
2574 3230 2867 3291 libertatis

559 3334 876 3407 repeteret,
924 3329 1021 3388 cui
1066 3328 1131 3387 in
1179 3345 1245 3386 re
1291 3325 1526 3406 publica
1575 3327 1772 3388 locum
1820 3328 2040 3388 frustra
2087 3331 2470 3407 quaesiuerat
2507 3329 2616 3406 (cf.
2657 3347 2746 3404 ep.
2786 3330 2871 3388 ad

564 3425 687 3484 Cia
726 3427 797 3486 X
826 3426 931 3500 31,
962 3425 1003 3484 2
1015 3447 1039 3496 ;
1076 3426 1174 3504 5);
1222 3426 1419 3504 itaque
1467 3443 1588 3485 non
1636 3427 1766 3486 sine
1815 3445 1992 3486 causa
2040 3425 2484 3505 bibliothecam,
2530 3444 2708 3506 quam
2747 3427 2865 3506 pri-

556 3539 714 3583 mam
779 3521 998 3583 Romae
1066 3521 1233 3600 fecit,
1308 3524 1371 3582 in
1437 3525 1588 3585 atrio
1656 3522 1976 3584 Libertatis
2043 3541 2174 3584 esse
2241 3523 2432 3584 uoluit
2477 3524 2867 3597 (Thorbeclce

550 3640 613 3697 p.
653 3622 741 3681 35
768 3625 924 3697 sqq.)
974 3629 1035 3681 et
1078 3639 1265 3701 paene
1313 3623 1512 3682 omnia
1559 3620 1755 3682 studia
1805 3640 1910 3682 sua
1958 3621 2032 3683 ad
2079 3624 2494 3701 antiquitatem
2542 3622 2865 3701 conuertit3

557 3737 633 3779 ne
681 3719 743 3778 in
789 3717 1210 3779 bibliothecam
1268 3717 1509 3798 quidem
1566 3717 1754 3802 libros
1810 3721 2191 3798 cuiusquam,
2248 3720 2350 3798 qui
2397 3717 2575 3779 etiam
2613 3719 2865 3795 uiueret,

556 3825 796 3895 praeter
843 3816 1164 3876 Varronem
1221 3819 1451 3896 recepit
1497 3819 1685 3889 (Ptin.
1725 3837 1783 3878 n.
1821 3819 1880 3878 h.
1922 3818 1979 3892 7,
2019 3817 2196 3890 115).
2271 3834 2628 3896 quamquam
2684 3817 2868 3896 igitur

557 3931 676 3938 —d

556 3987 895 4057 scriptorum
942 3986 1372 4058 diligentissime
1421 3987 1746 4057 complexus
1795 3987 2174 4058 cognitionem
2221 3991 2472 4042 nostram
2513 3989 2585 4042 de
2621 3989 2744 4042 eius
2781 3986 2864 4042 in-

557 4067 703 4134 dole,
755 4071 1031 4136 quantum
1076 4085 1225 4122 nunc
1273 4067 1395 4121 fieri
1442 4068 1658 4138 potuit,
1699 4067 1883 4130 auxit,
1930 4068 2040 4122 etsi
2077 4067 2149 4121 de
2193 4067 2334 4138 ipsis
2372 4068 2625 4122 historiis
2665 4085 2700 4122 a
2737 4067 2864 4122 Plu-

556 4148 754 4203 tarcho
794 4148 1165 4218 Appianoque
1205 4147 1480 4202 adhibitis
1516 4165 1607 4203 me
1647 4148 1720 4202 ab
1759 4163 1824 4202 eo
1863 4147 2162 4203 dissentire
2191 4164 2294 4219 per
2319 4151 2502 4203 totam
2537 4163 2724 4202 meam
2753 4147 2865 4202 dis-

556 4229 912 4298 putationem
940 4226 1258 4297 apparebit.
1280 4259 1347 4268 —
1378 4227 1461 4283 De
1490 4228 1614 4282 uita
1644 4227 1712 4282 cf.
1736 4227 1909 4282 etism
1938 4228 2324 4282 Drumannnm
2353 4228 2408 4284 h.
2423 4227 2576 4282 &11²
2594 4247 2648 4297 p.
2671 4233 2862 4282 2-12.

556 4307 775 4363 Groebe
814 4309 967 4379 apud
1004 4307 1181 4376 Pauly
1196 4307 1557 4363 -Wissowsm
1594 4308 1648 4360 Π
1686 4313 2056 4362 1589-1602.
