3234 5034
1237 359 1711 414 F'ENESTELLA
2510 363 2627 410 cxl

308 523 567 586 ducibus
618 523 902 604 secisset',
953 523 1112 606 ‘quis
1158 529 1391 606 primus
1436 526 1721 588 Romanis
1766 529 2168 606 persuasisset
2222 545 2439 587 nauem
2487 546 2626 588 con-

306 621 648 703 scendere’,
697 627 832 704 quis
871 627 1102 704 primus
1150 627 1211 685 in
1260 627 1420 687 circo
1470 624 1674 686 leones
1722 624 1947 686 solutos
1996 623 2277 704 dedisset,
2324 627 2459 704 quis
2506 624 2625 686 ele-

303 721 668 801 phantorum
727 723 1048 784 multorum
1106 741 1368 802 pugnam
1424 733 1484 784 et
1540 742 1692 802 quae
1750 731 1891 784 sunt
1955 723 2190 784 similia.
2267 722 2375 784 sed
2436 722 2625 784 Fene·

301 819 538 881 stellam
607 823 790 882 etiam
852 821 1121 882 nominat
1185 839 1277 900 ep.
1315 819 1495 882 xvm
1535 816 1578 882 5
1619 815 1811 904 (108)
1850 817 1935 882 31
1988 822 2095 899 (fr.
2128 823 2217 897 6),
2280 820 2387 883 ubi
2453 820 2626 882 aliter

301 918 626 979 Ciceronis·
667 917 740 979 de
789 937 854 979 re
900 918 1138 999 publica
1183 918 1369 980 libros
1415 919 1534 998 legi
1581 936 1614 980 a
1660 918 1959 999 philologo
1968 966 1986 998 ,
2033 922 2418 998 grammatico
2428 965 2446 997 ,
2492 919 2623 998 phi-

302 1016 554 1095 losopho
603 1015 845 1078 disserit
889 1019 1175 1097 ponitque
1231 1017 1402 1078 illum
1460 1019 1524 1077 in
1581 1016 2018 1096 philologorum
2074 1035 2343 1078 numero.
2420 1024 2625 1078 contra

300 1114 564 1176 Asconio
605 1107 1226 1198 (3s756-88s'841)
1267 1117 1590 1194 primarius
1628 1125 1837 1176 auctor
1873 1115 1987 1176 fuit
2029 1117 2093 1175 in
2141 1115 2447 1177 Ciceronis
2493 1132 2624 1175 ora-

300 1211 574 1273 tionibus
620 1212 987 1291 explicandis
1025 1231 1222 1293 neque
1261 1212 1625 1274 luculentius
1662 1215 2069 1274 testimonium
2108 1214 2240 1274 eius
2283 1212 2623 1292 diligentiae

297 1329 436 1372 esse
488 1319 702 1390 potest,
748 1313 1024 1390 quamuis
1070 1329 1247 1390 saepe
1295 1313 1356 1370 in
1406 1329 1542 1372 eum
1589 1313 1867 1372 inuectus
1914 1313 2011 1390 sit,
2063 1329 2183 1372 non
2230 1329 2471 1390 semper
2514 1330 2622 1372 suo

297 1410 436 1470 iure
489 1409 828 1483 (Merclclin
862 1428 930 1486 p.
969 1410 1061 1484 9).

489 1505 772 1569 Eiusdem
837 1516 1036 1569 autem
1103 1525 1282 1568 curae
1348 1508 1461 1568 suit
1525 1515 1717 1568 artem
1775 1508 2044 1568 criticam
2101 1525 2384 1568 exercere
2421 1508 2532 1585 (fr.
2562 1508 2621 1584 9,

301 1606 385 1683 cs.
423 1606 479 1666 7.
515 1606 646 1685 19),
673 1607 1018 1685 scriptoreS,
1049 1623 1120 1666 ex
1149 1605 1368 1684 quibus
1400 1605 1683 1684 hauserit,
1712 1607 2065 1666 nominatim
2094 1603 2291 1684 edere,
2320 1609 2373 1667 si
2400 1614 2620 1685 posset,

303 1711 494 1764 testes
524 1702 786 1764 oculatos
817 1704 1088 1782 proferre
1112 1704 1219 1780 (fr.
1243 1705 1376 1782 15),
1401 1722 1537 1765 cum
1568 1702 1845 1782 GraecoS,
1872 1703 2053 1766 huius
2082 1701 2415 1765 litterarum
2445 1722 2622 1783 gene-

301 1803 392 1861 ris
420 1803 789 1880 inuentoreS,
818 1803 1159 1862 imitaretur
1187 1801 1296 1878 (cf.
1325 1819 1372 1862 S.
1387 1821 1456 1878 p.
1492 1804 1620 1879 οιι),
1655 1820 1807 1881 quos
1835 1809 2127 1881 auctoreS,
2157 1802 2261 1881 qui
2288 1801 2623 1863 Fenestella

301 1905 641 1976 uterentur,
686 1907 755 1960 ut.
802 1898 1072 1960 doctrina
1117 1898 1534 1978 gloriarentur,
1581 1898 1740 1961 haud
1789 1917 1923 1960 raro
1962 1918 2035 1960 ex
2074 1918 2144 1960 eo
2188 1899 2625 1962 transtulerunt

305 1997 419 2074 (fr.
445 1996 546 2057 18.
577 2000 718 2058 adn.
739 1998 800 2058 3.
823 1999 883 2057 4.
905 1998 963 2058 6.
984 1997 1075 2071 8).
1121 1996 1378 2076 plurima
1416 1999 1671 2076 uestigia
1709 1996 1781 2058 ab
1812 2016 1882 2058 eo
1913 1997 2140 2058 ducunt
2176 1997 2249 2058 ad
2277 1996 2620 2058 Varronem.

487 2093 758 2174 Denique
805 2098 1046 2156 omnino
1095 2097 1264 2174 copia
1313 2104 1374 2155 et
1417 2097 1679 2156 uarietas
1737 2096 2019 2156 materiae
2076 2097 2489 2176 sermonisque
2537 2097 2622 2156 ie-

305 2194 530 2254 iunitas
577 2193 686 2269 (fr.
725 2193 843 2267 21)
900 2211 1038 2254 cum
1094 2191 1251 2254 Liuii
1299 2192 1590 2272 elegantia
1648 2192 2037 2272 ubertateque
2086 2201 2147 2254 et
2191 2201 2318 2254 arte
2364 2195 2621 2254 oratoria

307 2290 704 2370 discrepabat,
749 2289 814 2351 id
853 2289 1010 2370 quod
1047 2289 1464 2369 Fenestellam,
1503 2291 1785 2370 quoniam
1824 2290 1923 2352 ille
1963 2290 2181 2352 librum
2218 2309 2442 2352 nonum
2485 2299 2621 2352 ante

305 2407 530 2449 annum
577 2383 838 2468 20s734
883 2387 1247 2467 absoluerat,
1305 2389 1510 2467 fugere
1563 2406 1683 2448 non
1730 2391 1938 2468 potuit.
2013 2398 2267 2468 uterque
2314 2398 2513 2450 autem
2560 2389 2621 2449 id

305 2488 621 2566 spectauit,
681 2495 750 2547 ut
806 2505 903 2548 res
949 2485 1245 2547 Romanas
1297 2485 1370 2547 ab
1416 2489 1649 2565 origine
1698 2485 1961 2547 Romana
1976 2481 2027 2570 ¹)
2074 2505 2265 2567 usque
2323 2487 2396 2548 ad
2452 2505 2621 2548 suam

305 2593 562 2645 aetatem
623 2592 1109 2664 persequeretur.
1185 2587 1521 2664 quaeritur,
1575 2592 1779 2646 utrum
1837 2582 2155 2646 libertinus
2210 2603 2531 2664 seruusue,
2588 2605 2620 2645 a

307 2701 426 2761 quo
473 2681 684 2743 ordine
734 2684 1052 2744 curiositas
1099 2691 1225 2743 tum
1271 2685 1528 2744 maxime
1577 2681 1901 2760 colebatur,
1948 2682 2228 2744 inuidens
2275 2683 2466 2745 fauori
2505 2687 2619 2744 Au-

307 2783 485 2859 gusti,
533 2798 652 2859 quo
693 2780 900 2841 Liuius
946 2779 1215 2858 florebat,
1263 2783 1435 2860 quasi
1475 2783 1538 2841 in
1577 2787 1881 2841 certamen
1924 2780 2287 2842 descendere
2326 2781 2621 2861 maluerit,

307 2895 382 2938 an
427 2887 500 2938 ut
535 2879 836 2939 crescenti
872 2877 959 2938 illi
998 2877 1194 2939 studio
1234 2881 1510 2955 seruiret,
1548 2897 1699 2958 opus
1738 2879 2053 2940 Liuianum
2092 2879 2391 2958 supplere.
2455 2887 2619 2942 certe

305 2977 438 3037 eius
467 2978 756 3038 minutiae
793 2976 1117 3038 multorum
1157 2978 1518 3056 scriptorum
1558 2977 1893 3038 curiositati
1928 2976 2299 3056 placuerunt,
2336 2985 2403 3040 ut
2440 2979 2619 3040 etiam

307 3077 604 3154 epitomae
666 3072 838 3134 libris
902 3075 1216 3134 minimum
1281 3073 1510 3135 duobus
1576 3075 2035 3136 conficerentur.
2048 3069 2099 3158 ²)
2186 3093 2327 3158 nam
2388 3077 2621 3136 etiamsi

304 3173 778 3252 fragmentorum
834 3190 1122 3232 numerus
1177 3171 1333 3233 ultra
1392 3173 1761 3233 tricesimum
1810 3191 1930 3232 non
1979 3172 2229 3252 excedit,
2276 3172 2618 3252 quindecim

307 3277 506 3332 tamen
564 3271 889 3349 scriptores
947 3288 1083 3331 eum
1141 3273 1504 3350 citauerunt,
1561 3270 1832 3350 plerique
1898 3270 2149 3349 singulis
2215 3270 2363 3332 locis
2422 3289 2618 3351 neque

302 3377 506 3448 potest
576 3366 820 3430 decerni
885 3369 1128 3429 maioris
1200 3386 1408 3429 eorum
1473 3370 1662 3448 partis
1730 3369 2057 3446 fragmenta
2122 3387 2192 3429 ex
2248 3387 2368 3430 uno
2420 3369 2617 3449 aliquo

305 3467 468 3527 fonte
509 3467 804 3544 originem
845 3463 1081 3526 ducere.
1141 3465 1404 3528 Senecae
1443 3465 1685 3546 quidem
1724 3468 1855 3545 ipse
1892 3474 2071 3529 notus
2109 3474 2255 3546 erat,
2292 3469 2397 3547 qui
2434 3467 2617 3528 semel

304 3584 442 3627 eum
481 3565 816 3625 nominauit
846 3563 954 3640 (fr.
986 3565 1074 3642 6),
1105 3582 1223 3624 non
1262 3566 1461 3625 minus
1498 3563 1711 3642 Plinio,
1750 3566 1855 3644 qui
1891 3582 1995 3625 sex
2030 3563 2199 3624 libris
2234 3566 2362 3638 (xv.
2403 3586 2617 3626 χχχιιι.

436 3715 509 3722 -—-—
535 3715 685 3721 ——-—-
715 3715 723 3720 v

303 3799 454 3851 sitan
493 3813 564 3851 ex
609 3813 680 3851 eo
723 3795 971 3866 repetita.
1007 3795 1086 3851 sit
1121 3797 1536 3866 aduersataque
1573 3801 1763 3866 (uatus
1791 3797 2077 3852 Fabianus
2113 3801 2239 3852 erat.
2263 3797 2415 3854 inter
2441 3815 2617 3854 annos

304 3876 830 3949 assub—usne)
867 3876 980 3947 ipsi
1009 3875 1360 3932 Fenestellae
1395 3875 1632 3931 uiuenti.
1703 3879 2022 3933 Geschichtz.
2054 3879 2189 3933 Litt.
2220 3880 2260 3932 I
2286 3896 2342 3948 p.
2374 3884 2483 3936 116
2498 3897 2575 3950 sq.

489 3959 542 4024 1)
579 3955 786 4010 Nescio
823 3972 938 4026 qua
977 3973 1152 4012 causa
1185 3955 1454 4012 inductus
1493 3957 1731 4029 Maduig
1766 3959 1857 4012 De
1892 3959 2019 4013 Asc.
2050 3959 2182 4012 Ped.
2220 3976 2274 4028 p.
2308 3964 2375 4013 64
2418 3975 2546 4013 enm
2583 3978 2618 4015 a

301 4036 472 4092 bellis
511 4035 742 4091 Punicis
781 4036 1058 4108 incepisse
1095 4037 1363 4106 posuerit.

487 4120 542 4186 2)
581 4115 700 4170 Has
747 4116 1026 4188 epitomas
1073 4116 1449 4172 Fenestellam
1497 4133 1564 4170 ex
1611 4117 1853 4171 aliorum
1899 4117 2061 4170 uelut
2108 4117 2279 4188 Oppii
2324 4124 2617 4175 auctorum

305 4195 470 4251 libris
507 4196 856 4267 excerpsisse
895 4197 1184 4253 Soltauius
1222 4197 1444 4252 censuit,
1487 4197 1723 4266 (Livius'
1764 4195 1933 4250 XXII.
1966 4196 2123 4250 Bueh
2168 4199 2285 4251 und
2332 4197 2613 4254 Plutarch.

307 4275 496 4349 Ptogr.
537 4295 726 4348 gymn.
767 4277 1007 4331 Tabern.
1053 4283 1190 4332 1896
1225 4295 1279 4347 p.
1317 4281 1429 4348 15);
1481 4277 1562 4331 sic
1618 4281 1810 4331 tamen
1856 4276 2175 4331 addidisset
2221 4279 2615 4335 auctoritatem

14 4337 21 4742 Ι
308 4357 576 4412 alienam.
