<?xml version="1.0" encoding="UTF-8"?>
<!DOCTYPE html PUBLIC "-//W3C//DTD XHTML 1.0 Transitional//EN"
    "http://www.w3.org/TR/xhtml1/DTD/xhtml1-transitional.dtd">
<html xmlns="http://www.w3.org/1999/xhtml" xml:lang="en" lang="en">
 <head>
  <title>
</title>
<meta http-equiv="Content-Type" content="text/html;charset=utf-8" />
  <meta name='ocr-system' content='tesseract 3.04.00' />
  <meta name='ocr-capabilities' content='ocr_page ocr_carea ocr_par ocr_line ocrx_word'/>
</head>
<body>
  <div class='ocr_page' id='page_1' title='image "./historicorvmrom00petegoog_0214.png"; bbox 0 0 3234 5034; ppageno 0'>
   <div class='ocr_carea' id='block_1_1' title="bbox 700 297 2597 358">
    <p class='ocr_par' dir='ltr' id='par_1_1' title="bbox 700 297 2597 358">
     <span class='ocr_line' id='line_1_1' title="bbox 700 297 2597 358; baseline 0 -5"><span class='ocrx_word' id='word_1_1' title='bbox 700 301 844 357; x_wconf 84' lang='grc' dir='ltr'><strong>ΙΜΡ.</strong></span> <span class='ocrx_word' id='word_1_2' title='bbox 875 297 1187 356; x_wconf 74' lang='lat' dir='ltr'><strong>F&#39;LAVIVS</strong></span> <span class='ocrx_word' id='word_1_3' title='bbox 1223 302 1584 357; x_wconf 81' lang='lat' dir='ltr'><strong>VALERIVS</strong></span> <span class='ocrx_word' id='word_1_4' title='bbox 1622 302 2139 358; x_wconf 78' lang='lat' dir='ltr'><strong>CONSTANTINV</strong></span> <span class='ocrx_word' id='word_1_5' title='bbox 2143 304 2179 358; x_wconf 90' lang='lat' dir='ltr'>S</span> <span class='ocrx_word' id='word_1_6' title='bbox 2434 307 2597 354; x_wconf 83' lang='lat' dir='ltr'>CCIII</span> 
     </span>
    </p>
   </div>
   <div class='ocr_carea' id='block_1_2' title="bbox 278 470 2597 1714">
    <p class='ocr_par' dir='ltr' id='par_1_2' title="bbox 278 470 2597 1714">
     <span class='ocr_line' id='line_1_2' title="bbox 282 470 2595 549; baseline 0.002 -19"><span class='ocrx_word' id='word_1_7' title='bbox 282 470 659 531; x_wconf 77' lang='lat' dir='ltr'><strong><em>charactere</em></strong></span> <span class='ocrx_word' id='word_1_8' title='bbox 701 471 996 531; x_wconf 76' lang='lat' dir='ltr'><strong><em>historico</em></strong></span> <span class='ocrx_word' id='word_1_9' title='bbox 1035 473 1292 546; x_wconf 71' lang='lat' dir='ltr'><strong><em>aiacem,</em></strong></span> <span class='ocrx_word' id='word_1_10' title='bbox 1331 489 1489 547; x_wconf 83' lang='lat' dir='ltr'><strong><em>quae</em></strong></span> <span class='ocrx_word' id='word_1_11' title='bbox 1525 475 1707 532; x_wconf 83' lang='lat' dir='ltr'><strong><em>uelim</em></strong></span> <span class='ocrx_word' id='word_1_12' title='bbox 1746 476 2022 548; x_wconf 69' lang='lat' dir='ltr'><strong><em>accipias</em></strong></span> <span class='ocrx_word' id='word_1_13' title='bbox 2066 481 2125 534; x_wconf 88' lang='lat' dir='ltr'><strong><em>et</em></strong></span> <span class='ocrx_word' id='word_1_14' title='bbox 2157 489 2283 549; x_wconf 81' lang='lat' dir='ltr'><strong><em>per</em></strong></span> <span class='ocrx_word' id='word_1_15' title='bbox 2318 476 2595 534; x_wconf 83' lang='lat' dir='ltr'><em>ordinem</em></span> 
     </span>
     <span class='ocr_line' id='line_1_3' title="bbox 279 569 2597 646; baseline 0.002 -18"><span class='ocrx_word' id='word_1_16' title='bbox 279 569 530 630; x_wconf 78' lang='lat' dir='ltr'><strong><em>scribas</em></strong></span> <span class='ocrx_word' id='word_1_17' title='bbox 577 571 824 644; x_wconf 79' lang='lat' dir='ltr'><strong><em>additis,</em></strong></span> <span class='ocrx_word' id='word_1_18' title='bbox 869 587 1031 644; x_wconf 82' lang='lat' dir='ltr'><strong><em>quae</em></strong></span> <span class='ocrx_word' id='word_1_19' title='bbox 1077 572 1164 630; x_wconf 84' lang='lat' dir='ltr'><strong><em>ad</em></strong></span> <span class='ocrx_word' id='word_1_20' title='bbox 1205 573 1398 631; x_wconf 83' lang='lat' dir='ltr'><strong><em>uitam</em></strong></span> <span class='ocrx_word' id='word_1_21' title='bbox 1429 573 1765 646; x_wconf 83' lang='lat' dir='ltr'><strong><em>pertinent.</em></strong></span> <span class='ocrx_word' id='word_1_22' title='bbox 1840 587 1999 646; x_wconf 80' lang='lat' dir='ltr'><strong><em>quae</em></strong></span> <span class='ocrx_word' id='word_1_23' title='bbox 2042 574 2248 632; x_wconf 86' lang='lat' dir='ltr'><strong><em>omnia</em></strong></span> <span class='ocrx_word' id='word_1_24' title='bbox 2292 589 2373 632; x_wconf 81' lang='lat' dir='ltr'><strong><em>ex</em></strong></span> <span class='ocrx_word' id='word_1_25' title='bbox 2418 573 2597 633; x_wconf 79' lang='lat' dir='ltr'><strong><em>libris</em></strong></span> 
     </span>
     <span class='ocr_line' id='line_1_4' title="bbox 283 667 2596 747; baseline 0.002 -21"><span class='ocrx_word' id='word_1_26' title='bbox 283 668 506 742; x_wconf 75' lang='lat' dir='ltr'><strong><em>linteis,</em></strong></span> <span class='ocrx_word' id='word_1_27' title='bbox 555 671 621 727; x_wconf 82' lang='lat' dir='ltr'><strong><em>in</em></strong></span> <span class='ocrx_word' id='word_1_28' title='bbox 669 667 890 742; x_wconf 76' lang='lat' dir='ltr'><strong><em>quibus</em></strong></span> <span class='ocrx_word' id='word_1_29' title='bbox 933 671 1064 744; x_wconf 77' lang='lat' dir='ltr'><strong><em>ipse</em></strong></span> <span class='ocrx_word' id='word_1_30' title='bbox 1109 670 1426 729; x_wconf 81' lang='lat' dir='ltr'><strong><em>cotidiana</em></strong></span> <span class='ocrx_word' id='word_1_31' title='bbox 1469 685 1584 730; x_wconf 83' lang='lat' dir='ltr'><strong><em>sua</em></strong></span> <span class='ocrx_word' id='word_1_32' title='bbox 1628 670 1823 730; x_wconf 81' lang='lat' dir='ltr'><strong><em>scribi</em></strong></span> <span class='ocrx_word' id='word_1_33' title='bbox 1861 676 2288 746; x_wconf 78' lang='lat' dir='ltr'><strong><em>praeceperat,</em></strong></span> <span class='ocrx_word' id='word_1_34' title='bbox 2320 685 2447 747; x_wconf 82' lang='lat' dir='ltr'><strong><em>pro</em></strong></span> <span class='ocrx_word' id='word_1_35' title='bbox 2484 677 2596 731; x_wconf 83' lang='lat' dir='ltr'><strong><em>tua</em></strong></span> 
     </span>
     <span class='ocr_line' id='line_1_5' title="bbox 278 766 2595 846; baseline 0.002 -22"><span class='ocrx_word' id='word_1_36' title='bbox 278 766 612 827; x_wconf 79' lang='lat' dir='ltr'><strong><em>sedulitate</em></strong></span> <span class='ocrx_word' id='word_1_37' title='bbox 657 767 993 827; x_wconf 66' lang='lat' dir='ltr'><strong><em>condis-cea.</em></strong></span> <span class='ocrx_word' id='word_1_38' title='bbox 1067 767 1302 828; x_wconf 83' lang='lat' dir='ltr'><strong><em>curabo</em></strong></span> <span class='ocrx_word' id='word_1_39' title='bbox 1347 774 1567 842; x_wconf 82' lang='lat' dir='ltr'><strong><em>autem,</em></strong></span> <span class='ocrx_word' id='word_1_40' title='bbox 1615 774 1683 828; x_wconf 78' lang='lat' dir='ltr'><strong><em>ut</em></strong></span> <span class='ocrx_word' id='word_1_41' title='bbox 1728 769 1839 828; x_wconf 86' lang='lat' dir='ltr'><strong><em>tibi</em></strong></span> <span class='ocrx_word' id='word_1_42' title='bbox 1884 786 1966 828; x_wconf 76' lang='lat' dir='ltr'><strong><em>ex</em></strong></span> <span class='ocrx_word' id='word_1_43' title='bbox 2008 767 2183 846; x_wconf 81' lang='lat' dir='ltr'><strong><em>leia</em></strong></span> <span class='ocrx_word' id='word_1_44' title='bbox 2230 769 2595 831; x_wconf 78' lang='lat' dir='ltr'><strong><em>bibliotheca</em></strong></span> 
     </span>
     <span class='ocr_line' id='line_1_6' title="bbox 281 859 2595 946; baseline 0.002 -24"><span class='ocrx_word' id='word_1_45' title='bbox 281 870 340 923; x_wconf 84' lang='lat' dir='ltr'><strong><em>et</em></strong></span> <span class='ocrx_word' id='word_1_46' title='bbox 367 859 570 943; x_wconf 86' lang='lat' dir='ltr'><strong><em>&lt;alii&gt;</em></strong></span> <span class='ocrx_word' id='word_1_47' title='bbox 595 865 746 926; x_wconf 86' lang='lat' dir='ltr'><strong><em>libri</em></strong></span> <span class='ocrx_word' id='word_1_48' title='bbox 777 865 956 926; x_wconf 84' lang='lat' dir='ltr'><strong><em>lintei</em></strong></span> <span class='ocrx_word' id='word_1_49' title='bbox 987 864 1418 942; x_wconf 80' lang='lat' dir='ltr'><strong><em>proferantur.</em></strong></span> <span class='ocrx_word' id='word_1_50' title='bbox 1491 867 1825 945; x_wconf 80' lang='lat' dir='ltr'><strong><em>interposui</em></strong></span> <span class='ocrx_word' id='word_1_51' title='bbox 1862 873 2058 928; x_wconf 90' lang='lat' dir='ltr'><strong><em>autem</em></strong></span> <span class='ocrx_word' id='word_1_52' title='bbox 2098 863 2275 946; x_wconf 82' lang='lat' dir='ltr'><strong><em>‘alii’,</em></strong></span> <span class='ocrx_word' id='word_1_53' title='bbox 2318 874 2387 927; x_wconf 92' lang='lat' dir='ltr'><strong><em>ut</em></strong></span> <span class='ocrx_word' id='word_1_54' title='bbox 2420 872 2595 928; x_wconf 88' lang='lat' dir='ltr'><strong><em>tenor</em></strong></span> 
     </span>
     <span class='ocr_line' id='line_1_7' title="bbox 281 949 2594 1045; baseline 0.002 -24"><span class='ocrx_word' id='word_1_55' title='bbox 281 963 719 1023; x_wconf 78' lang='lat' dir='ltr'><strong><em>sententiarum</em></strong></span> <span class='ocrx_word' id='word_1_56' title='bbox 765 949 1215 1044; x_wconf 79' lang='lat' dir='ltr'><strong><em>restitueretur3</em></strong></span> <span class='ocrx_word' id='word_1_57' title='bbox 1263 969 1444 1024; x_wconf 88' lang='lat' dir='ltr'><strong><em>totam</em></strong></span> <span class='ocrx_word' id='word_1_58' title='bbox 1493 965 1652 1024; x_wconf 91' lang='lat' dir='ltr'><strong><em>enim</em></strong></span> <span class='ocrx_word' id='word_1_59' title='bbox 1691 962 1995 1026; x_wconf 77' lang='lat' dir='ltr'><strong><em>Aureliani</em></strong></span> <span class='ocrx_word' id='word_1_60' title='bbox 2040 965 2386 1045; x_wconf 81' lang='lat' dir='ltr'><strong><em>scriptionis</em></strong></span> <span class='ocrx_word' id='word_1_61' title='bbox 2420 965 2594 1026; x_wconf 85' lang='lat' dir='ltr'><strong><em>here-</em></strong></span> 
     </span>
     <span class='ocr_line' id='line_1_8' title="bbox 283 1057 2591 1144; baseline 0.002 -24"><span class='ocrx_word' id='word_1_62' title='bbox 283 1057 530 1120; x_wconf 87' lang='lat' dir='ltr'><strong><em>ditatem</em></strong></span> <span class='ocrx_word' id='word_1_63' title='bbox 559 1059 726 1140; x_wconf 88' lang='lat' dir='ltr'><strong><em>leia</em></strong></span> <span class='ocrx_word' id='word_1_64' title='bbox 762 1059 1124 1123; x_wconf 81' lang='lat' dir='ltr'><strong><em>bibliotheca</em></strong></span> <span class='ocrx_word' id='word_1_65' title='bbox 1161 1068 1460 1123; x_wconf 84' lang='lat' dir='ltr'><strong><em>seruatam</em></strong></span> <span class='ocrx_word' id='word_1_66' title='bbox 1500 1079 1633 1123; x_wconf 88' lang='lat' dir='ltr'><strong><em>esse</em></strong></span> <span class='ocrx_word' id='word_1_67' title='bbox 1672 1081 1745 1123; x_wconf 85' lang='lat' dir='ltr'><strong><em>ex</em></strong></span> <span class='ocrx_word' id='word_1_68' title='bbox 1784 1063 1901 1124; x_wconf 83' lang='lat' dir='ltr'><strong><em>flue</em></strong></span> <span class='ocrx_word' id='word_1_69' title='bbox 1948 1065 2161 1144; x_wconf 84' lang='lat' dir='ltr'><strong><em>capitis</em></strong></span> <span class='ocrx_word' id='word_1_70' title='bbox 2205 1063 2591 1144; x_wconf 77' lang='lat' dir='ltr'><strong><em>intellegitur,</em></strong></span> 
     </span>
     <span class='ocr_line' id='line_1_9' title="bbox 283 1158 2594 1243; baseline 0.003 -25"><span class='ocrx_word' id='word_1_71' title='bbox 283 1175 402 1237; x_wconf 82' lang='lat' dir='ltr'><strong><em>quo</em></strong></span> <span class='ocrx_word' id='word_1_72' title='bbox 440 1158 732 1238; x_wconf 85' lang='lat' dir='ltr'><strong><em>Vopiscus</em></strong></span> <span class='ocrx_word' id='word_1_73' title='bbox 779 1158 896 1220; x_wconf 88' lang='lat' dir='ltr'><strong><em>duo</em></strong></span> <span class='ocrx_word' id='word_1_74' title='bbox 944 1177 1164 1239; x_wconf 79' lang='lat' dir='ltr'><strong><em>genera</em></strong></span> <span class='ocrx_word' id='word_1_75' title='bbox 1202 1159 1454 1221; x_wconf 82' lang='lat' dir='ltr'><strong><em>fontium</em></strong></span> <span class='ocrx_word' id='word_1_76' title='bbox 1497 1159 1829 1240; x_wconf 81' lang='lat' dir='ltr'><strong><em>distinguit,</em></strong></span> <span class='ocrx_word' id='word_1_77' title='bbox 1868 1160 2231 1224; x_wconf 85' lang='lat' dir='ltr'><strong><em>Graecorum</em></strong></span> <span class='ocrx_word' id='word_1_78' title='bbox 2265 1171 2594 1243; x_wconf 85' lang='lat' dir='ltr'><strong><em>auctorum,</em></strong></span> 
     </span>
     <span class='ocr_line' id='line_1_10' title="bbox 286 1254 2593 1338; baseline 0.002 -22"><span class='ocrx_word' id='word_1_79' title='bbox 286 1255 358 1316; x_wconf 89' lang='lat' dir='ltr'><strong><em>de</em></strong></span> <span class='ocrx_word' id='word_1_80' title='bbox 405 1255 628 1336; x_wconf 88' lang='lat' dir='ltr'><strong><em>quibus</em></strong></span> <span class='ocrx_word' id='word_1_81' title='bbox 674 1257 714 1334; x_wconf 64' lang='grc' dir='ltr'>ξ</span> <span class='ocrx_word' id='word_1_82' title='bbox 751 1254 798 1318; x_wconf 88' lang='lat'><strong>4</strong></span> <span class='ocrx_word' id='word_1_83' title='bbox 844 1257 1030 1319; x_wconf 86' lang='lat' dir='ltr'><strong><em>uerba</em></strong></span> <span class='ocrx_word' id='word_1_84' title='bbox 1077 1258 1320 1338; x_wconf 80' lang='lat' dir='ltr'><strong><em>fecerat,</em></strong></span> <span class='ocrx_word' id='word_1_85' title='bbox 1368 1266 1429 1319; x_wconf 91' lang='lat' dir='ltr'><strong><em>et</em></strong></span> <span class='ocrx_word' id='word_1_86' title='bbox 1471 1258 1793 1321; x_wconf 89' lang='lat' dir='ltr'><strong><em>linteorum</em></strong></span> <span class='ocrx_word' id='word_1_87' title='bbox 1838 1259 2129 1322; x_wconf 86' lang='lat' dir='ltr'><strong><em>librorum</em></strong></span> <span class='ocrx_word' id='word_1_88' title='bbox 2177 1260 2337 1322; x_wconf 90' lang='lat' dir='ltr'><strong><em>illius</em></strong></span> <span class='ocrx_word' id='word_1_89' title='bbox 2382 1260 2593 1322; x_wconf 87' lang='lat' dir='ltr'><strong><em>biblio·</em></strong></span> 
     </span>
     <span class='ocr_line' id='line_1_11' title="bbox 284 1354 2593 1439; baseline 0.002 -24"><span class='ocrx_word' id='word_1_90' title='bbox 284 1354 494 1416; x_wconf 84' lang='lat' dir='ltr'><strong><em>thecae</em></strong></span> <span class='ocrx_word' id='word_1_91' title='bbox 542 1358 697 1430; x_wconf 81' lang='lat' dir='ltr'><strong><em>(uid.</em></strong></span> <span class='ocrx_word' id='word_1_92' title='bbox 736 1358 857 1418; x_wconf 86' lang='lat' dir='ltr'><strong><em>Die</em></strong></span> <span class='ocrx_word' id='word_1_93' title='bbox 893 1358 1118 1434; x_wconf 81' lang='lat' dir='ltr'><strong><em>Script.</em></strong></span> <span class='ocrx_word' id='word_1_94' title='bbox 1154 1359 1212 1418; x_wconf 76' lang='lat' dir='ltr'><strong><em>h.</em></strong></span> <span class='ocrx_word' id='word_1_95' title='bbox 1252 1358 1324 1419; x_wconf 89' lang='grc' dir='ltr'><strong><em>Α.</em></strong></span> <span class='ocrx_word' id='word_1_96' title='bbox 1359 1375 1428 1435; x_wconf 81' lang='lat' dir='ltr'><strong><em>p.</em></strong></span> <span class='ocrx_word' id='word_1_97' title='bbox 1468 1357 1646 1432; x_wconf 83' lang='lat'><strong><em>165).</em></strong></span> <span class='ocrx_word' id='word_1_98' title='bbox 1720 1375 1916 1439; x_wconf 89' lang='lat' dir='ltr'><strong><em>neque</em></strong></span> <span class='ocrx_word' id='word_1_99' title='bbox 1969 1376 2117 1420; x_wconf 89' lang='lat' dir='ltr'><strong><em>uero</em></strong></span> <span class='ocrx_word' id='word_1_100' title='bbox 2169 1358 2409 1439; x_wconf 88' lang='lat' dir='ltr'><strong><em>publico</em></strong></span> <span class='ocrx_word' id='word_1_101' title='bbox 2455 1361 2593 1420; x_wconf 89' lang='lat' dir='ltr'><strong><em>usui</em></strong></span> 
     </span>
     <span class='ocr_line' id='line_1_12' title="bbox 287 1452 2593 1536; baseline 0.002 -22"><span class='ocrx_word' id='word_1_102' title='bbox 287 1452 704 1533; x_wconf 83' lang='lat' dir='ltr'><strong><em>ephemeridas</em></strong></span> <span class='ocrx_word' id='word_1_103' title='bbox 760 1453 970 1516; x_wconf 88' lang='lat' dir='ltr'><strong><em>Latine</em></strong></span> <span class='ocrx_word' id='word_1_104' title='bbox 1024 1456 1382 1536; x_wconf 83' lang='lat' dir='ltr'><strong><em>compositas</em></strong></span> <span class='ocrx_word' id='word_1_105' title='bbox 1438 1454 1857 1535; x_wconf 83' lang='lat' dir='ltr'><strong><em>destinauerat,</em></strong></span> <span class='ocrx_word' id='word_1_106' title='bbox 1911 1455 1972 1517; x_wconf 90' lang='lat' dir='ltr'><strong><em>id</em></strong></span> <span class='ocrx_word' id='word_1_107' title='bbox 2028 1456 2188 1536; x_wconf 89' lang='lat' dir='ltr'><strong><em>quod</em></strong></span> <span class='ocrx_word' id='word_1_108' title='bbox 2238 1465 2298 1519; x_wconf 89' lang='lat' dir='ltr'><strong><em>et</em></strong></span> <span class='ocrx_word' id='word_1_109' title='bbox 2342 1459 2593 1519; x_wconf 85' lang='lat' dir='ltr'><strong><em>materia</em></strong></span> 
     </span>
     <span class='ocr_line' id='line_1_13' title="bbox 287 1552 2591 1635; baseline 0.002 -23"><span class='ocrx_word' id='word_1_110' title='bbox 287 1559 348 1613; x_wconf 89' lang='lat' dir='ltr'><strong><em>et</em></strong></span> <span class='ocrx_word' id='word_1_111' title='bbox 381 1559 703 1633; x_wconf 71' lang='lat' dir='ltr'><strong><em>praecepto</em></strong></span> <span class='ocrx_word' id='word_1_112' title='bbox 741 1552 1045 1616; x_wconf 87' lang='lat' dir='ltr'><strong><em>scribendi</em></strong></span> <span class='ocrx_word' id='word_1_113' title='bbox 1081 1554 1454 1633; x_wconf 82' lang='lat' dir='ltr'><strong><em>significatur</em></strong></span> <span class='ocrx_word' id='word_1_114' title='bbox 1482 1555 1590 1632; x_wconf 83' lang='lat' dir='ltr'><strong><em>(cf.</em></strong></span> <span class='ocrx_word' id='word_1_115' title='bbox 1624 1574 1861 1616; x_wconf 65' lang='lat' dir='ltr'><strong><em>cmxxx</em></strong></span> <span class='ocrx_word' id='word_1_116' title='bbox 1872 1558 2030 1630; x_wconf 83' lang='grc' dir='ltr'><em>νιιιι)</em></span> <span class='ocrx_word' id='word_1_117' title='bbox 2068 1563 2245 1635; x_wconf 88' lang='lat' dir='ltr'><strong><em>atque</em></strong></span> <span class='ocrx_word' id='word_1_118' title='bbox 2292 1556 2471 1618; x_wconf 88' lang='lat' dir='ltr'><strong><em>etiam</em></strong></span> <span class='ocrx_word' id='word_1_119' title='bbox 2518 1554 2591 1617; x_wconf 90' lang='lat' dir='ltr'><strong><em>de</em></strong></span> 
     </span>
     <span class='ocr_line' id='line_1_14' title="bbox 287 1637 1342 1714; baseline 0.004 -4"><span class='ocrx_word' id='word_1_120' title='bbox 287 1645 519 1712; x_wconf 77' lang='lat' dir='ltr'><strong><em>‘bellis&#39;</em></strong></span> <span class='ocrx_word' id='word_1_121' title='bbox 562 1653 696 1712; x_wconf 84' lang='lat' dir='ltr'><strong><em>ueri</em></strong></span> <span class='ocrx_word' id='word_1_122' title='bbox 743 1651 941 1713; x_wconf 88' lang='lat' dir='ltr'><strong><em>simile</em></strong></span> <span class='ocrx_word' id='word_1_123' title='bbox 988 1659 1094 1714; x_wconf 86' lang='lat' dir='ltr'><strong><em>est.</em></strong></span> <span class='ocrx_word' id='word_1_124' title='bbox 1237 1639 1245 1643; x_wconf 37' lang='lat'>¹</span> <span class='ocrx_word' id='word_1_125' title='bbox 1314 1637 1342 1644; x_wconf 36' lang='lat'><strong><em>‘¹</em></strong></span> 
     </span>
    </p>
   </div>
   <div class='ocr_carea' id='block_1_3' title="bbox 285 1882 2592 1962">
    <p class='ocr_par' dir='ltr' id='par_1_3' title="bbox 285 1882 2592 1962">
     <span class='ocr_line' id='line_1_15' title="bbox 285 1882 2592 1962; baseline 0.003 -6"><span class='ocrx_word' id='word_1_126' title='bbox 285 1882 853 1958; x_wconf 83' lang='lat' dir='ltr'><strong>IMPERATOR</strong></span> <span class='ocrx_word' id='word_1_127' title='bbox 899 1883 1300 1960; x_wconf 85' lang='lat' dir='ltr'><strong>FLAVIVS</strong></span> <span class='ocrx_word' id='word_1_128' title='bbox 1350 1883 1807 1960; x_wconf 84' lang='lat' dir='ltr'><strong>VALERIVS</strong></span> <span class='ocrx_word' id='word_1_129' title='bbox 1856 1885 2592 1962; x_wconf 81' lang='lat' dir='ltr'><strong>CONSTANTINVS</strong></span> 
     </span>
    </p>
   </div>
   <div class='ocr_carea' id='block_1_4' title="bbox 691 2021 2192 2093">
    <p class='ocr_par' dir='ltr' id='par_1_4' title="bbox 691 2021 2192 2093">
     <span class='ocr_line' id='line_1_16' title="bbox 691 2021 2192 2093; baseline 0.002 -18"><span class='ocrx_word' id='word_1_130' title='bbox 691 2023 880 2090; x_wconf 70' lang='lat' dir='ltr'><strong><em>(natus</em></strong></span> <span class='ocrx_word' id='word_1_131' title='bbox 917 2021 1079 2077; x_wconf 80' lang='lat' dir='ltr'><strong><em>breui</em></strong></span> <span class='ocrx_word' id='word_1_132' title='bbox 1116 2023 1248 2092; x_wconf 75' lang='lat' dir='ltr'><strong><em>post</em></strong></span> <span class='ocrx_word' id='word_1_133' title='bbox 1283 2037 1334 2077; x_wconf 74' lang='lat' dir='ltr'><strong><em>a..</em></strong></span> <span class='ocrx_word' id='word_1_134' title='bbox 1364 2027 1486 2090; x_wconf 77' lang='lat'><strong><em>280,</em></strong></span> <span class='ocrx_word' id='word_1_135' title='bbox 1524 2022 1833 2093; x_wconf 73' lang='lat' dir='ltr'><strong><em>imperator</em></strong></span> <span class='ocrx_word' id='word_1_136' title='bbox 1869 2028 2039 2078; x_wconf 78' lang='grc'><strong>306-</strong></span> <span class='ocrx_word' id='word_1_137' title='bbox 2047 2025 2192 2093; x_wconf 77' lang='grc'>337.)</span> 
     </span>
    </p>
   </div>
   <div class='ocr_carea' id='block_1_5' title="bbox 286 2152 2592 3317">
    <p class='ocr_par' dir='ltr' id='par_1_5' title="bbox 286 2152 2592 3317">
     <span class='ocr_line' id='line_1_17' title="bbox 465 2152 2591 2235; baseline 0.003 -22"><span class='ocrx_word' id='word_1_138' title='bbox 465 2152 718 2215; x_wconf 89' lang='lat' dir='ltr'><strong><em>Ioannes</em></strong></span> <span class='ocrx_word' id='word_1_139' title='bbox 757 2152 955 2233; x_wconf 81' lang='lat' dir='ltr'><strong><em>Lydus</em></strong></span> <span class='ocrx_word' id='word_1_140' title='bbox 990 2155 1052 2216; x_wconf 91' lang='lat' dir='ltr'><strong><em>in</em></strong></span> <span class='ocrx_word' id='word_1_141' title='bbox 1091 2153 1264 2216; x_wconf 88' lang='lat' dir='ltr'><strong><em>libris</em></strong></span> <span class='ocrx_word' id='word_1_142' title='bbox 1301 2153 1376 2216; x_wconf 91' lang='lat' dir='ltr'><strong><em>de</em></strong></span> <span class='ocrx_word' id='word_1_143' title='bbox 1411 2155 1857 2235; x_wconf 83' lang='lat' dir='ltr'><strong><em>magistratibus</em></strong></span> <span class='ocrx_word' id='word_1_144' title='bbox 1896 2155 2127 2217; x_wconf 89' lang='lat' dir='ltr'><strong><em>duobus</em></strong></span> <span class='ocrx_word' id='word_1_145' title='bbox 2167 2155 2316 2220; x_wconf 89' lang='lat' dir='ltr'><strong><em>locis</em></strong></span> <span class='ocrx_word' id='word_1_146' title='bbox 2360 2175 2472 2219; x_wconf 89' lang='lat' dir='ltr'><strong><em>nos</em></strong></span> <span class='ocrx_word' id='word_1_147' title='bbox 2519 2157 2591 2219; x_wconf 91' lang='lat' dir='ltr'><strong><em>ad</em></strong></span> 
     </span>
     <span class='ocr_line' id='line_1_18' title="bbox 289 2251 2591 2337; baseline 0.003 -27"><span class='ocrx_word' id='word_1_148' title='bbox 289 2268 425 2312; x_wconf 90' lang='lat' dir='ltr'><strong><em>eum</em></strong></span> <span class='ocrx_word' id='word_1_149' title='bbox 455 2258 719 2331; x_wconf 83' lang='lat' dir='ltr'><strong><em>reuocat,</em></strong></span> <span class='ocrx_word' id='word_1_150' title='bbox 746 2255 964 2332; x_wconf 87' lang='lat' dir='ltr'><strong><em>priore,</em></strong></span> <span class='ocrx_word' id='word_1_151' title='bbox 993 2271 1110 2333; x_wconf 89' lang='lat' dir='ltr'><strong><em>quo</em></strong></span> <span class='ocrx_word' id='word_1_152' title='bbox 1151 2251 1224 2314; x_wconf 89' lang='lat' dir='ltr'><strong><em>de</em></strong></span> <span class='ocrx_word' id='word_1_153' title='bbox 1261 2254 1502 2314; x_wconf 91' lang='lat' dir='ltr'><strong><em>nomine</em></strong></span> <span class='ocrx_word' id='word_1_154' title='bbox 1533 2251 2075 2335; x_wconf 86' lang='lat' dir='ltr'><strong><em>Constantinopolis</em></strong></span> <span class='ocrx_word' id='word_1_155' title='bbox 2112 2257 2232 2335; x_wconf 86' lang='lat' dir='ltr'><strong><em>agit</em></strong></span> <span class='ocrx_word' id='word_1_156' title='bbox 2260 2256 2370 2334; x_wconf 80' lang='lat' dir='ltr'><strong><em>(fr.</em></strong></span> <span class='ocrx_word' id='word_1_157' title='bbox 2398 2256 2490 2337; x_wconf 87' lang='lat'><strong><em>1),</em></strong></span> <span class='ocrx_word' id='word_1_158' title='bbox 2518 2255 2591 2318; x_wconf 87' lang='lat' dir='ltr'><strong><em>ad</em></strong></span> 
     </span>
     <span class='ocr_line' id='line_1_19' title="bbox 289 2344 2592 2435; baseline 0.003 -25"><span class='ocrx_word' id='word_1_159' title='bbox 289 2349 418 2410; x_wconf 84' lang='lat' dir='ltr'><strong><em>eius</em></strong></span> <span class='ocrx_word' id='word_1_160' title='bbox 437 2344 808 2430; x_wconf 76' lang='grc' dir='ltr'><strong><em>Διαλέξεις,</em></strong></span> <span class='ocrx_word' id='word_1_161' title='bbox 837 2346 914 2424; x_wconf 76' lang='grc' dir='ltr'><strong><em>ἃς</em></strong></span> <span class='ocrx_word' id='word_1_162' title='bbox 941 2347 1142 2424; x_wconf 79' lang='grc' dir='ltr'><strong>αὐτὸς</strong></span> <span class='ocrx_word' id='word_1_163' title='bbox 1171 2348 1382 2435; x_wconf 78' lang='grc' dir='ltr'><strong><em>οἰκείᾳ</em></strong></span> <span class='ocrx_word' id='word_1_164' title='bbox 1411 2357 1602 2434; x_wconf 79' lang='grc' dir='ltr'><em>φωνῇ</em></span> <span class='ocrx_word' id='word_1_165' title='bbox 1634 2348 1894 2434; x_wconf 77' lang='grc' dir='ltr'><em>γράψας</em></span> <span class='ocrx_word' id='word_1_166' title='bbox 1920 2347 2379 2434; x_wconf 76' lang='grc' dir='ltr'><strong><em>ἀπολέλοιπεν,</em></strong></span> <span class='ocrx_word' id='word_1_167' title='bbox 2406 2354 2592 2416; x_wconf 89' lang='lat' dir='ltr'><strong><em>altero</em></strong></span> 
     </span>
     <span class='ocr_line' id='line_1_20' title="bbox 288 2446 2592 2548; baseline 0.002 -39"><span class='ocrx_word' id='word_1_168' title='bbox 288 2447 394 2524; x_wconf 83' lang='lat' dir='ltr'><strong><em>(fr.</em></strong></span> <span class='ocrx_word' id='word_1_169' title='bbox 426 2448 497 2522; x_wconf 85' lang='lat'><strong><em>2)</em></strong></span> <span class='ocrx_word' id='word_1_170' title='bbox 547 2447 623 2509; x_wconf 88' lang='lat' dir='ltr'><strong><em>ad</em></strong></span> <span class='ocrx_word' id='word_1_171' title='bbox 668 2449 802 2510; x_wconf 90' lang='lat' dir='ltr'><strong><em>eius</em></strong></span> <span class='ocrx_word' id='word_1_172' title='bbox 849 2446 1396 2548; x_wconf 58' lang='lat' dir='ltr'><strong><em>‘avyypoiuna‘ga2</em></strong></span> <span class='ocrx_word' id='word_1_173' title='bbox 1443 2468 1559 2531; x_wconf 89' lang='lat' dir='ltr'><strong><em>quo</em></strong></span> <span class='ocrx_word' id='word_1_174' title='bbox 1619 2450 1693 2511; x_wconf 87' lang='lat' dir='ltr'><strong><em>de</em></strong></span> <span class='ocrx_word' id='word_1_175' title='bbox 1740 2451 1989 2513; x_wconf 90' lang='lat' dir='ltr'><strong><em>consilio</em></strong></span> <span class='ocrx_word' id='word_1_176' title='bbox 2036 2451 2178 2514; x_wconf 91' lang='lat' dir='ltr'><strong><em>belli</em></strong></span> <span class='ocrx_word' id='word_1_177' title='bbox 2220 2451 2455 2539; x_wconf 78' lang='lat' dir='ltr'><strong><em>Parthis</em></strong></span> <span class='ocrx_word' id='word_1_178' title='bbox 2501 2455 2592 2514; x_wconf 92' lang='lat' dir='ltr'><strong><em>in-</em></strong></span> 
     </span>
     <span class='ocr_line' id='line_1_21' title="bbox 288 2544 2589 2634; baseline 0.003 -28"><span class='ocrx_word' id='word_1_179' title='bbox 288 2544 538 2607; x_wconf 81' lang='lat' dir='ltr'><strong><em>ferendi.</em></strong></span> <span class='ocrx_word' id='word_1_180' title='bbox 602 2549 912 2626; x_wconf 86' lang='lat' dir='ltr'><strong><em>pertinent</em></strong></span> <span class='ocrx_word' id='word_1_181' title='bbox 957 2549 1142 2627; x_wconf 74' lang='lat' dir='ltr'><strong><em>igitur</em></strong></span> <span class='ocrx_word' id='word_1_182' title='bbox 1177 2547 1252 2609; x_wconf 85' lang='lat' dir='ltr'><strong><em>ad</em></strong></span> <span class='ocrx_word' id='word_1_183' title='bbox 1287 2546 1562 2611; x_wconf 88' lang='lat' dir='ltr'><strong><em>ultimum</em></strong></span> <span class='ocrx_word' id='word_1_184' title='bbox 1601 2548 1976 2611; x_wconf 88' lang='lat' dir='ltr'><strong><em>Constantini</em></strong></span> <span class='ocrx_word' id='word_1_185' title='bbox 2012 2552 2347 2630; x_wconf 90' lang='lat' dir='ltr'><strong><em>imperium.</em></strong></span> <span class='ocrx_word' id='word_1_186' title='bbox 2412 2567 2589 2634; x_wconf 81' lang='lat' dir='ltr'><strong><em>quem</em></strong></span> 
     </span>
     <span class='ocr_line' id='line_1_22' title="bbox 287 2645 2591 2726; baseline 0.002 -20"><span class='ocrx_word' id='word_1_187' title='bbox 287 2651 486 2706; x_wconf 83' lang='lat' dir='ltr'><strong><em>tamen</em></strong></span> <span class='ocrx_word' id='word_1_188' title='bbox 544 2663 662 2707; x_wconf 91' lang='lat' dir='ltr'><strong><em>non</em></strong></span> <span class='ocrx_word' id='word_1_189' title='bbox 689 2711 696 2716; x_wconf 67' lang='grc'><strong>,</strong></span> <span class='ocrx_word' id='word_1_190' title='bbox 720 2647 849 2726; x_wconf 85' lang='lat' dir='ltr'><strong><em>ipsa</em></strong></span> <span class='ocrx_word' id='word_1_191' title='bbox 894 2645 1201 2707; x_wconf 88' lang='lat' dir='ltr'><strong><em>uoluntate</em></strong></span> <span class='ocrx_word' id='word_1_192' title='bbox 1248 2645 1320 2708; x_wconf 89' lang='lat' dir='ltr'><strong><em>ad</em></strong></span> <span class='ocrx_word' id='word_1_193' title='bbox 1367 2645 1750 2708; x_wconf 86' lang='lat' dir='ltr'><strong><em>scribendum</em></strong></span> <span class='ocrx_word' id='word_1_194' title='bbox 1803 2647 2115 2710; x_wconf 89' lang='lat' dir='ltr'><strong><em>inductum</em></strong></span> <span class='ocrx_word' id='word_1_195' title='bbox 2161 2662 2292 2710; x_wconf 87' lang='lat' dir='ltr'><strong><em>esse</em></strong></span> <span class='ocrx_word' id='word_1_196' title='bbox 2340 2667 2412 2712; x_wconf 85' lang='lat' dir='ltr'><strong><em>ex</em></strong></span> <span class='ocrx_word' id='word_1_197' title='bbox 2459 2652 2591 2711; x_wconf 90' lang='lat' dir='ltr'><strong><em>eius</em></strong></span> 
     </span>
     <span class='ocr_line' id='line_1_23' title="bbox 287 2741 2591 2828; baseline 0.003 -26"><span class='ocrx_word' id='word_1_198' title='bbox 287 2741 484 2803; x_wconf 89' lang='lat' dir='ltr'><strong><em>indole</em></strong></span> <span class='ocrx_word' id='word_1_199' title='bbox 538 2761 652 2823; x_wconf 89' lang='lat' dir='ltr'><strong><em>per</em></strong></span> <span class='ocrx_word' id='word_1_200' title='bbox 706 2762 771 2804; x_wconf 89' lang='lat' dir='ltr'><strong><em>se</em></strong></span> <span class='ocrx_word' id='word_1_201' title='bbox 826 2751 1074 2825; x_wconf 85' lang='lat' dir='ltr'><strong><em>apparet</em></strong></span> <span class='ocrx_word' id='word_1_202' title='bbox 1120 2747 1366 2819; x_wconf 76' lang='lat' dir='ltr'><strong><em>(Gesch.</em></strong></span> <span class='ocrx_word' id='word_1_203' title='bbox 1407 2745 1548 2808; x_wconf 88' lang='lat' dir='ltr'><strong><em>Litt.</em></strong></span> <span class='ocrx_word' id='word_1_204' title='bbox 1589 2746 1631 2807; x_wconf 93' lang='lat' dir='ltr'><strong><em>I</em></strong></span> <span class='ocrx_word' id='word_1_205' title='bbox 1670 2746 1759 2806; x_wconf 84' lang='lat'><strong><em>96</em></strong></span> <span class='ocrx_word' id='word_1_206' title='bbox 1782 2749 1966 2828; x_wconf 82' lang='lat' dir='ltr'><strong><em>sqq.);</em></strong></span> <span class='ocrx_word' id='word_1_207' title='bbox 2032 2745 2137 2807; x_wconf 90' lang='lat' dir='ltr'><strong><em>sed</em></strong></span> <span class='ocrx_word' id='word_1_208' title='bbox 2202 2765 2353 2827; x_wconf 86' lang='lat' dir='ltr'><strong><em>quae</em></strong></span> <span class='ocrx_word' id='word_1_209' title='bbox 2414 2767 2591 2810; x_wconf 85' lang='lat' dir='ltr'><strong><em>causa</em></strong></span> 
     </span>
     <span class='ocr_line' id='line_1_24' title="bbox 287 2840 2592 2926; baseline 0.002 -23"><span class='ocrx_word' id='word_1_210' title='bbox 287 2841 470 2903; x_wconf 76' lang='lat' dir='ltr'><strong><em>fuerit</em></strong></span> <span class='ocrx_word' id='word_1_211' title='bbox 525 2840 894 2923; x_wconf 84' lang='lat' dir='ltr'><strong><em>dubitamus,</em></strong></span> <span class='ocrx_word' id='word_1_212' title='bbox 951 2861 1087 2904; x_wconf 91' lang='lat' dir='ltr'><strong><em>nam</em></strong></span> <span class='ocrx_word' id='word_1_213' title='bbox 1145 2861 1220 2904; x_wconf 89' lang='lat' dir='ltr'><strong><em>ne</em></strong></span> <span class='ocrx_word' id='word_1_214' title='bbox 1277 2842 1350 2905; x_wconf 94' lang='lat' dir='ltr'><strong><em>de</em></strong></span> <span class='ocrx_word' id='word_1_215' title='bbox 1397 2846 1765 2924; x_wconf 84' lang='lat' dir='ltr'><strong><em>argumentis</em></strong></span> <span class='ocrx_word' id='word_1_216' title='bbox 1812 2843 2053 2924; x_wconf 87' lang='lat' dir='ltr'><strong><em>quidem</em></strong></span> <span class='ocrx_word' id='word_1_217' title='bbox 2098 2845 2592 2926; x_wconf 87' lang='lat' dir='ltr'><strong><em>inscriptionibus</em></strong></span> 
     </span>
     <span class='ocr_line' id='line_1_25' title="bbox 286 2940 2592 3026; baseline 0.002 -26"><span class='ocrx_word' id='word_1_218' title='bbox 286 2947 450 3001; x_wconf 85' lang='lat' dir='ltr'><strong><em>certo</em></strong></span> <span class='ocrx_word' id='word_1_219' title='bbox 519 2940 830 3020; x_wconf 85' lang='lat' dir='ltr'><strong><em>docemur,</em></strong></span> <span class='ocrx_word' id='word_1_220' title='bbox 896 2960 1149 3021; x_wconf 86' lang='lat' dir='ltr'><strong><em>quarum</em></strong></span> <span class='ocrx_word' id='word_1_221' title='bbox 1203 2941 1304 3022; x_wconf 83' lang='lat' dir='ltr'><strong><em>illa</em></strong></span> <span class='ocrx_word' id='word_1_222' title='bbox 1359 2961 1569 3024; x_wconf 87' lang='lat' dir='ltr'><strong><em>parum</em></strong></span> <span class='ocrx_word' id='word_1_223' title='bbox 1626 2950 1901 3005; x_wconf 85' lang='lat' dir='ltr'><strong><em>accurate</em></strong></span> <span class='ocrx_word' id='word_1_224' title='bbox 1956 2961 2089 3005; x_wconf 88' lang='lat' dir='ltr'><strong><em>esse</em></strong></span> <span class='ocrx_word' id='word_1_225' title='bbox 2145 2942 2300 3025; x_wconf 88' lang='lat' dir='ltr'><strong><em>dicta</em></strong></span> <span class='ocrx_word' id='word_1_226' title='bbox 2348 2943 2592 3026; x_wconf 87' lang='lat' dir='ltr'><strong><em>uidetur</em></strong></span> 
     </span>
     <span class='ocr_line' id='line_1_26' title="bbox 286 3039 2589 3123; baseline 0.002 -24"><span class='ocrx_word' id='word_1_227' title='bbox 286 3072 370 3081; x_wconf 95' lang='lat'>—</span> <span class='ocrx_word' id='word_1_228' title='bbox 410 3041 548 3120; x_wconf 88' lang='lat' dir='ltr'><strong><em>quis</em></strong></span> <span class='ocrx_word' id='word_1_229' title='bbox 595 3041 755 3100; x_wconf 88' lang='lat' dir='ltr'><strong><em>enim</em></strong></span> <span class='ocrx_word' id='word_1_230' title='bbox 804 3057 944 3101; x_wconf 90' lang='lat' dir='ltr'><strong><em>eum</em></strong></span> <span class='ocrx_word' id='word_1_231' title='bbox 989 3059 1095 3103; x_wconf 90' lang='lat' dir='ltr'><strong><em>sua</em></strong></span> <span class='ocrx_word' id='word_1_232' title='bbox 1143 3039 1433 3121; x_wconf 84' lang='lat' dir='ltr'><strong><em>colloquia</em></strong></span> <span class='ocrx_word' id='word_1_233' title='bbox 1477 3043 1739 3122; x_wconf 78' lang='lat' dir='ltr'><strong><em>posteris</em></strong></span> <span class='ocrx_word' id='word_1_234' title='bbox 1775 3040 2094 3123; x_wconf 83' lang='lat' dir='ltr'><strong><em>tradidisse</em></strong></span> <span class='ocrx_word' id='word_1_235' title='bbox 2130 3040 2475 3123; x_wconf 81' lang='lat' dir='ltr'><strong><em>putauerit?</em></strong></span> <span class='ocrx_word' id='word_1_236' title='bbox 2506 3077 2589 3086; x_wconf 83' lang='lat'><strong><em>--</em></strong></span> 
     </span>
     <span class='ocr_line' id='line_1_27' title="bbox 287 3137 2592 3221; baseline 0.002 -23"><span class='ocrx_word' id='word_1_237' title='bbox 287 3137 434 3198; x_wconf 84' lang='lat' dir='ltr'><strong><em>haec</em></strong></span> <span class='ocrx_word' id='word_1_238' title='bbox 487 3155 702 3217; x_wconf 86' lang='lat' dir='ltr'><strong><em>parum</em></strong></span> <span class='ocrx_word' id='word_1_239' title='bbox 755 3140 1026 3221; x_wconf 84' lang='lat' dir='ltr'><strong><em>proprie3</em></strong></span> <span class='ocrx_word' id='word_1_240' title='bbox 1083 3140 1284 3219; x_wconf 88' lang='lat' dir='ltr'><strong><em>itaque</em></strong></span> <span class='ocrx_word' id='word_1_241' title='bbox 1336 3141 1675 3218; x_wconf 85' lang='lat' dir='ltr'><strong><em>proximum</em></strong></span> <span class='ocrx_word' id='word_1_242' title='bbox 1723 3139 1837 3200; x_wconf 82' lang='lat' dir='ltr'><strong><em>fuit</em></strong></span> <span class='ocrx_word' id='word_1_243' title='bbox 1884 3139 1956 3201; x_wconf 90' lang='lat' dir='ltr'><strong><em>de</em></strong></span> <span class='ocrx_word' id='word_1_244' title='bbox 2004 3142 2447 3202; x_wconf 89' lang='lat' dir='ltr'><strong><em>commentariis</em></strong></span> <span class='ocrx_word' id='word_1_245' title='bbox 2494 3140 2592 3202; x_wconf 91' lang='lat' dir='ltr'><strong><em>uel</em></strong></span> 
     </span>
     <span class='ocr_line' id='line_1_28' title="bbox 287 3234 1984 3317; baseline 0.003 -22"><span class='ocrx_word' id='word_1_246' title='bbox 287 3234 776 3315; x_wconf 86' lang='lat' dir='ltr'><strong><em>ephemeridibus</em></strong></span> <span class='ocrx_word' id='word_1_247' title='bbox 823 3238 1201 3317; x_wconf 87' lang='lat' dir='ltr'><strong><em>imperatoris</em></strong></span> <span class='ocrx_word' id='word_1_248' title='bbox 1248 3239 1446 3298; x_wconf 90' lang='lat' dir='ltr'><strong><em>minus</em></strong></span> <span class='ocrx_word' id='word_1_249' title='bbox 1494 3235 1653 3299; x_wconf 86' lang='lat' dir='ltr'><strong><em>docti</em></strong></span> <span class='ocrx_word' id='word_1_250' title='bbox 1708 3240 1984 3317; x_wconf 85' lang='lat' dir='ltr'><strong><em>cogitare.</em></strong></span> 
     </span>
    </p>
   </div>
   <div class='ocr_carea' id='block_1_6' title="bbox 1351 3399 1587 3404">
    <p class='ocr_par' dir='ltr' id='par_1_6' title="bbox 1351 3399 1587 3404">
     <span class='ocr_line' id='line_1_29' title="bbox 1351 3399 1587 3404; baseline 0 0"><span class='ocrx_word' id='word_1_251' title='bbox 1351 3399 1587 3404; x_wconf 95' lang='lat' dir='ltr'><strong><em> </em></strong></span> 
     </span>
    </p>
   </div>
   <div class='ocr_carea' id='block_1_7' title="bbox 1007 3509 1874 3615">
    <p class='ocr_par' dir='ltr' id='par_1_7' title="bbox 1007 3509 1874 3615">
     <span class='ocr_line' id='line_1_30' title="bbox 1007 3509 1874 3615; baseline 0.002 -2"><span class='ocrx_word' id='word_1_252' title='bbox 1007 3539 1355 3615; x_wconf 81' lang='lat' dir='ltr'><strong>TATIVS</strong></span> <span class='ocrx_word' id='word_1_253' title='bbox 1401 3509 1874 3615; x_wconf 67' lang='lat' dir='ltr'>&#39;CYRILLVS</span> 
     </span>
    </p>
   </div>
   <div class='ocr_carea' id='block_1_8' title="bbox 285 3699 2591 4373">
    <p class='ocr_par' dir='ltr' id='par_1_8' title="bbox 285 3699 2591 4373">
     <span class='ocr_line' id='line_1_31' title="bbox 465 3699 2587 3784; baseline 0.002 -22"><span class='ocrx_word' id='word_1_254' title='bbox 465 3699 676 3762; x_wconf 88' lang='lat' dir='ltr'><strong><em>Simile</em></strong></span> <span class='ocrx_word' id='word_1_255' title='bbox 722 3703 775 3762; x_wconf 90' lang='lat' dir='ltr'><strong><em>is</em></strong></span> <span class='ocrx_word' id='word_1_256' title='bbox 821 3700 1140 3763; x_wconf 88' lang='lat' dir='ltr'><strong><em>consilium</em></strong></span> <span class='ocrx_word' id='word_1_257' title='bbox 1187 3709 1363 3783; x_wconf 86' lang='lat' dir='ltr'><strong><em>atque</em></strong></span> <span class='ocrx_word' id='word_1_258' title='bbox 1410 3701 1777 3782; x_wconf 86' lang='lat' dir='ltr'><strong><em>Capitolinus</em></strong></span> <span class='ocrx_word' id='word_1_259' title='bbox 1785 3749 1804 3782; x_wconf 94' lang='lat'><strong><em>,</em></strong></span> <span class='ocrx_word' id='word_1_260' title='bbox 1859 3721 1996 3764; x_wconf 87' lang='lat' dir='ltr'><strong><em>cum</em></strong></span> <span class='ocrx_word' id='word_1_261' title='bbox 2043 3702 2117 3764; x_wconf 88' lang='lat' dir='ltr'><strong><em>ad</em></strong></span> <span class='ocrx_word' id='word_1_262' title='bbox 2162 3705 2587 3784; x_wconf 85' lang='lat' dir='ltr'><strong><em>imperatorum</em></strong></span> 
     </span>
     <span class='ocr_line' id='line_1_32' title="bbox 285 3798 2588 3880; baseline 0.002 -20"><span class='ocrx_word' id='word_1_263' title='bbox 285 3801 440 3861; x_wconf 88' lang='lat' dir='ltr'><strong><em>uitas</em></strong></span> <span class='ocrx_word' id='word_1_264' title='bbox 515 3798 958 3880; x_wconf 88' lang='lat' dir='ltr'><strong><em>componendas</em></strong></span> <span class='ocrx_word' id='word_1_265' title='bbox 1031 3799 1283 3880; x_wconf 86' lang='lat' dir='ltr'><strong><em>rediret,</em></strong></span> <span class='ocrx_word' id='word_1_266' title='bbox 1357 3799 1430 3861; x_wconf 88' lang='lat' dir='ltr'><strong><em>ab</em></strong></span> <span class='ocrx_word' id='word_1_267' title='bbox 1502 3803 1861 3880; x_wconf 79' lang='lat' dir='ltr'><strong><em>imperatore</em></strong></span> <span class='ocrx_word' id='word_1_268' title='bbox 1930 3800 2315 3863; x_wconf 87' lang='lat' dir='ltr'><strong><em>Constantino</em></strong></span> <span class='ocrx_word' id='word_1_269' title='bbox 2385 3803 2588 3865; x_wconf 88' lang='lat' dir='ltr'><strong><em>iussus</em></strong></span> 
     </span>
     <span class='ocr_line' id='line_1_33' title="bbox 287 3895 2591 3978; baseline 0.002 -20"><span class='ocrx_word' id='word_1_270' title='bbox 287 3905 546 3978; x_wconf 85' lang='lat' dir='ltr'><strong><em>ceperat,</em></strong></span> <span class='ocrx_word' id='word_1_271' title='bbox 583 3915 721 3960; x_wconf 89' lang='lat' dir='ltr'><strong><em>cum</em></strong></span> <span class='ocrx_word' id='word_1_272' title='bbox 759 3905 828 3959; x_wconf 87' lang='lat' dir='ltr'><strong><em>ut</em></strong></span> <span class='ocrx_word' id='word_1_273' title='bbox 863 3897 964 3958; x_wconf 90' lang='lat' dir='ltr'><strong><em>ille</em></strong></span> <span class='ocrx_word' id='word_1_274' title='bbox 1000 3897 1424 3977; x_wconf 85' lang='lat' dir='ltr'><strong><em>Herodianum,</em></strong></span> <span class='ocrx_word' id='word_1_275' title='bbox 1463 3899 1552 3960; x_wconf 81' lang='lat' dir='ltr'><strong><em>sic</em></strong></span> <span class='ocrx_word' id='word_1_276' title='bbox 1589 3895 1863 3960; x_wconf 81' lang='lat' dir='ltr'><strong><em>‘Graeca&#39;</em></strong></span> <span class='ocrx_word' id='word_1_277' title='bbox 1900 3901 1963 3960; x_wconf 93' lang='lat' dir='ltr'><strong><em>in</em></strong></span> <span class='ocrx_word' id='word_1_278' title='bbox 2002 3898 2277 3961; x_wconf 88' lang='lat' dir='ltr'><strong><em>Latinum</em></strong></span> <span class='ocrx_word' id='word_1_279' title='bbox 2298 3921 2301 3924; x_wconf 50' lang='lat'><strong>⁴</strong></span> <span class='ocrx_word' id='word_1_280' title='bbox 2321 3907 2591 3962; x_wconf 85' lang='lat' dir='ltr'><strong><em>uerteret</em></strong></span> 
     </span>
     <span class='ocr_line' id='line_1_34' title="bbox 289 3995 2587 4077; baseline 0.002 -21"><span class='ocrx_word' id='word_1_281' title='bbox 289 4003 348 4056; x_wconf 88' lang='lat' dir='ltr'><strong><em>et</em></strong></span> <span class='ocrx_word' id='word_1_282' title='bbox 397 3995 743 4076; x_wconf 88' lang='lat' dir='ltr'><strong><em>complures</em></strong></span> <span class='ocrx_word' id='word_1_283' title='bbox 799 3999 1207 4077; x_wconf 73' lang='lat' dir='ltr'><strong><em>imperatores²</em></strong></span> <span class='ocrx_word' id='word_1_284' title='bbox 1264 3999 1316 4058; x_wconf 89' lang='lat' dir='ltr'><strong><em>si</em></strong></span> <span class='ocrx_word' id='word_1_285' title='bbox 1372 3999 1619 4059; x_wconf 85' lang='lat' dir='ltr'><strong><em>materia</em></strong></span> <span class='ocrx_word' id='word_1_286' title='bbox 1675 4000 2073 4077; x_wconf 86' lang='lat' dir='ltr'><strong><em>permitteret,</em></strong></span> <span class='ocrx_word' id='word_1_287' title='bbox 2120 3996 2371 4077; x_wconf 84' lang='lat' dir='ltr'><strong><em>siugulis</em></strong></span> <span class='ocrx_word' id='word_1_288' title='bbox 2415 3997 2587 4061; x_wconf 85' lang='lat' dir='ltr'><strong><em>libris</em></strong></span> 
     </span>
     <span class='ocr_line' id='line_1_35' title="bbox 289 4094 2585 4177; baseline 0.001 -21"><span class='ocrx_word' id='word_1_289' title='bbox 289 4097 694 4175; x_wconf 80' lang='lat' dir='ltr'><strong><em>coniungeret.</em></strong></span> <span class='ocrx_word' id='word_1_290' title='bbox 787 4097 1046 4175; x_wconf 88' lang='lat' dir='ltr'><strong><em>scriptor</em></strong></span> <span class='ocrx_word' id='word_1_291' title='bbox 1106 4096 1294 4175; x_wconf 77' lang='lat' dir='ltr'><strong><em>igitur</em></strong></span> <span class='ocrx_word' id='word_1_292' title='bbox 1356 4096 1467 4158; x_wconf 80' lang='lat' dir='ltr'><strong><em>suit</em></strong></span> <span class='ocrx_word' id='word_1_293' title='bbox 1530 4094 1785 4176; x_wconf 85' lang='lat' dir='ltr'><strong><em>aulicus,</em></strong></span> <span class='ocrx_word' id='word_1_294' title='bbox 1850 4094 2099 4156; x_wconf 81' lang='lat' dir='ltr'><strong><em>fortasse</em></strong></span> <span class='ocrx_word' id='word_1_295' title='bbox 2162 4094 2323 4157; x_wconf 90' lang='lat' dir='ltr'><strong><em>idem</em></strong></span> <span class='ocrx_word' id='word_1_296' title='bbox 2384 4099 2490 4177; x_wconf 88' lang='lat' dir='ltr'><strong><em>qui</em></strong></span> <span class='ocrx_word' id='word_1_297' title='bbox 2554 4117 2585 4158; x_wconf 89' lang='lat' dir='ltr'><strong><em>a</em></strong></span> 
     </span>
     <span class='ocr_line' id='line_1_36' title="bbox 288 4191 2586 4274; baseline 0.003 -24"><span class='ocrx_word' id='word_1_298' title='bbox 288 4191 534 4274; x_wconf 82' lang='lat' dir='ltr'><strong><em>vopisco</em></strong></span> <span class='ocrx_word' id='word_1_299' title='bbox 581 4192 803 4255; x_wconf 84' lang='lat' dir='ltr'><strong><em>Fabius</em></strong></span> <span class='ocrx_word' id='word_1_300' title='bbox 849 4191 1216 4274; x_wconf 76' lang='lat' dir='ltr'><strong><em>Ceryllianus</em></strong></span> <span class='ocrx_word' id='word_1_301' title='bbox 1265 4195 1620 4255; x_wconf 82' lang='lat' dir='ltr'><strong><em>nominatur.</em></strong></span> <span class='ocrx_word' id='word_1_302' title='bbox 1695 4192 1884 4255; x_wconf 90' lang='lat' dir='ltr'><strong><em>solum</em></strong></span> <span class='ocrx_word' id='word_1_303' title='bbox 1938 4195 2348 4256; x_wconf 84' lang='lat' dir='ltr'><strong><em>testimouium</em></strong></span> <span class='ocrx_word' id='word_1_304' title='bbox 2396 4194 2467 4257; x_wconf 88' lang='lat' dir='ltr'><strong><em>de</em></strong></span> <span class='ocrx_word' id='word_1_305' title='bbox 2516 4213 2586 4257; x_wconf 89' lang='lat' dir='ltr'><strong><em>eo</em></strong></span> 
     </span>
     <span class='ocr_line' id='line_1_37' title="bbox 287 4289 2589 4373; baseline 0.002 -21"><span class='ocrx_word' id='word_1_306' title='bbox 287 4289 396 4354; x_wconf 79' lang='lat' dir='ltr'><strong><em>hoc</em></strong></span> <span class='ocrx_word' id='word_1_307' title='bbox 441 4300 562 4355; x_wconf 88' lang='lat' dir='ltr'><strong><em>est:</em></strong></span> <span class='ocrx_word' id='word_1_308' title='bbox 626 4293 958 4371; x_wconf 82' lang='lat' dir='ltr'><strong><em>Capitolini</em></strong></span> <span class='ocrx_word' id='word_1_309' title='bbox 993 4293 1248 4354; x_wconf 76' lang='lat' dir='ltr'><strong><em>Maxim.</em></strong></span> <span class='ocrx_word' id='word_1_310' title='bbox 1282 4292 1340 4371; x_wconf 89' lang='lat'><strong><em>1,</em></strong></span> <span class='ocrx_word' id='word_1_311' title='bbox 1371 4293 1407 4354; x_wconf 89' lang='lat'><em>1</em></span> <span class='ocrx_word' id='word_1_312' title='bbox 1475 4293 1566 4355; x_wconf 86' lang='lat' dir='ltr'><strong><em>Ne</em></strong></span> <span class='ocrx_word' id='word_1_313' title='bbox 1596 4293 1989 4373; x_wconf 70' lang='lat' dir='ltr'><strong><em>fastidiosum</em></strong></span> <span class='ocrx_word' id='word_1_314' title='bbox 2035 4300 2190 4356; x_wconf 79' lang='lat' dir='ltr'><strong><em>esset</em></strong></span> <span class='ocrx_word' id='word_1_315' title='bbox 2234 4295 2589 4358; x_wconf 82' lang='lat' dir='ltr'><strong><em>clementiae</em></strong></span> 
     </span>
    </p>
   </div>
  </div>
 </body>
</html>
