3234 5034
540 409 550 419 ·
602 329 688 394 62
1332 331 1826 388 ΙΜΡΕΒΑΤΟΒΙΒ
1863 331 2180 388 AVGVSTI

601 493 1016 573 ἀποστάντας
1100 495 1165 573 ἐς
1247 500 1405 573 τοὺς
1479 501 1735 582 φόρους
1820 496 2188 581 ἐπανήγαγε
2271 495 2382 562 καὶ
2467 496 2734 581 ἑτέρους
2812 499 2896 575 ὡς

603 593 899 678 ἀρχῆθεν
955 591 1051 658 ἔτι
1106 596 1303 671 ὄντας
1358 595 1773 677 αὐτονόμους
1828 588 1962 662 εἷλε
2019 593 2130 660 καὶ
2185 596 2436 674 πάντας
2499 596 2897 678 ἐκρατύνατο

603 691 749 756 ὅσοι
794 693 913 769 τὰς
957 693 1261 777 κορυφὰς
1306 695 1569 760 οἰκοῦσι
1616 705 1754 759 τῶν
1771 691 2095 777 ”Λλπεων,
2140 696 2446 780 βάρβαρα
2499 696 2608 759 καὶ
2654 695 2900 779 μάχιμα

600 787 773 873 ἔθνη
834 788 944 855 καὶ
1005 792 1413 856 κλοπεύοντα
1468 793 1593 875 τὴν
1641 789 1927 857 Ἰταλίαν
1981 794 2072 870 ὡς
2126 797 2412 877 γείτονα.
2443 831 2528 840 —-—
2569 791 2903 871 (c.16)‘0

602 885 677 954 δὲ
717 891 1055 973 Σεβαστὸς
1098 891 1313 956 πάντα
1361 889 1754 976 ἐχειρώσατο
1802 890 2080 968 ἐντελῶς
2124 889 2236 957 καὶ
2285 891 2357 956 ἐν
2395 893 2740 977 παραβολῇ
2787 901 2899 976 τῆς
2925 912 2949 952 ⁶

600 983 919 1072 ἀπραξίας
958 985 1317 1054 Ἀντωνίου
1362 993 1834 1071 κατελογίσατο
1881 999 1960 1075 τῇ
2006 993 2220 1076 βουλῇ
2265 991 2390 1074 τὴν
2424 989 2715 1055 Ἰταλίαν
2749 990 2898 1074 ἡμε-

586 1080 811 1167 ’ρῶσαι
860 1086 1218 1170 δυσμάχων
1264 1083 1492 1153 ἐθνῶν
1534 1087 1794 1171 θαμινὰ
1840 1086 2318 1172 ἐνοχλούντων.
2364 1092 2499 1153 κτλ.

779 1181 894 1250 14.
946 1189 1119 1250 Seru.
1167 1197 1389 1250 auctus
1435 1192 1523 1251 ad
1561 1191 1737 1265 Ver-9.
1771 1192 1921 1252 Aen.
1975 1191 2138 1251 VIII
2175 1191 2308 1251 696
2371 1189 2446 1251 Et
2490 1191 2792 1268 Augustus
2839 1193 2898 1250 in

600 1289 1161 1348 commemoratione
1212 1289 1375 1348 uitae
1422 1307 1563 1350 suae
1612 1289 1800 1349 refert
1844 1289 2165 1350 Antonium
2211 1290 2477 1367 iussisse,
2523 1297 2592 1348 ut
2635 1287 2898 1368 legiones

600 1402 741 1444 suae
780 1383 937 1464 apud
974 1383 1349 1465 Cleopatram
1388 1386 1754 1448 excubarent
1799 1389 2048 1466 eiusque
2093 1396 2244 1448 nutu
2291 1396 2352 1449 et
2395 1389 2562 1449 iussu
2600 1394 2898 1466 parerent.
2925 1404 2972 1443 ιο

777 1477 865 1543 15
879 1482 941 1543 *.
993 1484 1149 1545 Plut.
1178 1487 1318 1546 Ant.
1350 1485 1437 1545 68
1474 1479 1589 1546 Ἐν
1616 1479 1846 1568 Ἀκτίῳ
1885 1477 1960 1547 δὲ
1996 1485 2214 1548 πολὺν
2252 1480 2288 1546 ὁ
2327 1483 2560 1557 στόλος
2591 1483 2896 1563 [Antonii]

599 1576 933 1662 ἀντισχὼν
997 1581 1288 1663 Καίσαρι
1351 1581 1600 1665 χρόνον
1663 1577 1775 1644 καὶ
1849 1579 2164 1664 μέγιστον
2237 1576 2506 1664 βλαβεὶς
2576 1579 2708 1644 ὑπὸ
2781 1587 2900 1644 τοῦ

596 1676 941 1752 κλύδωνος
994 1677 1259 1761 ὑψηλοῦ
1316 1680 1481 1743 κατὰ
1525 1676 1804 1766 πρῴραν
1853 1677 2207 1761 ἱσταμένου
2253 1680 2444 1762 μόλις
2489 1677 2666 1761 ὥρας
2711 1677 2898 1742 δεκά-

596 1799 712 1858 της
758 1773 1005 1840 ἆπεῑπε.
1077 1774 1189 1841 καὶ
1233 1777 1459 1862 νεκροὶ
1506 1773 1630 1861 μὲν
1676 1776 1758 1842 οὐ
1803 1781 2076 1853 πλείους
2119 1774 2429 1860 ἐγένοντο
2485 1792 2898 1859 πεντακισχι-

599 1877 785 1957 λίων,
824 1870 1125 1939 ἑάλωσαν
1162 1870 1235 1940 δὲ
1273 1878 1644 1958 τριακόσιαι
1682 1885 1855 1960 νῆες,
1895 1877 1984 1952 ὡς
2019 1875 2220 1951 αὐτὸς
2258 1873 2586 1959 ἀνέγραψε
2621 1877 2896 1956 Καῖσαρ.
2923 1891 2970 1933 ιε

778 1969 941 2038 16*.
992 1977 1156 2037 Suet.
1196 1979 1352 2052 Auy.
1391 1977 1477 2038 42
1524 1976 1731 2056 Magna
1777 1996 1924 2038 uero
1971 1975 2266 2056 quondam
2313 1975 2625 2037 sterilitate
2673 1993 2742 2035 ac
2791 1973 2898 2034 dif-

598 2074 742 2135 ficili
779 2073 1060 2154 remedio,
1102 2093 1236 2135 cum
1274 2075 1599 2136 uenalicias
1637 2083 1700 2136 et
1735 2075 2084 2136 lanistarum
2132 2073 2385 2137 familias
2429 2075 2896 2153 peregrinosque

598 2191 807 2234 omnes
862 2176 1128 2252 exceptis
1184 2173 1434 2234 medicis
1492 2182 1551 2234 et
1598 2173 2086 2254 praeceptoribus
2133 2175 2466 2253 partimque
2514 2173 2896 2233 seruitiorum

597 2270 746 2332 urbe
796 2271 1137 2351 expulisset,
1184 2280 1253 2332 ut
1296 2271 1538 2333 tandem
1586 2291 1818 2334 annona
1863 2272 2182 2352 conualuit,
2230 2273 2516 2351 impetum
2563 2289 2628 2330 se
2667 2271 2896 2349 cepisse

598 2368 810 2430 scribit
882 2370 1375 2431 frumentationes
1449 2369 1720 2450 publicas
1793 2373 1857 2431 in
1929 2377 2286 2450 perpetuum
2359 2367 2660 2447 abolendi,
2740 2365 2896 2447 quod
2921 2383 2970 2424 ιο

598 2485 803 2529 earum
833 2467 1049 2528 fiducia
1086 2467 1318 2530 cultura
1357 2486 1636 2548 agrorum
1673 2476 1952 2548 cessaret,
1991 2486 2186 2548 neque
2223 2475 2422 2528 tamen
2457 2483 2896 2547 perseuerasse,

598 2568 735 2646 quia
792 2575 1021 2628 certum
1068 2567 1316 2629 baberet
1358 2576 1496 2647 post
1542 2587 1606 2628 se
1658 2586 1767 2647 per
1812 2566 2198 2627 ambitionem
2244 2564 2596 2646 quandoque
2644 2565 2894 2625 restitui.

596 2673 774 2744 atque
830 2667 911 2726 ita
956 2665 1202 2744 posthac
1250 2683 1378 2725 rem
1424 2668 1800 2745 temperauit,
1847 2674 1915 2727 ut
1958 2683 2078 2725 non
2135 2666 2426 2724 minorem
2481 2671 2784 2724 aratorum
2831 2681 2894 2722 ac

599 2764 1028 2842 negotiantium
1075 2783 1252 2842 quam
1298 2763 1503 2842 populi
1548 2766 1840 2825 rationem
1889 2763 2228 2824 deduceret.

778 2855 893 2924 17.
940 2863 1169 2938 Diqest.
1199 2862 1465 2924 ΧΧΧΧ
1473 2863 1637 2923 VIII
1664 2864 1768 2938 24,
1800 2863 1837 2922 1
1887 2862 2168 2942 leianus
2205 2859 2357 2921 libro
2396 2877 2550 2920 nono
2590 2858 2663 2920 de
2701 2859 2894 2919 officio
2921 2875 2968 2915 π

596 2959 997 3039 proconsulis:
1045 2960 1307 3040 Corpora
1343 2979 1569 3040 eorum,
1617 2964 1722 3040 qui
1767 2962 1959 3040 capite
2011 2960 2383 3036 damnantur,
2429 2959 2696 3036 cognatis
2741 2958 2896 3036 ipso-

599 3076 733 3119 rum
781 3058 1047 3137 neganda
1094 3078 1212 3120 non
1260 3067 1417 3138 sunt,
1465 3067 1523 3120 et
1570 3058 1634 3120 id
1675 3077 1740 3120 se
1777 3059 2130 3120 obseruasse
2169 3059 2348 3118 etiam
2386 3055 2560 3116 diuus
2595 3055 2896 3134 Augustus

596 3156 751 3217 libro
800 3156 1029 3218 decimo
1078 3157 1151 3218 de
1197 3159 1320 3218 uita
1368 3175 1475 3218 sua
1522 3157 1748 3219 scribit.

778 3249 890 3317 18.
941 3257 1160 3317 Pseud.
1202 3258 1356 3318 Ptin.
1397 3259 1475 3317 de
1519 3258 1734 3318 medic.
1775 3257 1818 3316 I
1855 3255 1940 3316 18
1979 3257 2073 3332 (Ρ.
2101 3254 2186 3314 21
2236 3256 2328 3314 ed.
2361 3255 2577 3329 Basil.)
2624 3251 2712 3312 Ad
2760 3251 2895 3314 cali·

598 3355 769 3432 gines
806 3352 1113 3415 oculorum
1153 3362 1213 3415 et
1248 3353 1321 3414 ad
1357 3355 1505 3414 uitia
1543 3355 1952 3415 uetustissima
1999 3361 2060 3414 et
2097 3351 2170 3412 ad
2209 3349 2644 3412 scabritudines
2691 3359 2752 3412 et
2797 3349 2896 3411 ob-

456 1440 561 1520 :2¹-

458 1530 559 1578 ⁷23

778 3506 878 3562 14.
920 3508 1004 3574 Of.
1035 3509 1187 3563 Seru.
1219 3507 1297 3563 ad
1333 3509 1472 3563 Aen.
1514 3509 1674 3561 VIII
1706 3512 1834 3563 678.

777 3579 876 3634 15.
923 3580 1019 3635 Ad
1063 3581 1289 3634 Actium
1342 3580 1625 3635 duodecim
1680 3580 1840 3635 milia
1897 3580 2134 3634 militum
2182 3579 2419 3632 Antonii
2471 3575 2751 3643 cecidisse,
2803 3591 2898 3630 sex

596 3653 899 3706 uulnerata
936 3669 1045 3706 esse
1080 3668 1147 3705 ex
1183 3653 1363 3722 eisque
1392 3657 1521 3720 post
1554 3651 1704 3706 mille
1739 3652 1993 3718 defeeioee
2027 3651 2194 3716 refert
2235 3649 2462 3704 Orosius
2501 3648 2586 3702 VI
2619 3651 2707 3714 19,
2733 3615 2824 3700 ⁹12.

781 3723 1798 3794 16.P1ew‘Queuenunte2-wch.mr
1827 3723 2011 3777 Gesch
2034 3722 2087 3775 d.
2112 3722 2344 3776 Kaisers
2373 3719 2662 3774 Hadrian’
2699 3735 2760 3787 Ρ.
2793 3723 2897 3772 109

596 3796 696 3850 hoc
732 3795 1051 3850 Suetonium
1088 3811 1155 3848 ex
1194 3796 1470 3850 breuiario
1506 3796 1676 3850 totius
1719 3794 1947 3864 imperio
1982 3794 2227 3848 hausisse
2262 3797 2452 3857 censet,
2479 3807 2604 3846 cum
2627 3792 2898 3859 pertineat

598 3867 675 3922 ad
709 3867 1049 3923 sterilitatem
1085 3884 1137 3921 a.
1169 3865 1370 3937 6s759.

782 3937 878 3992 18.
918 3939 1007 3992 De
1042 3940 1365 3993 auctoritate
1400 3939 1568 3992 huius
1601 3937 1675 4003 fr.
1707 3937 1819 3990 uid.
1850 3953 1891 3991 s.
1911 3953 1972 4005 Ρ.
2003 3952 2227 4003 ιχινεςι.

783 4096 836 4149 1.
887 4085 965 4159 ὡς
1014 4093 1119 4148 aut
1161 4091 1494 4163 transponit
1538 4093 1644 4148 aut
1689 4087 1834 4148 delet
1876 4087 2193 4147 Mendelss.

780 4170 895 4256 14,
936 4181 991 4238 9.
1032 4177 1267 4258 legione
1296 4179 1477 4238 Bern.
1756 4181 1855 4236 10.
1895 4175 2278 4252 Cleopatram
2303 4173 2527 4234 Daniel
2553 4173 2896 4233 decoratum

598 4271 860 4330 Florian
899 4267 1241 4327 decoratum
1293 4269 1474 4326 Bern.
1653 4267 2012 4326 excuberant
2057 4266 2223 4324 Flor.
2403 4263 2598 4323 iussus
2641 4263 2808 4321 Flor.

781 4350 898 4423 16,
948 4359 1048 4416 22.
1096 4360 1232 4434 post
1278 4353 1365 4432 se]
1413 4356 1534 4415 cod.
1568 4357 1762 4416 Basil.
1804 4356 2046 4416 Vindob.
2077 4355 2132 4424 I,
2181 4373 2352 4432 posse
2397 4354 2508 4414 atii
2551 4352 2717 4412 codd.
