3234 5034
641 364 882 413 CLXXX
1141 361 1240 415 DE
1279 359 1744 415 SCRIPTORVM
1779 358 1969 413 VITIS
2008 358 2101 413 ET
2138 358 2455 414 SCRIPTIS

638 549 774 591 eum
824 528 1046 590 librum
1093 530 1274 608 misit,
1312 530 1540 589 incerta
1579 534 1688 588 est.
1752 529 1841 587 sic
1880 535 2079 588 autem
2117 545 2254 587 eum
2294 525 2615 606 alloquitur
2650 528 2953 604 (praesds

636 630 924 705 quinus
979 628 1064 688 M.
1103 628 1297 688 Fabio
1347 629 1687 703 plurimam
1741 628 2015 687 salutem.
2082 626 2219 687 Etsi
2272 634 2330 685 te
2381 627 2587 687 studio
2637 643 2951 700 aramma-

637 730 802 787 ticae
866 730 1024 787 artis
1077 726 1422 803 inductum,
1479 741 1600 785 non
1656 728 1847 785 solum
1902 741 2190 784 uersuum
2252 725 2704 799 moderatione,
2764 742 2953 799 quam

624 828 826 902 pauci
857 826 1294 900 peruiderunt,
1340 825 1454 884 sed
1492 824 1893 884 historiarum
1940 839 2179 898 quoque
2225 823 2552 897 uarietate,
2588 839 2712 898 qua
2746 826 2951 883 scien·

637 926 728 983 tia
755 940 966 983 rerum
982 925 1385 998 perspicitur,
1399 927 1739 997 praestare
1775 922 1976 995 uideo,
2006 938 2165 995 quae
2196 918 2453 996 facilius
2481 923 2665 980 etiam
2698 924 2955 995 scriptis

638 1025 762 1083 tuis
801 1024 1087 1098 perspici
1125 1026 1348 1096 potest,
1406 1020 1767 1079 desiderans
1806 1022 2021 1095 potius
2064 1022 2354 1081 scientem
2400 1034 2583 1093 quam
2633 1020 2953 1079 liberalem

637 1121 934 1196 iudicem,
991 1127 1192 1179 tamen
1241 1151 1325 1159 —
1372 1119 1490 1178 hoc
1545 1120 1715 1179 uelut
1768 1119 2116 1178 rudimento
2166 1120 2468 1177 scientiae
2512 1120 2682 1175 nisus
2724 1120 2957 1193 scripsi

639 1218 728 1277 ad
759 1224 834 1290 te,
864 1234 984 1277 non
1024 1224 1092 1276 ut
1128 1220 1408 1292 imperito
1447 1224 1793 1275 monstrans
1819 1217 1932 1275 sed
1957 1223 2023 1275 ut
2049 1217 2513 1275 scientissimum
2552 1230 2953 1275 commonens.

639 1313 751 1374 fuit
796 1316 982 1393 igitur
1019 1314 1441 1392 grammaticus
1481 1320 1542 1373 et
1576 1314 1696 1373 iam
1744 1311 2021 1373 uersibus
2058 1310 2441 1373 moderandis
2487 1313 2525 1370 i.
2566 1329 2616 1371 e.
2656 1310 2955 1373 faciendis

639 1419 741 1473 aut
796 1409 871 1472 ad
927 1418 1114 1472 artem
1171 1404 1497 1473 tractandis
1552 1409 1828 1490 florebat,
1886 1428 2023 1471 cum
2068 1409 2337 1489 Hyginus
2391 1408 2745 1471 adulescens
2800 1409 2954 1472 illud

641 1508 1046 1571 rudimentum
1108 1510 1394 1570 scientiae
1453 1526 1594 1569 suae
1662 1507 2047 1569 scribendum
2109 1508 2401 1588 suscepit,
2466 1505 2583 1587 ilua
2649 1506 2721 1568 de
2769 1526 2957 1570 causa

637 1609 798 1668 inter
845 1605 1064 1667 Gellios
1121 1606 1386 1687 aliosque
1443 1609 1573 1667 eius
1620 1609 1830 1667 aetatis
1878 1609 2203 1686 scriptores
2250 1606 2449 1667 locum
2504 1624 2679 1666 suum
2724 1606 2955 1668 habere

637 1707 857 1785 potuit,
911 1704 1030 1766 huc
1077 1714 1276 1765 autem
1324 1722 1400 1765 ne
1446 1706 1877 1784 imperatorum
1924 1703 2068 1765 ordo
2116 1705 2675 1784 interrumperetur,
2722 1711 2954 1766 retrac-

637 1811 737 1865 tus
802 1810 910 1865 est.
985 1821 1343 1883 quamquam
1407 1820 1552 1863 num
1616 1805 1857 1864 omnino
1920 1821 2055 1863 eum
2110 1809 2276 1863 recte
2332 1804 2667 1881 receperim
2722 1801 2954 1864 dubito.

637 1919 776 1962 nam
825 1902 1004 1962 etiam
1051 1900 1318 1980 Hyginus
1365 1919 1539 1962 suum
1587 1920 1739 1980 opus
1778 1896 2105 1961 ‘historias'
2146 1900 2293 1961 dicit
2306 1894 2376 1984 ¹),
2412 1899 2488 1961 ad
2526 1902 2698 1961 cuius
2736 1900 2955 1961 simili·

638 1998 906 2059 tudinem
957 1995 1294 2060 ‘uarietate'
1343 2017 1579 2078 quoque
1630 1998 1921 2059 ducimur.

1328 2310 1695 2383 MARIVS
1752 2309 2195 2383 MAXIMVS
2214 2304 2265 2394 ²)

817 2469 1079 2532 Historia
1118 2469 1382 2532 Romana
1429 2472 1757 2532 centesimo
1805 2489 2042 2550 quoque
2088 2489 2241 2532 anno
2294 2471 2523 2533 riuulos
2570 2469 2848 2533 diductos
2896 2482 2961 2535 et

640 2571 914 2631 sitientes
962 2578 1023 2629 et
1066 2587 1256 2649 paene
1296 2578 1637 2629 arescentes
1676 2567 1987 2648 collegisse
2027 2577 2087 2630 et
2122 2568 2648 2650 comprehendisse
2690 2569 2958 2651 uidetur,

640 2670 722 2728 ita
769 2674 971 2729 tamen
1017 2674 1085 2728 ut
1129 2660 1376 2728 collecta
1426 2665 1620 2728 denuo
1670 2666 2117 2747 dispergeretur
2163 2676 2225 2728 et
2266 2674 2447 2746 prout
2488 2668 2799 2747 ingenium
2850 2688 2959 2749 po-

640 2765 792 2845 puli,
850 2767 938 2826 sic
995 2768 1173 2826 etiam
1227 2767 1472 2845 scriptio
1520 2772 1925 2826 euanesceret.
2000 2773 2137 2826 nata
2182 2773 2381 2827 autem
2427 2763 2527 2825 illa
2574 2773 2665 2826 est
2710 2767 2774 2825 in
2828 2768 2958 2828 solo

641 2865 967 2941 senatorio,
1023 2870 1396 2923 crescentem
1451 2862 1637 2924 coluit
1690 2865 2042 2943 imperator,
2098 2865 2203 2943 qui
2259 2865 2313 2923 si
2358 2882 2467 2943 per
2509 2863 2752 2943 longum
2800 2873 2959 2927 tem·

639 2963 805 3041 poris
861 2962 1118 3041 spatium
1175 2968 1236 3023 et
1290 2962 1608 3040 imperium
1666 2958 1927 3021 obtinuit
1980 2968 2040 3021 et
2094 2968 2337 3022 senatus
2384 2962 2647 3040 speciem
2694 2962 2855 3023 fouit
2902 2971 2963 3025 et

641 3061 830 3137 auxit,
887 3078 1018 3120 eam
1065 3062 1317 3137 gratiam
1363 3060 1617 3138 recepit,
1664 3065 1730 3119 ut
1777 3066 2021 3119 senatus
2066 3058 2251 3120 libros
2298 3058 2371 3120 ab
2419 3062 2550 3120 eius
2598 3061 2811 3121 amicis
2857 3062 2959 3123 uel

642 3156 961 3218 clientibus
1018 3158 1376 3236 compositos
1432 3159 1783 3218 auctoritate
1840 3175 1946 3217 sua
2002 3164 2274 3218 seruaret
2328 3165 2389 3218 et
2443 3159 2783 3238 posteritati
2835 3168 2960 3221 tra·

644 3252 828 3315 deret.
902 3261 970 3314 ut
1021 3255 1207 3333 igitur
1261 3252 1469 3315 Liuius
1517 3252 1629 3315 suh
1686 3254 1936 3333 Augusti
1993 3256 2274 3334 auspiciis
2329 3256 2640 3316 historiam
2690 3259 2961 3337 scripsit,

642 3352 753 3413 sub
812 3351 1066 3412 Traiano
1115 3352 1359 3419 Tacitus
1416 3358 1475 3413 et
1521 3352 1846 3413 Suetonius
1911 3370 2018 3413 suo
2083 3354 2338 3432 quisque
2392 3371 2641 3433 genere,
2700 3354 2786 3415 ita
2846 3355 2961 3416 suh

641 3448 974 3510 Alexandro
1041 3449 1264 3510 Seuero
1327 3448 1550 3510 Marius
1605 3448 1897 3511 Maximus
1952 3452 2135 3531 uitem,
2192 3450 2434 3512 Cassius
2496 3451 2605 3512 Dio
2668 3451 2962 3515 historias

643 3549 888 3622 (Gesch.
921 3548 1061 3609 Litt.
1091 3549 1134 3608 Ι
1149 3567 1218 3626 p.
1248 3548 1351 3608 94.
1391 3548 1524 3608 433
1550 3551 1727 3627 sqq),
1765 3567 2019 3627 quorum
2058 3548 2216 3629 quod
2262 3548 2363 3611 ille
2400 3548 2647 3610 Latinus
2683 3549 2759 3611 ad
2799 3552 2963 3612 uitas

643 3644 992 3706 scribendas
1040 3644 1364 3725 descendit,
1410 3646 1509 3706 hic
1558 3644 1821 3707 Graecus
1868 3645 1941 3706 ad
1988 3645 2146 3708 Liuii
2182 3649 2576 3709 imitationem
2617 3666 2683 3709 se
2722 3649 2963 3729 extulit,

825 3802 876 3869 1)
911 3798 940 3852 Ι
976 3804 1044 3853 34
1089 3802 1183 3854 sed
1228 3817 1367 3869 quae
1403 3807 1533 3869 post
1565 3806 1789 3856 mortem
1826 3802 1945 3856 eius
1981 3799 2247 3871 (Orionis)
2274 3802 2476 3856 Diana
2501 3803 2707 3869 fecerit,
2736 3805 2806 3858 in
2843 3806 2963 3858 eius

641 3879 888 3933 historiis
939 3880 1192 3934 dicemus.
1251 3896 1297 3933 c.
1329 3885 1396 3933 36
1443 3882 1537 3935 sed
1578 3879 1876 3951 (Procyon)
1922 3882 2093 3936 isdem
2146 3882 2401 3937 omnam
2452 3883 2699 3937 historiis
2754 3886 2964 3953 quibus

640 3960 892 4027 superior
933 3959 1102 4014 Oanis
1139 3966 1554 4015 annumerabwr.

823 4042 875 4108 2)
913 4038 1145 4093 Praeter
1188 4038 1382 4105 libros,
1420 4056 1561 4107 quos
1599 4040 1661 4094 in
1699 4041 1887 4095 indice
1924 4042 2192 4095 uniuerso
2230 4042 2523 4111 proposui,
2562 4042 2657 4097 hie
2692 4045 2961 4101 nomino:

641 4118 681 4172 Ι.
713 4118 752 4173 Ῑ.
784 4118 1022 4173 Mueller
1067 4120 1187 4173 Der
1237 4120 1781 4175 Geschiehtschreiber
1824 4124 1907 4176 M.
1950 4124 2035 4177 M.
2082 4122 2143 4175 in
2195 4120 2537 4191 Buedingeri
2582 4120 2845 4187 Quaestt..
2884 4125 2963 4179 ΠΙ

643 4216 697 4269 p.
733 4204 994 4253 17—202.
1033 4198 1072 4253 Ι.
1104 4198 1256 4253 Plew
1287 4202 1371 4255 M.
1405 4203 1488 4255 M.
1519 4202 1604 4256 als
1640 4202 1843 4256 direkte
1880 4220 1935 4255 u.
1964 4202 2233 4256 indirekte
2264 4200 2448 4271 Quale
2474 4202 2571 4257 der
2597 4204 2802 4271 Script.
2832 4208 2959 4261 hist.

645 4280 790 4350 Auy.
829 4278 1021 4348 Progr.
1051 4280 1281 4350 Argent.
1316 4285 1468 4335 1878.
1510 4280 1571 4335 G.
1603 4281 1826 4351 Tropea
1861 4282 2029 4337 studi
2060 4282 2212 4352 suyli
2243 4281 2357 4337 δον.
2386 4283 2438 4335 h.
2469 4283 2540 4336 A.
2570 4284 2690 4337 ΙΙΙ.
2748 4286 2840 4340 Μ.
2874 4287 2960 4341 Μ.

645 4360 767 4415 uita
803 4376 831 4413 e
866 4360 1188 4425 frammenti
1222 4360 1490 4431 (Messina
1528 4364 1703 4431 1899).
