3234 5034
786 327 950 382 AVL.
978 324 1188 382 AVGT.
1220 325 1486 383 SCRIPT.
1516 327 1700 382 HIST.
1730 326 2121 384 AVGVSTAE
2270 331 2663 380 CLXXXVIIII

432 563 763 638 AVLIGI
816 564 1316 639 AVCTORES
1375 563 1982 639 SCRIPTORVM
2036 565 2557 640 HISTORIAE

1245 689 1765 763 AVGVSTAE

391 833 494 912 qui
539 835 703 893 inter
750 835 1144 913 imperatores
1181 831 1582 893 Alexandrum
1632 833 1925 895 Seuerum
1973 842 2035 896 et
2079 833 2411 896 Gordianos
2456 837 2616 896 uitas

1065 938 1162 1000 uel
1211 937 1523 1001 historiam
1571 943 1946 1020 scripserunt

1127 1058 1297 1129 (inter
1335 1073 1512 1112 annos
1551 1062 1875 1128 222—244.)

523 1190 874 1269 Sequuntur
920 1191 1247 1270 scriptores
1295 1188 1418 1250 sola
1463 1190 1751 1252 historiae
1788 1193 2085 1270 Augustae
2133 1195 2487 1254 auctoritate
2524 1195 2661 1271 nisi,

341 1305 601 1367 quorum
656 1306 848 1368 paene
904 1287 1058 1349 nihil
1110 1287 1400 1349 habemus
1465 1307 1583 1368 quo
1646 1289 1969 1352 exilitatem
2022 1293 2507 1352 testimoniorum
2561 1290 2663 1352 uel

339 1385 816 1465 fragmentorum
869 1386 1274 1466 suppleamus.
1349 1404 1487 1447 nam
1543 1389 1812 1467 omnium
1866 1391 2152 1449 memoria
2208 1399 2400 1450 morte
2452 1407 2660 1450 eorum

339 1485 798 1563 imperatorum,
856 1502 1111 1564 quorum
1166 1487 1498 1563 patrocinio
1555 1487 1675 1564 ipsi
1740 1486 2093 1566 floruerant,
2148 1486 2485 1549 oblitterata
2550 1493 2659 1548 est.

338 1584 599 1643 maxime
664 1591 864 1643 autem
928 1581 1203 1643 homines
1263 1582 1556 1644 litteratos
1609 1592 1679 1644 ut
1734 1601 1831 1645 res
1888 1603 1921 1645 a
1978 1603 2041 1646 se
2096 1592 2295 1664 gestas
2358 1587 2424 1645 in
2490 1603 2658 1646 suam

339 1678 590 1758 gloriam
665 1679 1026 1758 scriberent,
1101 1681 1388 1742 excitauit
1449 1690 1512 1742 et
1583 1681 1731 1742 aluit
1804 1682 2245 1744 Alexander
2316 1682 2659 1743 Seuerus

341 1769 780 1862 (222—235)‚
827 1797 1006 1858 quem
1053 1780 1132 1856 is,
1191 1781 1293 1858 qui
1349 1781 1776 1859 panegyricum
1832 1783 1962 1842 eius
2020 1780 2120 1842 uel
2170 1782 2505 1860 composuit
2559 1780 2659 1841 uel

339 1877 609 1938 imitatus
657 1884 766 1954 est,
816 1876 1196 1956 Lampridius
1235 1878 1324 1938 sic
1361 1876 1629 1939 laudauit
1664 1880 1746 1953 (c.
1776 1880 1837 1958 3,
1866 1880 1970 1953 4).·
2016 1879 2147 1941 Nec
2190 1881 2377 1940 ualde
2424 1883 2661 1940 amauit

340 1973 632 2036 Latinam
679 1975 1051 2052 facundiam
1107 1977 1221 2036 sed
1273 1981 1510 2036 amauit
1561 1979 1868 2038 litteratos
1920 1980 2191 2039 homines
2248 1979 2659 2052 uehementer,

336 2089 442 2134 eos
513 2077 702 2134 etiam
775 2073 1222 2152 reformidans,
1295 2091 1374 2134 ne
1439 2076 1593 2149 quid
1654 2077 1732 2136 de
1800 2093 1869 2136 se
1942 2093 2225 2152 asperum
2296 2076 2658 2137 scriberent.

335 2172 602 2247 denique
648 2188 800 2247 quos
857 2174 1076 2248 diynos
1131 2174 1219 2232 ad
1261 2173 1332 2232 id
1374 2188 1504 2233 esse
1549 2175 1820 2249 uidebat,
1863 2177 2111 2250 sinyula
2159 2192 2452 2250 quaeque,
2500 2191 2660 2250 quae

321 2269 580 2345 publice
635 2277 698 2331 et
743 2274 1048 2346 priuatim
1103 2271 1354 2346 ayebat,
1408 2288 1476 2331 se
1529 2275 1660 2346 ipso
1718 2274 1973 2332 docente
2023 2274 2269 2333 uolebat
2313 2273 2657 2349 addiscere,

333 2369 392 2426 si
426 2366 600 2443 forte
647 2371 768 2444 ipsi
812 2385 934 2429 non
982 2367 1341 2445 adfuissent,
1388 2384 1584 2444 eaque
1615 2371 1873 2445 petebat
1915 2377 1999 2448 ut,
2044 2374 2104 2430 si
2146 2388 2302 2431 uera
2339 2376 2553 2445 essent,
2590 2374 2657 2431 in

331 2465 575 2526 litteras
620 2469 948 2527 mitterent.
1022 2464 1282 2526 Felicius
1325 2464 1661 2526 Alexandro
1708 2484 1808 2526 res
1864 2469 2047 2528 cessit
2100 2469 2163 2528 in
2219 2466 2422 2528 Cassio
2467 2466 2657 2528 Dione

335 2569 396 2622 et
440 2560 629 2623 Mario
675 2561 960 2639 Maximo,
1016 2581 1270 2642 quorum
1327 2581 1440 2642 ope
1487 2563 1712 2641 effecit,
1768 2573 1836 2625 ut
1883 2567 2111 2626 ratione
2158 2563 2275 2626 sibi
2322 2575 2657 2645 opportuna

335 2677 434 2720 res
484 2659 560 2720 ab
605 2659 1071 2741 imperatoribus
1109 2669 1246 2721 ante
1295 2678 1361 2721 se
1399 2668 1601 2739 gestae
1643 2660 2129 2724 describerentur
2165 2671 2227 2724 et
2262 2662 2337 2724 ad
2382 2672 2657 2742 posteros

333 2767 834 2838 propagarentur,
899 2758 1006 2820 sed
1071 2760 1342 2838 ipsorum
1417 2758 1747 2820 aulicorum
1823 2762 2083 2840 primum
2158 2760 2356 2822 locum
2425 2761 2657 2824 obtinet

335 2853 757 2937 Encolpius,
803 2875 924 2937 quo
970 2856 1138 2918 illum
1186 2856 1651 2919 familiarissimo
1696 2876 1875 2919 usum
1922 2876 2057 2920 esse
2092 2865 2351 2920 testatur
2385 2858 2655 2939 Lampri-

333 2951 470 3014 dius
526 2973 580 3016 c.
620 2956 725 3034 17,
763 2957 824 3036 1,
881 2957 980 3016 cui
1046 2957 1226 3016 etiam
1293 2954 1409 3015 duo
1473 2955 1803 3034 fragmenta
1870 2959 1999 3018 eius
2064 2955 2299 3018 laudem
2366 2959 2655 3037 spirantia

333 3050 650 3134 debemus3
705 3051 911 3114 Ouinii
966 3061 1167 3114 tamen
1214 3052 1448 3114 Camilli
1503 3057 1801 3116 senatoris
1856 3073 1969 3116 nec
2023 3072 2244 3115 nomen
2290 3073 2403 3116 nec
2449 3072 2655 3118 rerum

331 3166 628 3211 nouarum
677 3151 946 3212 studium
994 3150 1200 3212 multis
1245 3150 1451 3212 uerbis
1500 3152 1588 3229 fr.
1629 3152 1670 3213 2
1718 3161 2071 3214 exornatum
2118 3151 2357 3214 aliunde
2405 3161 2653 3218 constat.

511 3247 668 3310 Tum
699 3248 772 3311 de
800 3249 1088 3328 magistro
1117 3248 1436 3310 Alexandri
1464 3248 1759 3310 Aurelio
1798 3249 2133 3330 Philippo
2171 3251 2285 3312 hoc
2322 3253 2653 3313 testimoni-

280 3347 286 3356 '
331 3364 434 3406 um
473 3354 673 3408 exstat
703 3350 849 3409 item
889 3346 1216 3427 Lampridii
1252 3346 1415 3407 Alex.
1437 3344 1496 3424 3,
1525 3343 1568 3408 2
1616 3348 1695 3408 In
1719 3353 1933 3426 prima
1958 3352 2241 3426 pueritia
2277 3353 2653 3412 litteratores

328 3445 548 3506 habuit
590 3446 901 3508 Valerium
953 3447 1218 3507 Cordum
1263 3454 1324 3506 et
1365 3445 1426 3506 T.
1471 3446 1784 3508 Veturium
1832 3455 1891 3508 et
1927 3447 2247 3508 Aurelium
2286 3448 2651 3525 Philippum,

331 3545 618 3604 libertum
643 3549 872 3623 patris,
910 3547 1019 3620 qui
1053 3548 1246 3604 uitam
1285 3547 1416 3604 eius
1436 3552 1661 3620 postea
1700 3549 1763 3605 in
1801 3549 2045 3606 litteras
2079 3549 2259 3620 misit,
2290 3543 2398 3606 ubi
2426 3542 2651 3622 ‘pater’

333 3640 773 3720 intellegendus
821 3649 914 3702 est
959 3644 1168 3721 imper.
1199 3640 1274 3702 M.
1305 3640 1584 3702 Aurelius
1624 3641 1939 3722 Caracalla,
1978 3643 2149 3703 cuius
2186 3641 2373 3703 filium
2412 3661 2477 3704 se
2516 3663 2649 3705 esse

329 3738 666 3801 Alexander
709 3733 986 3825 uoluit.²)

510 3837 863 3915 Argumenti
911 3838 1240 3899 ser-uilitate
1287 3838 1428 3899 huic
1475 3839 1606 3917 pari
1653 3841 2027 3900 associantur
2072 3839 2498 3919 Septimius,
2544 3843 2653 3920 qui

328 3935 518 3995 uitam
555 3934 876 3996 Alexandri
921 3933 1064 3997 ‘non
1101 3935 1487 3996 mediocriter
1533 3945 1851 3997 exsecutus
1898 3931 2021 3998 est'
2048 3937 2391 4014 (Lamprid.
2424 3940 2527 4016 17,
2557 3941 2648 4018 2),

332 4033 548 4095 citatus
596 4051 627 4093 a
677 4033 804 4094 solo
852 4033 1195 4113 Lampridio
1253 4033 1483 4094 duobus
1539 4034 1687 4095 locis
1732 4053 1853 4096 una
1910 4053 2047 4096 cum
2094 4034 2397 4115 Encolpio,
2444 4041 2648 4100 nescio

512 4262 565 4330 1)
613 4258 822 4314 Herod.
862 4259 914 4314 V
952 4265 1001 4327 ¹¹1,
1032 4264 1080 4313 8.
1141 4259 1210 4314 cf.
1255 4259 1457 4313 Muche
1514 4260 1911 4332 Forschunyen
1964 4261 2099 4317 iiber
2148 4263 2470 4318 Alexander
2522 4265 2647 4320 Seu.

331 4337 518 4410 Progr.
553 4338 748 4394 Suidn.
782 4345 922 4395 18⁷3
958 4356 1016 4409 p.
1049 4344 1081 4392 6
1103 4356 1184 4407 sq.
