<?xml version="1.0" encoding="UTF-8"?>
<!DOCTYPE html PUBLIC "-//W3C//DTD XHTML 1.0 Transitional//EN"
    "http://www.w3.org/TR/xhtml1/DTD/xhtml1-transitional.dtd">
<html xmlns="http://www.w3.org/1999/xhtml" xml:lang="en" lang="en">
 <head>
  <title>
</title>
<meta http-equiv="Content-Type" content="text/html;charset=utf-8" />
  <meta name='ocr-system' content='tesseract 3.04.00' />
  <meta name='ocr-capabilities' content='ocr_page ocr_carea ocr_par ocr_line ocrx_word'/>
</head>
<body>
  <div class='ocr_page' id='page_1' title='image "./historicorvmrom00petegoog_0324.png"; bbox 0 0 3234 5034; ppageno 0'>
   <div class='ocr_carea' id='block_1_1' title="bbox 1115 288 2665 359">
    <p class='ocr_par' dir='ltr' id='par_1_1' title="bbox 1115 288 2665 359">
     <span class='ocr_line' id='line_1_1' title="bbox 1115 288 2665 359; baseline 0 -13"><span class='ocrx_word' id='word_1_1' title='bbox 1115 290 1171 346; x_wconf 81' lang='grc' dir='ltr'><strong>Ο.</strong></span> <span class='ocrx_word' id='word_1_2' title='bbox 1201 288 1511 346; x_wconf 82' lang='lat' dir='ltr'>LICINIVS</span> <span class='ocrx_word' id='word_1_3' title='bbox 1549 288 1925 347; x_wconf 72' lang='lat' dir='ltr'>MVOLANVS</span> <span class='ocrx_word' id='word_1_4' title='bbox 2024 288 2035 297; x_wconf 88' lang='grc'><em>“</em></span> <span class='ocrx_word' id='word_1_5' title='bbox 2538 292 2665 359; x_wconf 83' lang='grc'><strong>103</strong></span> 
     </span>
    </p>
   </div>
   <div class='ocr_carea' id='block_1_2' title="bbox 277 448 2668 1611">
    <p class='ocr_par' dir='ltr' id='par_1_2' title="bbox 363 448 2668 839">
     <span class='ocr_line' id='line_1_2' title="bbox 491 448 2668 540; baseline 0.001 -22"><span class='ocrx_word' id='word_1_6' title='bbox 491 484 496 487; x_wconf 94' lang='grc'><em>·</em></span> <span class='ocrx_word' id='word_1_7' title='bbox 549 448 663 519; x_wconf 90' lang='lat' dir='ltr'><strong>ll.</strong></span> <span class='ocrx_word' id='word_1_8' title='bbox 713 459 870 519; x_wconf 82' lang='lat' dir='ltr'><strong>Plin.</strong></span> <span class='ocrx_word' id='word_1_9' title='bbox 925 458 1053 520; x_wconf 84' lang='lat' dir='ltr'><strong>VII</strong></span> <span class='ocrx_word' id='word_1_10' title='bbox 1082 458 1212 519; x_wconf 82' lang='lat'><strong>159</strong></span> <span class='ocrx_word' id='word_1_11' title='bbox 1268 458 1336 520; x_wconf 91' lang='lat' dir='ltr'><strong>In</strong></span> <span class='ocrx_word' id='word_1_12' title='bbox 1381 458 1572 519; x_wconf 87' lang='lat' dir='ltr'><strong>Tmoli</strong></span> <span class='ocrx_word' id='word_1_13' title='bbox 1618 460 1838 521; x_wconf 91' lang='lat' dir='ltr'><strong>montis</strong></span> <span class='ocrx_word' id='word_1_14' title='bbox 1886 461 2193 521; x_wconf 80' lang='lat' dir='ltr'><strong>cacumine</strong></span> <span class='ocrx_word' id='word_1_15' title='bbox 2248 460 2405 540; x_wconf 93' lang='lat' dir='ltr'><strong>quod</strong></span> <span class='ocrx_word' id='word_1_16' title='bbox 2450 469 2668 523; x_wconf 89' lang='lat' dir='ltr'><strong>uocant</strong></span> 
     </span>
     <span class='ocr_line' id='line_1_3' title="bbox 365 554 2665 637; baseline 0.002 -22"><span class='ocrx_word' id='word_1_17' title='bbox 365 554 649 635; x_wconf 81' lang='lat' dir='ltr'><strong>Tempsin</strong></span> <span class='ocrx_word' id='word_1_18' title='bbox 698 568 784 616; x_wconf 82' lang='lat' dir='ltr'><strong>CL</strong></span> <span class='ocrx_word' id='word_1_19' title='bbox 833 558 1004 618; x_wconf 86' lang='lat' dir='ltr'><strong>annis</strong></span> <span class='ocrx_word' id='word_1_20' title='bbox 1049 559 1261 619; x_wconf 91' lang='lat' dir='ltr'><strong>uiuere</strong></span> <span class='ocrx_word' id='word_1_21' title='bbox 1309 556 1617 618; x_wconf 78' lang='lat' dir='ltr'><strong>Mucianus</strong></span> <span class='ocrx_word' id='word_1_22' title='bbox 1659 564 1863 619; x_wconf 88' lang='lat' dir='ltr'><strong>auctor</strong></span> <span class='ocrx_word' id='word_1_23' title='bbox 1902 566 2009 637; x_wconf 85' lang='lat' dir='ltr'><strong>est,</strong></span> <span class='ocrx_word' id='word_1_24' title='bbox 2050 557 2289 620; x_wconf 85' lang='lat' dir='ltr'><strong>totidem</strong></span> <span class='ocrx_word' id='word_1_25' title='bbox 2322 559 2489 619; x_wconf 87' lang='lat' dir='ltr'><strong>annis</strong></span> <span class='ocrx_word' id='word_1_26' title='bbox 2528 577 2665 620; x_wconf 92' lang='lat' dir='ltr'><strong>cen·</strong></span> 
     </span>
     <span class='ocr_line' id='line_1_4' title="bbox 367 652 2664 737; baseline 0.002 -24"><span class='ocrx_word' id='word_1_27' title='bbox 367 672 498 715; x_wconf 87' lang='lat' dir='ltr'><strong>sum</strong></span> <span class='ocrx_word' id='word_1_28' title='bbox 561 652 768 714; x_wconf 81' lang='lat' dir='ltr'><strong>Claudi</strong></span> <span class='ocrx_word' id='word_1_29' title='bbox 829 652 1098 717; x_wconf 80' lang='lat' dir='ltr'><strong>Caesaris</strong></span> <span class='ocrx_word' id='word_1_30' title='bbox 1161 674 1410 719; x_wconf 85' lang='lat' dir='ltr'><strong>censura</strong></span> <span class='ocrx_word' id='word_1_31' title='bbox 1469 656 1532 715; x_wconf 90' lang='lat' dir='ltr'><strong>T.</strong></span> <span class='ocrx_word' id='word_1_32' title='bbox 1577 655 1911 717; x_wconf 85' lang='lat' dir='ltr'><strong>Fullonium</strong></span> <span class='ocrx_word' id='word_1_33' title='bbox 1973 655 2425 736; x_wconf 86' lang='lat' dir='ltr'><strong>Bononiensem,</strong></span> <span class='ocrx_word' id='word_1_34' title='bbox 2486 657 2664 737; x_wconf 90' lang='lat' dir='ltr'><strong>idque</strong></span> 
     </span>
     <span class='ocr_line' id='line_1_5' title="bbox 363 748 2662 839; baseline 0.002 -27"><span class='ocrx_word' id='word_1_35' title='bbox 363 752 594 813; x_wconf 84' lang='lat' dir='ltr'><strong>collatis</strong></span> <span class='ocrx_word' id='word_1_36' title='bbox 654 752 960 833; x_wconf 82' lang='lat' dir='ltr'><strong>censibus,</strong></span> <span class='ocrx_word' id='word_1_37' title='bbox 1023 772 1172 833; x_wconf 89' lang='lat' dir='ltr'><strong>quos</strong></span> <span class='ocrx_word' id='word_1_38' title='bbox 1236 762 1372 815; x_wconf 88' lang='lat' dir='ltr'><strong>ante</strong></span> <span class='ocrx_word' id='word_1_39' title='bbox 1439 753 1734 817; x_wconf 87' lang='lat' dir='ltr'><strong>detulerat</strong></span> <span class='ocrx_word' id='word_1_40' title='bbox 1794 756 2073 835; x_wconf 85' lang='lat' dir='ltr'><strong>uitaeque</strong></span> <span class='ocrx_word' id='word_1_41' title='bbox 2132 758 2499 835; x_wconf 82' lang='lat' dir='ltr'><strong>argumentis</strong></span> <span class='ocrx_word' id='word_1_42' title='bbox 2547 748 2662 839; x_wconf 88' lang='lat' dir='ltr'><strong>(et-</strong></span> 
     </span>
    </p>

    <p class='ocr_par' dir='ltr' id='par_1_3' title="bbox 277 846 2663 1611">
     <span class='ocr_line' id='line_1_6' title="bbox 279 846 1975 937; baseline 0.002 -26"><span class='ocrx_word' id='word_1_43' title='bbox 279 870 310 911; x_wconf 74' lang='lat' dir='ltr'><strong>s</strong></span> <span class='ocrx_word' id='word_1_44' title='bbox 365 852 528 911; x_wconf 89' lang='lat' dir='ltr'><strong>enim</strong></span> <span class='ocrx_word' id='word_1_45' title='bbox 577 869 756 912; x_wconf 86' lang='lat' dir='ltr'><strong>curae</strong></span> <span class='ocrx_word' id='word_1_46' title='bbox 805 852 1064 931; x_wconf 88' lang='lat' dir='ltr'><strong>principi</strong></span> <span class='ocrx_word' id='word_1_47' title='bbox 1109 851 1171 914; x_wconf 92' lang='lat' dir='ltr'><strong>id</strong></span> <span class='ocrx_word' id='word_1_48' title='bbox 1217 846 1374 937; x_wconf 83' lang='lat' dir='ltr'><strong>erat)</strong></span> <span class='ocrx_word' id='word_1_49' title='bbox 1423 870 1637 913; x_wconf 90' lang='lat' dir='ltr'><strong>uerum</strong></span> <span class='ocrx_word' id='word_1_50' title='bbox 1684 854 1975 933; x_wconf 86' lang='lat' dir='ltr'><strong>apparuit.</strong></span> 
     </span>
     <span class='ocr_line' id='line_1_7' title="bbox 547 951 2663 1023; baseline 0.002 -4"><span class='ocrx_word' id='word_1_51' title='bbox 547 951 664 1019; x_wconf 79' lang='lat'><strong>12.</strong></span> <span class='ocrx_word' id='word_1_52' title='bbox 714 961 870 1020; x_wconf 81' lang='lat' dir='ltr'><strong>Plin.</strong></span> <span class='ocrx_word' id='word_1_53' title='bbox 908 978 966 1020; x_wconf 85' lang='lat' dir='ltr'><strong>n.</strong></span> <span class='ocrx_word' id='word_1_54' title='bbox 1003 962 1062 1022; x_wconf 74' lang='grc'><strong>11.</strong></span> <span class='ocrx_word' id='word_1_55' title='bbox 1115 960 1277 1022; x_wconf 84' lang='lat' dir='ltr'><em>VIII</em></span> <span class='ocrx_word' id='word_1_56' title='bbox 1313 962 1357 1021; x_wconf 86' lang='grc'><strong><em>6</em></strong></span> <span class='ocrx_word' id='word_1_57' title='bbox 1411 959 1719 1021; x_wconf 85' lang='lat' dir='ltr'><strong>Mucianus</strong></span> <span class='ocrx_word' id='word_1_58' title='bbox 1776 968 1869 1021; x_wconf 88' lang='lat' dir='ltr'><strong>ter</strong></span> <span class='ocrx_word' id='word_1_59' title='bbox 1915 960 2124 1023; x_wconf 87' lang='lat' dir='ltr'><strong>consul</strong></span> <span class='ocrx_word' id='word_1_60' title='bbox 2170 969 2377 1023; x_wconf 85' lang='lat' dir='ltr'><strong>auctor</strong></span> <span class='ocrx_word' id='word_1_61' title='bbox 2422 968 2515 1023; x_wconf 86' lang='lat' dir='ltr'><strong>est</strong></span> <span class='ocrx_word' id='word_1_62' title='bbox 2559 961 2663 1023; x_wconf 92' lang='lat' dir='ltr'><strong>ali·</strong></span> 
     </span>
     <span class='ocr_line' id='line_1_8' title="bbox 363 1056 2661 1136; baseline 0.002 -19"><span class='ocrx_word' id='word_1_63' title='bbox 363 1075 542 1136; x_wconf 83' lang='lat' dir='ltr'><strong>quem</strong></span> <span class='ocrx_word' id='word_1_64' title='bbox 600 1075 672 1117; x_wconf 86' lang='lat' dir='ltr'><strong>ex</strong></span> <span class='ocrx_word' id='word_1_65' title='bbox 731 1057 828 1117; x_wconf 85' lang='lat' dir='ltr'><strong>his</strong></span> <span class='ocrx_word' id='word_1_66' title='bbox 877 1056 1264 1136; x_wconf 76' lang='lat' dir='ltr'><strong>[elephantis]</strong></span> <span class='ocrx_word' id='word_1_67' title='bbox 1323 1066 1386 1119; x_wconf 92' lang='lat' dir='ltr'><strong>et</strong></span> <span class='ocrx_word' id='word_1_68' title='bbox 1436 1058 1775 1121; x_wconf 84' lang='lat' dir='ltr'><strong>litterarum</strong></span> <span class='ocrx_word' id='word_1_69' title='bbox 1834 1058 2047 1121; x_wconf 91' lang='grc'><strong>(11101115</strong></span> <span class='ocrx_word' id='word_1_70' title='bbox 2095 1058 2454 1121; x_wconf 87' lang='lat' dir='ltr'><strong>Graecarum</strong></span> <span class='ocrx_word' id='word_1_71' title='bbox 2512 1060 2661 1121; x_wconf 87' lang='lat' dir='ltr'><strong>didi-</strong></span> 
     </span>
     <span class='ocr_line' id='line_1_9' title="bbox 361 1155 2659 1237; baseline 0.002 -22"><span class='ocrx_word' id='word_1_72' title='bbox 361 1158 518 1216; x_wconf 86' lang='lat' dir='ltr'><strong>cisse</strong></span> <span class='ocrx_word' id='word_1_73' title='bbox 566 1155 926 1235; x_wconf 87' lang='lat' dir='ltr'><strong>solitumque</strong></span> <span class='ocrx_word' id='word_1_74' title='bbox 971 1156 1350 1236; x_wconf 86' lang='lat' dir='ltr'><strong>perscribere</strong></span> <span class='ocrx_word' id='word_1_75' title='bbox 1397 1158 1527 1218; x_wconf 91' lang='lat' dir='ltr'><strong>eius</strong></span> <span class='ocrx_word' id='word_1_76' title='bbox 1574 1156 1811 1235; x_wconf 90' lang='lat' dir='ltr'><strong>linguae</strong></span> <span class='ocrx_word' id='word_1_77' title='bbox 1849 1157 2078 1218; x_wconf 90' lang='lat' dir='ltr'><strong>uerbis:</strong></span> <span class='ocrx_word' id='word_1_78' title='bbox 2129 1156 2294 1237; x_wconf 72' lang='lat' dir='ltr'><strong>‘lpse</strong></span> <span class='ocrx_word' id='word_1_79' title='bbox 2350 1177 2458 1237; x_wconf 91' lang='lat' dir='ltr'><strong>ego</strong></span> <span class='ocrx_word' id='word_1_80' title='bbox 2511 1158 2659 1219; x_wconf 88' lang='lat' dir='ltr'><strong>haec</strong></span> 
     </span>
     <span class='ocr_line' id='line_1_10' title="bbox 361 1250 2653 1335; baseline 0.002 -22"><span class='ocrx_word' id='word_1_81' title='bbox 361 1255 578 1333; x_wconf 89' lang='lat' dir='ltr'><strong>scripsi</strong></span> <span class='ocrx_word' id='word_1_82' title='bbox 625 1262 685 1314; x_wconf 93' lang='lat' dir='ltr'><strong>et</strong></span> <span class='ocrx_word' id='word_1_83' title='bbox 729 1253 914 1333; x_wconf 88' lang='lat' dir='ltr'><strong>spolia</strong></span> <span class='ocrx_word' id='word_1_84' title='bbox 961 1254 1182 1316; x_wconf 90' lang='lat' dir='ltr'><strong>Celtica</strong></span> <span class='ocrx_word' id='word_1_85' title='bbox 1228 1250 1472 1332; x_wconf 89' lang='lat' dir='ltr'><strong>dicaui&#39;,</strong></span> <span class='ocrx_word' id='word_1_86' title='bbox 1517 1257 1782 1335; x_wconf 83' lang='lat' dir='ltr'><strong>itemque</strong></span> <span class='ocrx_word' id='word_1_87' title='bbox 1820 1274 1884 1317; x_wconf 90' lang='lat' dir='ltr'><strong>se</strong></span> <span class='ocrx_word' id='word_1_88' title='bbox 1920 1254 2163 1317; x_wconf 90' lang='lat' dir='ltr'><strong>uidente</strong></span> <span class='ocrx_word' id='word_1_89' title='bbox 2199 1256 2480 1335; x_wconf 79' lang='lat' dir='ltr'><strong>PuteoliS,</strong></span> <span class='ocrx_word' id='word_1_90' title='bbox 2517 1276 2653 1318; x_wconf 90' lang='lat' dir='ltr'><strong>cum</strong></span> 
     </span>
     <span class='ocr_line' id='line_1_11' title="bbox 277 1351 2653 1435; baseline 0.001 -23"><span class='ocrx_word' id='word_1_91' title='bbox 277 1370 336 1411; x_wconf 86' lang='grc' dir='ltr'><strong>ιο</strong></span> <span class='ocrx_word' id='word_1_92' title='bbox 363 1351 598 1413; x_wconf 84' lang='lat' dir='ltr'><strong>aduecti</strong></span> <span class='ocrx_word' id='word_1_93' title='bbox 647 1370 680 1413; x_wconf 94' lang='lat' dir='ltr'><strong>e</strong></span> <span class='ocrx_word' id='word_1_94' title='bbox 725 1370 878 1414; x_wconf 89' lang='lat' dir='ltr'><strong>naue</strong></span> <span class='ocrx_word' id='word_1_95' title='bbox 927 1352 1133 1433; x_wconf 85' lang='lat' dir='ltr'><strong>egredi</strong></span> <span class='ocrx_word' id='word_1_96' title='bbox 1178 1362 1552 1432; x_wconf 86' lang='lat' dir='ltr'><strong>cogerentur,</strong></span> <span class='ocrx_word' id='word_1_97' title='bbox 1599 1356 1843 1414; x_wconf 88' lang='lat' dir='ltr'><strong>territos</strong></span> <span class='ocrx_word' id='word_1_98' title='bbox 1888 1356 2077 1433; x_wconf 88' lang='lat' dir='ltr'><strong>spatio</strong></span> <span class='ocrx_word' id='word_1_99' title='bbox 2122 1356 2320 1434; x_wconf 89' lang='lat' dir='ltr'><strong>pontis</strong></span> <span class='ocrx_word' id='word_1_100' title='bbox 2366 1355 2573 1435; x_wconf 89' lang='lat' dir='ltr'><strong>procul</strong></span> <span class='ocrx_word' id='word_1_101' title='bbox 2621 1374 2653 1415; x_wconf 91' lang='lat' dir='ltr'><strong>a</strong></span> 
     </span>
     <span class='ocr_line' id='line_1_12' title="bbox 362 1451 2659 1532; baseline 0.001 -21"><span class='ocrx_word' id='word_1_102' title='bbox 362 1452 708 1513; x_wconf 85' lang='lat' dir='ltr'><strong>continente</strong></span> <span class='ocrx_word' id='word_1_103' title='bbox 763 1454 1050 1531; x_wconf 82' lang='lat' dir='ltr'><strong>porrecti,</strong></span> <span class='ocrx_word' id='word_1_104' title='bbox 1103 1460 1173 1515; x_wconf 88' lang='lat' dir='ltr'><strong>ut</strong></span> <span class='ocrx_word' id='word_1_105' title='bbox 1227 1470 1358 1513; x_wconf 90' lang='lat' dir='ltr'><strong>sese</strong></span> <span class='ocrx_word' id='word_1_106' title='bbox 1415 1451 1863 1531; x_wconf 87' lang='lat' dir='ltr'><strong>longinquitatis</strong></span> <span class='ocrx_word' id='word_1_107' title='bbox 1912 1454 2321 1514; x_wconf 89' lang='lat' dir='ltr'><strong>aestimatione</strong></span> <span class='ocrx_word' id='word_1_108' title='bbox 2369 1452 2659 1532; x_wconf 79' lang='lat' dir='ltr'><strong>fallerent,</strong></span> 
     </span>
     <span class='ocr_line' id='line_1_13' title="bbox 363 1551 1141 1611; baseline 0 -2"><span class='ocrx_word' id='word_1_109' title='bbox 363 1566 610 1611; x_wconf 87' lang='lat' dir='ltr'><strong>auersos</strong></span> <span class='ocrx_word' id='word_1_110' title='bbox 655 1558 956 1611; x_wconf 84' lang='lat' dir='ltr'><strong>retrorsus</strong></span> <span class='ocrx_word' id='word_1_111' title='bbox 1002 1551 1141 1611; x_wconf 87' lang='lat' dir='ltr'><strong>isse.</strong></span> 
     </span>
    </p>
   </div>
   <div class='ocr_carea' id='block_1_3' title="bbox 277 1649 2666 2227">
    <p class='ocr_par' dir='ltr' id='par_1_4' title="bbox 277 1649 2666 2227">
     <span class='ocr_line' id='line_1_14' title="bbox 547 1649 2661 1737; baseline 0.001 -19"><span class='ocrx_word' id='word_1_112' title='bbox 547 1649 664 1719; x_wconf 79' lang='lat'><strong>13.</strong></span> <span class='ocrx_word' id='word_1_113' title='bbox 715 1658 872 1718; x_wconf 72' lang='lat' dir='ltr'><strong>Ptin.</strong></span> <span class='ocrx_word' id='word_1_114' title='bbox 911 1676 968 1718; x_wconf 86' lang='lat' dir='ltr'><strong>n.</strong></span> <span class='ocrx_word' id='word_1_115' title='bbox 1007 1660 1064 1719; x_wconf 75' lang='lat' dir='ltr'><strong>h.</strong></span> <span class='ocrx_word' id='word_1_116' title='bbox 1108 1658 1271 1719; x_wconf 85' lang='lat' dir='ltr'><em>VIII</em></span> <span class='ocrx_word' id='word_1_117' title='bbox 1298 1657 1427 1718; x_wconf 86' lang='lat'><strong>201</strong></span> <span class='ocrx_word' id='word_1_118' title='bbox 1479 1656 1814 1719; x_wconf 89' lang='lat' dir='ltr'><strong>Sollertiam</strong></span> <span class='ocrx_word' id='word_1_119' title='bbox 1874 1660 2003 1719; x_wconf 89' lang='lat' dir='ltr'><strong>eius</strong></span> <span class='ocrx_word' id='word_1_120' title='bbox 2060 1658 2331 1721; x_wconf 87' lang='lat' dir='ltr'><strong>animalis</strong></span> <span class='ocrx_word' id='word_1_121' title='bbox 2378 1656 2661 1737; x_wconf 69' lang='lat' dir='ltr'><strong>[caprae]</strong></span> 
     </span>
     <span class='ocr_line' id='line_1_15' title="bbox 361 1754 2661 1836; baseline 0.001 -22"><span class='ocrx_word' id='word_1_122' title='bbox 361 1754 672 1816; x_wconf 78' lang='lat' dir='ltr'><strong>Mucianus</strong></span> <span class='ocrx_word' id='word_1_123' title='bbox 717 1756 906 1815; x_wconf 84' lang='lat' dir='ltr'><strong>uisam</strong></span> <span class='ocrx_word' id='word_1_124' title='bbox 953 1755 1071 1817; x_wconf 90' lang='lat' dir='ltr'><strong>sibi</strong></span> <span class='ocrx_word' id='word_1_125' title='bbox 1117 1755 1382 1835; x_wconf 89' lang='lat' dir='ltr'><strong>prodidit</strong></span> <span class='ocrx_word' id='word_1_126' title='bbox 1423 1758 1486 1816; x_wconf 90' lang='lat' dir='ltr'><strong>in</strong></span> <span class='ocrx_word' id='word_1_127' title='bbox 1531 1764 1713 1836; x_wconf 88' lang='lat' dir='ltr'><strong>ponte</strong></span> <span class='ocrx_word' id='word_1_128' title='bbox 1752 1760 2081 1835; x_wconf 88' lang='lat' dir='ltr'><strong>praetenui,</strong></span> <span class='ocrx_word' id='word_1_129' title='bbox 2130 1756 2357 1818; x_wconf 88' lang='lat' dir='ltr'><strong>duabus</strong></span> <span class='ocrx_word' id='word_1_130' title='bbox 2396 1755 2589 1818; x_wconf 89' lang='lat' dir='ltr'><strong>obuiis</strong></span> <span class='ocrx_word' id='word_1_131' title='bbox 2630 1776 2661 1817; x_wconf 93' lang='lat' dir='ltr'><strong>e</strong></span> 
     </span>
     <span class='ocr_line' id='line_1_16' title="bbox 277 1852 2662 1936; baseline 0.001 -23"><span class='ocrx_word' id='word_1_132' title='bbox 277 1879 336 1920; x_wconf 63' lang='grc' dir='ltr'><strong>ιε</strong></span> <span class='ocrx_word' id='word_1_133' title='bbox 365 1852 606 1913; x_wconf 88' lang='lat' dir='ltr'><strong>diuerso</strong></span> <span class='ocrx_word' id='word_1_134' title='bbox 655 1872 792 1914; x_wconf 88' lang='lat' dir='ltr'><strong>cum</strong></span> <span class='ocrx_word' id='word_1_135' title='bbox 838 1856 1266 1915; x_wconf 89' lang='lat' dir='ltr'><strong>circumactum</strong></span> <span class='ocrx_word' id='word_1_136' title='bbox 1314 1856 1622 1933; x_wconf 86' lang='lat' dir='ltr'><strong>angustiae</strong></span> <span class='ocrx_word' id='word_1_137' title='bbox 1668 1872 1789 1915; x_wconf 91' lang='lat' dir='ltr'><strong>non</strong></span> <span class='ocrx_word' id='word_1_138' title='bbox 1837 1864 2119 1933; x_wconf 87' lang='lat' dir='ltr'><strong>caperent</strong></span> <span class='ocrx_word' id='word_1_139' title='bbox 2172 1873 2283 1916; x_wconf 91' lang='lat' dir='ltr'><strong>nec</strong></span> <span class='ocrx_word' id='word_1_140' title='bbox 2330 1857 2662 1936; x_wconf 89' lang='lat' dir='ltr'><strong>reciproca-</strong></span> 
     </span>
     <span class='ocr_line' id='line_1_17' title="bbox 360 1950 2666 2033; baseline 0.002 -22"><span class='ocrx_word' id='word_1_141' title='bbox 360 1954 587 2012; x_wconf 85' lang='lat' dir='ltr'><strong>tionem</strong></span> <span class='ocrx_word' id='word_1_142' title='bbox 653 1950 956 2030; x_wconf 88' lang='lat' dir='ltr'><strong>longitudo</strong></span> <span class='ocrx_word' id='word_1_143' title='bbox 1022 1954 1080 2012; x_wconf 89' lang='grc'><strong>111</strong></span> <span class='ocrx_word' id='word_1_144' title='bbox 1149 1951 1410 2013; x_wconf 82' lang='lat' dir='ltr'><strong>exilitate</strong></span> <span class='ocrx_word' id='word_1_145' title='bbox 1477 1970 1678 2032; x_wconf 87' lang='lat' dir='ltr'><strong>caeca,</strong></span> <span class='ocrx_word' id='word_1_146' title='bbox 1752 1960 2017 2015; x_wconf 90' lang='lat' dir='ltr'><strong>torrente</strong></span> <span class='ocrx_word' id='word_1_147' title='bbox 2083 1952 2287 2033; x_wconf 85' lang='lat' dir='ltr'><strong>rapido</strong></span> <span class='ocrx_word' id='word_1_148' title='bbox 2352 1956 2666 2015; x_wconf 86' lang='lat' dir='ltr'><strong>minaciter</strong></span> 
     </span>
     <span class='ocr_line' id='line_1_18' title="bbox 361 2048 2663 2131; baseline 0.002 -22"><span class='ocrx_word' id='word_1_149' title='bbox 361 2048 824 2127; x_wconf 86' lang='lat' dir='ltr'><strong>subterfluente,</strong></span> <span class='ocrx_word' id='word_1_150' title='bbox 881 2049 1126 2111; x_wconf 88' lang='lat' dir='ltr'><strong>alteram</strong></span> <span class='ocrx_word' id='word_1_151' title='bbox 1190 2049 1545 2112; x_wconf 85' lang='lat' dir='ltr'><strong>decubuisse</strong></span> <span class='ocrx_word' id='word_1_152' title='bbox 1603 2058 1778 2131; x_wconf 81' lang='lat' dir='ltr'><strong>atque</strong></span> <span class='ocrx_word' id='word_1_153' title='bbox 1840 2052 1919 2112; x_wconf 90' lang='lat' dir='ltr'><strong>ita</strong></span> <span class='ocrx_word' id='word_1_154' title='bbox 1984 2051 2227 2113; x_wconf 83' lang='lat' dir='ltr'><strong>alteram</strong></span> <span class='ocrx_word' id='word_1_155' title='bbox 2287 2050 2663 2131; x_wconf 80' lang='lat' dir='ltr'><strong>proculcatae</strong></span> 
     </span>
     <span class='ocr_line' id='line_1_19' title="bbox 361 2166 835 2227; baseline -0.002 -18"><span class='ocrx_word' id='word_1_156' title='bbox 361 2166 835 2227; x_wconf 81' lang='lat' dir='ltr'><strong>supergressam.</strong></span> 
     </span>
    </p>
   </div>
   <div class='ocr_carea' id='block_1_4' title="bbox 273 2248 2662 2808">
    <p class='ocr_par' dir='ltr' id='par_1_5' title="bbox 546 2248 2662 2337">
     <span class='ocr_line' id='line_1_20' title="bbox 546 2248 2662 2337; baseline 0.002 -22"><span class='ocrx_word' id='word_1_157' title='bbox 546 2248 664 2318; x_wconf 77' lang='lat'><strong>14.</strong></span> <span class='ocrx_word' id='word_1_158' title='bbox 714 2256 870 2317; x_wconf 78' lang='lat' dir='ltr'><strong>Plin.</strong></span> <span class='ocrx_word' id='word_1_159' title='bbox 909 2274 967 2317; x_wconf 84' lang='lat' dir='ltr'><strong>n.</strong></span> <span class='ocrx_word' id='word_1_160' title='bbox 1004 2257 1062 2316; x_wconf 78' lang='lat' dir='ltr'><strong>h.</strong></span> <span class='ocrx_word' id='word_1_161' title='bbox 1117 2256 1277 2317; x_wconf 88' lang='lat' dir='ltr'><em>VIII</em></span> <span class='ocrx_word' id='word_1_162' title='bbox 1306 2255 1440 2316; x_wconf 81' lang='lat'><strong>215</strong></span> <span class='ocrx_word' id='word_1_163' title='bbox 1487 2254 1807 2319; x_wconf 88' lang='lat' dir='ltr'><strong>Simiarum</strong></span> <span class='ocrx_word' id='word_1_164' title='bbox 1856 2275 2091 2337; x_wconf 87' lang='lat' dir='ltr'><strong>quoque</strong></span> <span class='ocrx_word' id='word_1_165' title='bbox 2138 2275 2357 2335; x_wconf 84' lang='lat' dir='ltr'><strong>genera</strong></span> <span class='ocrx_word' id='word_1_166' title='bbox 2402 2258 2662 2320; x_wconf 85' lang='lat' dir='ltr'><strong>bominis</strong></span> 
     </span>
    </p>

    <p class='ocr_par' dir='ltr' id='par_1_6' title="bbox 273 2353 2661 2433">
     <span class='ocr_line' id='line_1_21' title="bbox 273 2353 2661 2433; baseline -0 -15"><span class='ocrx_word' id='word_1_167' title='bbox 273 2378 336 2418; x_wconf 72' lang='lat' dir='ltr'><strong>so</strong></span> <span class='ocrx_word' id='word_1_168' title='bbox 361 2354 588 2432; x_wconf 83' lang='lat' dir='ltr'><strong>figurae</strong></span> <span class='ocrx_word' id='word_1_169' title='bbox 653 2355 924 2433; x_wconf 85' lang='lat' dir='ltr'><strong>proxima</strong></span> <span class='ocrx_word' id='word_1_170' title='bbox 991 2353 1193 2415; x_wconf 80' lang='lat' dir='ltr'><strong>caudis</strong></span> <span class='ocrx_word' id='word_1_171' title='bbox 1249 2354 1408 2415; x_wconf 91' lang='lat' dir='ltr'><strong>inter</strong></span> <span class='ocrx_word' id='word_1_172' title='bbox 1469 2372 1536 2415; x_wconf 87' lang='lat' dir='ltr'><strong>se</strong></span> <span class='ocrx_word' id='word_1_173' title='bbox 1604 2354 2067 2433; x_wconf 81' lang='lat' dir='ltr'><strong>distinguuntur.</strong></span> <span class='ocrx_word' id='word_1_174' title='bbox 2167 2357 2320 2418; x_wconf 87' lang='lat' dir='ltr'><strong>mira</strong></span> <span class='ocrx_word' id='word_1_175' title='bbox 2382 2355 2661 2417; x_wconf 88' lang='lat' dir='ltr'><strong>sollertia.</strong></span> 
     </span>
    </p>

    <p class='ocr_par' dir='ltr' id='par_1_7' title="bbox 360 2549 2660 2632">
     <span class='ocr_line' id='line_1_22' title="bbox 360 2549 2660 2632; baseline 0.002 -22"><span class='ocrx_word' id='word_1_176' title='bbox 360 2549 670 2611; x_wconf 83' lang='lat' dir='ltr'><strong>Mucianus</strong></span> <span class='ocrx_word' id='word_1_177' title='bbox 717 2556 778 2611; x_wconf 89' lang='lat' dir='ltr'><strong>et</strong></span> <span class='ocrx_word' id='word_1_178' title='bbox 821 2549 1174 2611; x_wconf 88' lang='lat' dir='ltr'><strong>latrunculis</strong></span> <span class='ocrx_word' id='word_1_179' title='bbox 1211 2549 1446 2629; x_wconf 86' lang='lat' dir='ltr'><strong>lusisse,</strong></span> <span class='ocrx_word' id='word_1_180' title='bbox 1493 2551 1661 2611; x_wconf 84' lang='lat' dir='ltr'><strong>fictas</strong></span> <span class='ocrx_word' id='word_1_181' title='bbox 1700 2569 1838 2612; x_wconf 87' lang='lat' dir='ltr'><strong>cera</strong></span> <span class='ocrx_word' id='word_1_182' title='bbox 1874 2570 2059 2613; x_wconf 88' lang='lat' dir='ltr'><strong>nuces</strong></span> <span class='ocrx_word' id='word_1_183' title='bbox 2096 2553 2233 2613; x_wconf 89' lang='lat' dir='ltr'><strong>uisu</strong></span> <span class='ocrx_word' id='word_1_184' title='bbox 2273 2552 2660 2632; x_wconf 87' lang='lat' dir='ltr'><strong>distinguere,</strong></span> 
     </span>
    </p>

    <p class='ocr_par' dir='ltr' id='par_1_8' title="bbox 360 2647 2660 2808">
     <span class='ocr_line' id='line_1_23' title="bbox 360 2647 2660 2731; baseline 0.003 -23"><span class='ocrx_word' id='word_1_185' title='bbox 360 2648 500 2709; x_wconf 87' lang='lat' dir='ltr'><strong>luna</strong></span> <span class='ocrx_word' id='word_1_186' title='bbox 557 2666 700 2709; x_wconf 88' lang='lat' dir='ltr'><strong>caua</strong></span> <span class='ocrx_word' id='word_1_187' title='bbox 755 2650 959 2709; x_wconf 85' lang='lat' dir='ltr'><strong>tristes</strong></span> <span class='ocrx_word' id='word_1_188' title='bbox 1017 2666 1176 2728; x_wconf 88' lang='lat' dir='ltr'><strong>esse,</strong></span> <span class='ocrx_word' id='word_1_189' title='bbox 1242 2648 1460 2728; x_wconf 88' lang='lat' dir='ltr'><strong>quibus</strong></span> <span class='ocrx_word' id='word_1_190' title='bbox 1517 2650 1577 2709; x_wconf 91' lang='lat' dir='ltr'><strong>in</strong></span> <span class='ocrx_word' id='word_1_191' title='bbox 1636 2668 1707 2710; x_wconf 92' lang='lat' dir='ltr'><strong>eo</strong></span> <span class='ocrx_word' id='word_1_192' title='bbox 1760 2666 1981 2729; x_wconf 85' lang='lat' dir='ltr'><strong>genere</strong></span> <span class='ocrx_word' id='word_1_193' title='bbox 2042 2647 2227 2713; x_wconf 88' lang='lat' dir='ltr'><strong>cauda</strong></span> <span class='ocrx_word' id='word_1_194' title='bbox 2284 2652 2389 2731; x_wconf 87' lang='lat' dir='ltr'><strong>sit,</strong></span> <span class='ocrx_word' id='word_1_195' title='bbox 2444 2650 2660 2714; x_wconf 86' lang='lat' dir='ltr'><strong>nouam</strong></span> 
     </span>
     <span class='ocr_line' id='line_1_24' title="bbox 361 2745 1038 2808; baseline 0 -1"><span class='ocrx_word' id='word_1_196' title='bbox 361 2745 726 2808; x_wconf 77' lang='lat' dir='ltr'><strong>exultatione</strong></span> <span class='ocrx_word' id='word_1_197' title='bbox 772 2745 1038 2807; x_wconf 86' lang='lat' dir='ltr'><strong>adorare.</strong></span> 
     </span>
    </p>
   </div>
   <div class='ocr_carea' id='block_1_5' title="bbox 269 2840 2661 3309">
    <p class='ocr_par' dir='ltr' id='par_1_9' title="bbox 269 2840 2661 3309">
     <span class='ocr_line' id='line_1_25' title="bbox 269 2840 2661 2936; baseline 0 -17"><span class='ocrx_word' id='word_1_198' title='bbox 269 2878 330 2920; x_wconf 75' lang='lat'><strong>25</strong></span> <span class='ocrx_word' id='word_1_199' title='bbox 544 2846 658 2917; x_wconf 77' lang='lat'><strong>15.</strong></span> <span class='ocrx_word' id='word_1_200' title='bbox 707 2854 863 2916; x_wconf 80' lang='lat' dir='ltr'><strong>Plin.</strong></span> <span class='ocrx_word' id='word_1_201' title='bbox 902 2873 960 2915; x_wconf 86' lang='lat' dir='ltr'><strong>n.</strong></span> <span class='ocrx_word' id='word_1_202' title='bbox 989 2857 1046 2916; x_wconf 76' lang='lat' dir='ltr'><strong>h.</strong></span> <span class='ocrx_word' id='word_1_203' title='bbox 1081 2840 1282 2916; x_wconf 84' lang='lat' dir='ltr'><em>VIIII</em></span> <span class='ocrx_word' id='word_1_204' title='bbox 1307 2855 1396 2916; x_wconf 84' lang='lat'><strong>33</strong></span> <span class='ocrx_word' id='word_1_205' title='bbox 1461 2853 1625 2926; x_wconf 87' lang='lat' dir='ltr'><strong>Quae</strong></span> <span class='ocrx_word' id='word_1_206' title='bbox 1675 2854 1745 2916; x_wconf 88' lang='lat' dir='ltr'><strong>de</strong></span> <span class='ocrx_word' id='word_1_207' title='bbox 1787 2853 1993 2917; x_wconf 89' lang='lat' dir='ltr'><strong>eodem</strong></span> <span class='ocrx_word' id='word_1_208' title='bbox 2031 2874 2252 2935; x_wconf 86' lang='lat' dir='ltr'><strong>genere</strong></span> <span class='ocrx_word' id='word_1_209' title='bbox 2290 2856 2561 2936; x_wconf 85' lang='lat' dir='ltr'><strong>piscandi</strong></span> <span class='ocrx_word' id='word_1_210' title='bbox 2597 2858 2661 2919; x_wconf 90' lang='lat' dir='ltr'><strong>in</strong></span> 
     </span>
     <span class='ocr_line' id='line_1_26' title="bbox 358 2946 2659 3034; baseline 0.002 -22"><span class='ocrx_word' id='word_1_211' title='bbox 358 2952 512 3013; x_wconf 84' lang='lat' dir='ltr'><strong>Iasio</strong></span> <span class='ocrx_word' id='word_1_212' title='bbox 560 2954 696 3013; x_wconf 91' lang='lat' dir='ltr'><strong>sinu</strong></span> <span class='ocrx_word' id='word_1_213' title='bbox 741 2950 1048 3014; x_wconf 81' lang='lat' dir='ltr'><strong>Mucianus</strong></span> <span class='ocrx_word' id='word_1_214' title='bbox 1095 2952 1300 3032; x_wconf 82' lang='lat' dir='ltr'><strong>tradit,</strong></span> <span class='ocrx_word' id='word_1_215' title='bbox 1359 2951 1471 3013; x_wconf 88' lang='lat' dir='ltr'><strong>hoc</strong></span> <span class='ocrx_word' id='word_1_216' title='bbox 1520 2949 1828 3032; x_wconf 77' lang='lat' dir='ltr'><strong>differunt,</strong></span> <span class='ocrx_word' id='word_1_217' title='bbox 1876 2946 2047 3034; x_wconf 79' lang='lat' dir='ltr'><strong>&#39;quod</strong></span> <span class='ocrx_word' id='word_1_218' title='bbox 2101 2952 2259 3016; x_wconf 89' lang='lat' dir='ltr'><strong>ultro</strong></span> <span class='ocrx_word' id='word_1_219' title='bbox 2315 2972 2511 3034; x_wconf 89' lang='lat' dir='ltr'><strong>neque</strong></span> <span class='ocrx_word' id='word_1_220' title='bbox 2570 2956 2659 3017; x_wconf 89' lang='grc'><strong>111·</strong></span> 
     </span>
     <span class='ocr_line' id='line_1_27' title="bbox 359 3046 2660 3132; baseline 0.001 -21"><span class='ocrx_word' id='word_1_221' title='bbox 359 3051 599 3112; x_wconf 88' lang='lat' dir='ltr'><strong>clamati</strong></span> <span class='ocrx_word' id='word_1_222' title='bbox 637 3046 963 3131; x_wconf 73' lang='lat' dir='ltr'><strong>[delphini]</strong></span> <span class='ocrx_word' id='word_1_223' title='bbox 1011 3058 1248 3131; x_wconf 77' lang='lat' dir='ltr'><strong>praest-o</strong></span> <span class='ocrx_word' id='word_1_224' title='bbox 1305 3052 1425 3111; x_wconf 89' lang='lat' dir='ltr'><strong>sint</strong></span> <span class='ocrx_word' id='word_1_225' title='bbox 1470 3059 1789 3132; x_wconf 85' lang='lat' dir='ltr'><strong>partesque</strong></span> <span class='ocrx_word' id='word_1_226' title='bbox 1838 3070 1870 3112; x_wconf 91' lang='lat' dir='ltr'><strong>e</strong></span> <span class='ocrx_word' id='word_1_227' title='bbox 1918 3050 2191 3114; x_wconf 87' lang='lat' dir='ltr'><strong>manibus</strong></span> <span class='ocrx_word' id='word_1_228' title='bbox 2249 3054 2544 3132; x_wconf 88' lang='lat' dir='ltr'><strong>accipiant</strong></span> <span class='ocrx_word' id='word_1_229' title='bbox 2598 3062 2660 3113; x_wconf 89' lang='lat' dir='ltr'><strong>et</strong></span> 
     </span>
     <span class='ocr_line' id='line_1_28' title="bbox 357 3140 2658 3230; baseline 0.002 -21"><span class='ocrx_word' id='word_1_230' title='bbox 357 3168 536 3210; x_wconf 91' lang='lat' dir='ltr'><strong>suum</strong></span> <span class='ocrx_word' id='word_1_231' title='bbox 583 3140 854 3229; x_wconf 87' lang='lat' dir='ltr'><strong>quaeque</strong></span> <span class='ocrx_word' id='word_1_232' title='bbox 901 3148 1113 3210; x_wconf 91' lang='lat' dir='ltr'><strong>cumba</strong></span> <span class='ocrx_word' id='word_1_233' title='bbox 1161 3167 1194 3210; x_wconf 93' lang='lat' dir='ltr'><strong>e</strong></span> <span class='ocrx_word' id='word_1_234' title='bbox 1243 3148 1540 3230; x_wconf 88' lang='lat' dir='ltr'><strong>delphinis</strong></span> <span class='ocrx_word' id='word_1_235' title='bbox 1596 3151 1825 3211; x_wconf 89' lang='lat' dir='ltr'><strong>socium</strong></span> <span class='ocrx_word' id='word_1_236' title='bbox 1878 3150 2093 3211; x_wconf 88' lang='lat' dir='ltr'><strong>babeat</strong></span> <span class='ocrx_word' id='word_1_237' title='bbox 2149 3153 2422 3230; x_wconf 89' lang='lat' dir='ltr'><strong>quamuis</strong></span> <span class='ocrx_word' id='word_1_238' title='bbox 2476 3159 2658 3213; x_wconf 89' lang='lat' dir='ltr'><strong>noctu</strong></span> 
     </span>
     <span class='ocr_line' id='line_1_29' title="bbox 359 3246 786 3309; baseline -0.005 0"><span class='ocrx_word' id='word_1_239' title='bbox 359 3255 418 3309; x_wconf 90' lang='grc'><strong>01</strong></span> <span class='ocrx_word' id='word_1_240' title='bbox 465 3246 540 3309; x_wconf 92' lang='grc'><strong>311</strong></span> <span class='ocrx_word' id='word_1_241' title='bbox 586 3248 786 3309; x_wconf 77' lang='lat' dir='ltr'><strong>facies,</strong></span> 
     </span>
    </p>
   </div>
   <div class='ocr_carea' id='block_1_6' title="bbox 358 3388 840 3399">
    <p class='ocr_par' dir='ltr' id='par_1_10' title="bbox 358 3388 840 3399">
     <span class='ocr_line' id='line_1_30' title="bbox 358 3388 840 3399; baseline 0 1635"><span class='ocrx_word' id='word_1_242' title='bbox 358 3388 840 3399; x_wconf 95' lang='lat' dir='ltr'><strong> </strong></span> 
     </span>
    </p>
   </div>
   <div class='ocr_carea' id='block_1_7' title="bbox 358 3472 2663 4365">
    <p class='ocr_par' dir='ltr' id='par_1_11' title="bbox 427 3472 2654 3563">
     <span class='ocr_line' id='line_1_31' title="bbox 427 3472 2654 3563; baseline 0.001 -23"><span class='ocrx_word' id='word_1_243' title='bbox 427 3472 430 3475; x_wconf 35' lang='lat'><strong>⁴</strong></span> <span class='ocrx_word' id='word_1_244' title='bbox 545 3473 657 3559; x_wconf 84' lang='lat' dir='ltr'><strong>ll,</strong></span> <span class='ocrx_word' id='word_1_245' title='bbox 707 3484 764 3539; x_wconf 84' lang='lat'><strong>2.</strong></span> <span class='ocrx_word' id='word_1_246' title='bbox 813 3497 995 3540; x_wconf 86' lang='lat' dir='ltr'><strong>annos</strong></span> <span class='ocrx_word' id='word_1_247' title='bbox 1033 3480 1194 3540; x_wconf 78' lang='lat' dir='ltr'><strong>codd.</strong></span> <span class='ocrx_word' id='word_1_248' title='bbox 1243 3482 1414 3541; x_wconf 74' lang='lat' dir='ltr'><strong>annis</strong></span> <span class='ocrx_word' id='word_1_249' title='bbox 1451 3482 1546 3541; x_wconf 76' lang='lat' dir='ltr'><strong>uel</strong></span> <span class='ocrx_word' id='word_1_250' title='bbox 1591 3501 1879 3542; x_wconf 81' lang='lat' dir='ltr'><strong>annorum</strong></span> <span class='ocrx_word' id='word_1_251' title='bbox 1919 3484 2197 3560; x_wconf 69' lang='lat' dir='ltr'><strong>Mayhoff</strong></span> <span class='ocrx_word' id='word_1_252' title='bbox 2388 3481 2654 3563; x_wconf 86' lang='lat' dir='ltr'><strong>censum]</strong></span> 
     </span>
    </p>

    <p class='ocr_par' dir='ltr' id='par_1_12' title="bbox 358 3569 2663 3738">
     <span class='ocr_line' id='line_1_32' title="bbox 358 3569 2663 3645; baseline 0 -13"><span class='ocrx_word' id='word_1_253' title='bbox 358 3572 479 3632; x_wconf 74' lang='lat' dir='ltr'><strong>eod.</strong></span> <span class='ocrx_word' id='word_1_254' title='bbox 510 3572 678 3631; x_wconf 72' lang='lat' dir='ltr'><strong>Leia.</strong></span> <span class='ocrx_word' id='word_1_255' title='bbox 726 3572 964 3631; x_wconf 80' lang='grc'><strong>00011110</strong></span> <span class='ocrx_word' id='word_1_256' title='bbox 1001 3571 1161 3630; x_wconf 78' lang='lat' dir='ltr'><strong>codd.</strong></span> <span class='ocrx_word' id='word_1_257' title='bbox 1195 3572 1375 3631; x_wconf 76' lang='lat' dir='ltr'><strong>Vatic.</strong></span> <span class='ocrx_word' id='word_1_258' title='bbox 1405 3569 1622 3645; x_wconf 77' lang='lat' dir='ltr'><strong>R(icc.)</strong></span> <span class='ocrx_word' id='word_1_259' title='bbox 1650 3570 1903 3645; x_wconf 66' lang='lat' dir='ltr'><strong>Haris.)</strong></span> <span class='ocrx_word' id='word_1_260' title='bbox 2184 3572 2239 3631; x_wconf 87' lang='lat'><strong>3.</strong></span> <span class='ocrx_word' id='word_1_261' title='bbox 2297 3570 2495 3633; x_wconf 64' lang='lat' dir='ltr'><strong>claudi</strong></span> <span class='ocrx_word' id='word_1_262' title='bbox 2530 3570 2663 3632; x_wconf 79' lang='grc' dir='ltr'><strong>ΒΡ</strong></span> 
     </span>
     <span class='ocr_line' id='line_1_33' title="bbox 361 3660 2343 3738; baseline 0 -19"><span class='ocrx_word' id='word_1_263' title='bbox 361 3660 466 3720; x_wconf 87' lang='lat' dir='ltr'><strong>CL</strong></span> <span class='ocrx_word' id='word_1_264' title='bbox 503 3665 622 3721; x_wconf 76' lang='lat' dir='ltr'><strong>cett.</strong></span> <span class='ocrx_word' id='word_1_265' title='bbox 653 3660 814 3721; x_wconf 82' lang='lat' dir='ltr'><strong>codd.</strong></span> <span class='ocrx_word' id='word_1_266' title='bbox 998 3661 1054 3719; x_wconf 77' lang='grc' dir='ltr'><strong>δ’.</strong></span> <span class='ocrx_word' id='word_1_267' title='bbox 1103 3660 1360 3737; x_wconf 86' lang='lat' dir='ltr'><strong>principi</strong></span> <span class='ocrx_word' id='word_1_268' title='bbox 1405 3660 1469 3719; x_wconf 83' lang='lat' dir='ltr'><strong>id</strong></span> <span class='ocrx_word' id='word_1_269' title='bbox 1507 3662 1806 3735; x_wconf 73' lang='lat' dir='ltr'><strong>Detlefsen</strong></span> <span class='ocrx_word' id='word_1_270' title='bbox 1838 3662 2144 3738; x_wconf 81' lang='lat' dir='ltr'><strong>&#39;principio</strong></span> <span class='ocrx_word' id='word_1_271' title='bbox 2182 3660 2343 3722; x_wconf 77' lang='lat' dir='ltr'><strong>codd.</strong></span> 
     </span>
    </p>

    <p class='ocr_par' dir='ltr' id='par_1_13' title="bbox 545 3742 1263 3828">
     <span class='ocr_line' id='line_1_34' title="bbox 545 3742 1263 3828; baseline -0.001 -19"><span class='ocrx_word' id='word_1_272' title='bbox 545 3742 658 3827; x_wconf 77' lang='lat'><strong>12,</strong></span> <span class='ocrx_word' id='word_1_273' title='bbox 708 3750 764 3809; x_wconf 84' lang='lat'><strong>6.</strong></span> <span class='ocrx_word' id='word_1_274' title='bbox 809 3742 929 3828; x_wconf 73' lang='lat' dir='ltr'><strong>ter]</strong></span> <span class='ocrx_word' id='word_1_275' title='bbox 969 3748 1094 3808; x_wconf 91' lang='lat'>1111</span> <span class='ocrx_word' id='word_1_276' title='bbox 1128 3749 1263 3809; x_wconf 73' lang='grc' dir='ltr'><strong>ΒΡ</strong></span> 
     </span>
    </p>

    <p class='ocr_par' dir='ltr' id='par_1_14' title="bbox 544 3831 1581 3917">
     <span class='ocr_line' id='line_1_35' title="bbox 544 3831 1581 3917; baseline -0.001 -19"><span class='ocrx_word' id='word_1_277' title='bbox 544 3831 657 3917; x_wconf 80' lang='grc'><strong>13,</strong></span> <span class='ocrx_word' id='word_1_278' title='bbox 709 3839 808 3897; x_wconf 90' lang='grc'><strong>16.</strong></span> <span class='ocrx_word' id='word_1_279' title='bbox 857 3856 1089 3897; x_wconf 77' lang='lat' dir='ltr'><strong>caecam</strong></span> <span class='ocrx_word' id='word_1_280' title='bbox 1127 3840 1270 3898; x_wconf 77' lang='lat' dir='ltr'><strong>coni.</strong></span> <span class='ocrx_word' id='word_1_281' title='bbox 1300 3840 1581 3915; x_wconf 68' lang='lat' dir='ltr'><strong>Mayhoff</strong></span> 
     </span>
    </p>

    <p class='ocr_par' dir='ltr' id='par_1_15' title="bbox 359 3920 2653 4095">
     <span class='ocr_line' id='line_1_36' title="bbox 541 3920 2653 4005; baseline 0 -17"><span class='ocrx_word' id='word_1_282' title='bbox 541 3920 660 4005; x_wconf 67' lang='lat'><strong>14,</strong></span> <span class='ocrx_word' id='word_1_283' title='bbox 713 3929 812 3987; x_wconf 82' lang='lat'><strong>22.</strong></span> <span class='ocrx_word' id='word_1_284' title='bbox 859 3927 1036 3987; x_wconf 77' lang='lat' dir='ltr'><strong>factis</strong></span> <span class='ocrx_word' id='word_1_285' title='bbox 1073 3920 1168 3986; x_wconf 73' lang='lat' dir='ltr'><strong>R.8</strong></span> <span class='ocrx_word' id='word_1_286' title='bbox 1284 3946 1465 3987; x_wconf 85' lang='lat' dir='ltr'><strong>nuces</strong></span> <span class='ocrx_word' id='word_1_287' title='bbox 1501 3928 1641 3988; x_wconf 84' lang='lat' dir='ltr'><strong>uisu</strong></span> <span class='ocrx_word' id='word_1_288' title='bbox 1670 3920 1982 3989; x_wconf 71' lang='lat' dir='ltr'><strong>R²Letd.²</strong></span> <span class='ocrx_word' id='word_1_289' title='bbox 2016 3948 2192 3989; x_wconf 81' lang='lat' dir='ltr'><strong>eones</strong></span> <span class='ocrx_word' id='word_1_290' title='bbox 2228 3930 2321 3989; x_wconf 86' lang='lat' dir='ltr'><strong>ius</strong></span> <span class='ocrx_word' id='word_1_291' title='bbox 2351 3933 2468 3991; x_wconf 67' lang='lat' dir='ltr'><strong>cett.</strong></span> <span class='ocrx_word' id='word_1_292' title='bbox 2492 3931 2653 3989; x_wconf 75' lang='lat' dir='ltr'><strong>codd.</strong></span> 
     </span>
     <span class='ocr_line' id='line_1_37' title="bbox 359 4011 2653 4095; baseline 0.001 -18"><span class='ocrx_word' id='word_1_293' title='bbox 359 4020 560 4078; x_wconf 83' lang='lat' dir='ltr'><strong>icones</strong></span> <span class='ocrx_word' id='word_1_294' title='bbox 603 4036 716 4076; x_wconf 84' lang='grc'><strong>11511</strong></span> <span class='ocrx_word' id='word_1_295' title='bbox 761 4017 1050 4077; x_wconf 69' lang='lat' dir='ltr'><strong>Hardwin</strong></span> <span class='ocrx_word' id='word_1_296' title='bbox 1299 4017 1669 4095; x_wconf 77' lang='lat' dir='ltr'><strong>distinguere</strong></span> <span class='ocrx_word' id='word_1_297' title='bbox 1704 4011 1907 4086; x_wconf 57' lang='lat' dir='ltr'><strong>Leia?</strong></span> <span class='ocrx_word' id='word_1_298' title='bbox 1954 4021 2153 4079; x_wconf 77' lang='lat' dir='ltr'><strong>-uente</strong></span> <span class='ocrx_word' id='word_1_299' title='bbox 2181 4019 2239 4078; x_wconf 83' lang='lat' dir='ltr'><em>R</em></span> <span class='ocrx_word' id='word_1_300' title='bbox 2266 4019 2500 4095; x_wconf 72' lang='lat' dir='ltr'><strong>Pwuly.</strong></span> <span class='ocrx_word' id='word_1_301' title='bbox 2554 4040 2653 4079; x_wconf 87' lang='lat' dir='ltr'><strong>-ue</strong></span> 
     </span>
    </p>

    <p class='ocr_par' dir='ltr' id='par_1_16' title="bbox 362 4188 2651 4365">
     <span class='ocr_line' id='line_1_38' title="bbox 546 4188 2651 4275; baseline 0.001 -21"><span class='ocrx_word' id='word_1_302' title='bbox 546 4188 660 4275; x_wconf 81' lang='grc'><strong>15,</strong></span> <span class='ocrx_word' id='word_1_303' title='bbox 709 4198 810 4255; x_wconf 85' lang='grc'><strong>26.</strong></span> <span class='ocrx_word' id='word_1_304' title='bbox 855 4194 1014 4255; x_wconf 78' lang='lat' dir='ltr'><strong>Iasio</strong></span> <span class='ocrx_word' id='word_1_305' title='bbox 1051 4196 1311 4255; x_wconf 79' lang='lat' dir='ltr'><strong>Barbar.</strong></span> <span class='ocrx_word' id='word_1_306' title='bbox 1358 4196 1507 4255; x_wconf 77' lang='lat' dir='ltr'><strong>latio</strong></span> <span class='ocrx_word' id='word_1_307' title='bbox 1547 4196 1707 4255; x_wconf 82' lang='lat' dir='ltr'><strong>codd.</strong></span> <span class='ocrx_word' id='word_1_308' title='bbox 1850 4196 2011 4254; x_wconf 77' lang='lat' dir='ltr'><strong>ultro</strong></span> <span class='ocrx_word' id='word_1_309' title='bbox 2048 4196 2107 4255; x_wconf 84' lang='lat' dir='ltr'><em>P</em></span> <span class='ocrx_word' id='word_1_310' title='bbox 2142 4197 2304 4255; x_wconf 77' lang='lat' dir='ltr'><strong>ultra</strong></span> <span class='ocrx_word' id='word_1_311' title='bbox 2341 4202 2461 4257; x_wconf 62' lang='grc'><strong>0011.</strong></span> <span class='ocrx_word' id='word_1_312' title='bbox 2490 4198 2651 4259; x_wconf 81' lang='lat' dir='ltr'><strong>codd.</strong></span> 
     </span>
     <span class='ocr_line' id='line_1_39' title="bbox 362 4278 2361 4365; baseline 0 -20"><span class='ocrx_word' id='word_1_313' title='bbox 362 4287 463 4345; x_wconf 81' lang='lat'><strong>28.</strong></span> <span class='ocrx_word' id='word_1_314' title='bbox 509 4284 724 4345; x_wconf 76' lang='lat' dir='ltr'><strong>cumba</strong></span> <span class='ocrx_word' id='word_1_315' title='bbox 757 4278 981 4345; x_wconf 75' lang='lat' dir='ltr'><strong>Par-is.²</strong></span> <span class='ocrx_word' id='word_1_316' title='bbox 1027 4304 1198 4345; x_wconf 85' lang='lat' dir='ltr'><strong>cuma.</strong></span> <span class='ocrx_word' id='word_1_317' title='bbox 1239 4278 1402 4343; x_wconf 86' lang='lat' dir='ltr'><strong>Par.¹</strong></span> <span class='ocrx_word' id='word_1_318' title='bbox 1451 4285 1669 4345; x_wconf 77' lang='lat' dir='ltr'><strong>cumbe</strong></span> <span class='ocrx_word' id='word_1_319' title='bbox 1709 4286 1835 4346; x_wconf 78' lang='lat' dir='ltr'><strong>Vat.</strong></span> <span class='ocrx_word' id='word_1_320' title='bbox 1868 4286 2035 4345; x_wconf 68' lang='lat' dir='ltr'><strong>Laid.</strong></span> <span class='ocrx_word' id='word_1_321' title='bbox 2076 4304 2207 4345; x_wconf 89' lang='lat' dir='ltr'><strong>cum</strong></span> <span class='ocrx_word' id='word_1_322' title='bbox 2222 4280 2287 4365; x_wconf 71' lang='lat' dir='ltr'><strong>sss</strong></span> <span class='ocrx_word' id='word_1_323' title='bbox 2300 4286 2361 4345; x_wconf 84' lang='lat' dir='ltr'><em>R</em></span> 
     </span>
    </p>
   </div>
  </div>
 </body>
</html>
