3234 5034
930 368 1338 425 NICOMAOHI
1374 368 1469 424 ET
1506 368 1893 425 SYMMAGHI
2425 371 2556 420 CCV

248 540 415 600 nium
472 546 719 600 secutus
766 538 875 616 (cf.
920 539 1241 614 Wencllinq
1285 538 1488 600 Herm.
1526 537 1615 598 28
1649 556 1718 615 p.
1748 538 1908 613 345)
1954 536 2250 600 Romanos
2305 537 2558 599 aliarum

250 639 519 716 gentium
566 637 953 716 antiquitates
1002 635 1260 715 doceret,
1308 654 1455 715 quas
1500 637 1619 716 ipsi
1664 637 1880 697 imitati
1925 643 2145 697 essent.

735 937 1275 1013 NICOMACHI
1323 937 1447 1010 ΕΤ
1498 937 2002 1013 SYMMAOHI
2019 933 2072 1025 ¹)

426 1119 503 1180 Hi
560 1137 773 1200 agmen
829 1117 1139 1198 claudunt,
1194 1119 1298 1198 qui
1352 1136 1489 1180 cum
1543 1120 1850 1199 principes
1915 1119 2189 1181 factionis
2242 1119 2554 1199 gentilium

247 1226 471 1298 essent,
527 1226 591 1279 et
634 1217 853 1280 litteris
900 1225 962 1279 et
1005 1218 1354 1278 auctoritate
1402 1235 1509 1278 sua
1553 1234 1667 1298 per
1711 1225 1951 1279 centum
1997 1235 2183 1278 annos
2227 1216 2554 1280 Romanam

246 1318 665 1396 antiquitatem
718 1313 1045 1376 tuebantur
1098 1321 1162 1377 et
1214 1314 1567 1376 retinebant.
1642 1314 1750 1377 sed
1803 1333 1878 1377 ue
1929 1317 1992 1376 in
2039 1315 2368 1378 enarranda
2413 1335 2553 1378 con·

252 1415 657 1496 sanguinitate
704 1421 767 1474 et
813 1413 1102 1474 affinitate
1148 1411 1359 1492 longus
1406 1415 1536 1492 sim,
1582 1420 1834 1474 stemma
1881 1432 1954 1474 ex
1999 1413 2372 1494 Fragmentis
2417 1414 2554 1476 hist.

246 1510 415 1574 Rom.
462 1510 701 1574 Seeckii
748 1510 1018 1574 doctrina
1064 1513 1149 1590 φ.
1178 1516 1284 1588 n)
1332 1519 1671 1574 correctum
1715 1511 1835 1573 huc
1879 1511 2258 1574 transferam:

1559 1663 1599 1719 I.
1657 1665 1716 1719 L.
1763 1664 2026 1720 Aurelius
2070 1665 2348 1722 Auianius
2395 1666 2553 1737 Sym·

1661 1737 1906 1868 3323:
1950 1753 2062 1792 cos.
2101 1743 2234 1808 876,
2289 1738 2552 1810 princeps

246 1958 292 2006 1.
336 1949 565 2005 Virius
600 1948 1061 2006 Nicomachus
1089 1949 1369 2005 Flauia·
1524 1950 1591 2005 11.
1651 1950 1714 2018 Q.
1736 1879 1998 2006 Aurelius
2023 1951 2408 2021 Symmachus,
2429 1969 2552 2008 ora-

334 2039 469 2078 nus
544 2039 655 2078 cos.
713 2028 819 2078 8⁹4
890 2021 1175 2093 pauloque
1245 2025 1379 2093 post
1645 2025 1738 2077 tor
1769 2022 2116 2092 notissimus,
2150 2041 2261 2080 cos.
2291 2030 2411 2080 891.

336 2093 575 2162 occisus,
606 2093 992 2149 historicus
1960 2095 1968 2168 Ι

244 2226 293 2274 2.
334 2217 715 2274 Nicomachus
752 2167 1061 2302 Flaui-anus
1098 2235 1148 2272 a.
1188 2224 1290 2274 481
1342 2217 1518 2289 praef.
1548 2218 1982 2289 praet.,-.-fi1ia
2037 2219 2129 2276 111.
2178 2218 2242 2286 Q.
2280 2219 2488 2275 Fabius

336 2289 739 2346 emendator
774 2290 975 2346 Lxun.
1805 2291 1814 2380 Ι
2177 2291 2551 2433 ἕξωωὲἐιέἓω

272 2477 282 2487 .
342 2432 563 2504 Appius
599 2431 979 2488 Nicomachus
1016 2431 1250 2501 Dexter,
1302 2432 1477 2503 praef.
1506 2431 1637 2488 urbi
1746 2431 1926 2488 Galla..
1953 2465 2155 2494 ψ
2177 2437 2408 2505 praetor
2426 2441 2548 2491 401.

334 2503 483 2560 inter
520 2521 557 2560 a
592 2509 899 2572 427-431,
938 2505 1341 2560 emendator
1375 2502 1575 2560 Liuii.
2049 2505 2056 2579 Ι

1811 2575 2177 2648 Symmachus
2215 2595 2325 2634 cos.
2354 2585 2477 2634 446.

1549 2717 1668 2774 1111.
1727 2717 1789 2785 Q.
1827 2719 2150 2774 Aurelius
2195 2721 2550 2776 Memmius

1729 2789 2202 2860 Symmachus
2268 2809 2377 2848 cos.
2425 2798 2550 2863 486,

1727 2861 1942 2916 occisus
1981 2869 2103 2932 525,
2151 2862 2549 2921 historicus.

420 3013 661 3074 Primus
696 3014 883 3092 igitur
926 3011 1177 3074 historia
1212 3013 1279 3072 in
1314 3011 1409 3074 his
1456 3010 1700 3072 familiis
1745 3010 2024 3074 inclaruit
2059 3012 2301 3074 Virius
2340 3011 2550 3074 Nico·-

244 3109 535 3172 machus
582 3109 976 3173 Flauianus
1015 3112 1101 3184 (n.
1134 3110 1223 3189 1),
1260 3116 1434 3170 natus
1481 3127 1530 3170 a.
1570 3108 1697 3171 fere
1735 3105 1885 3189 334,
1921 3109 2188 3191 aequalis
2222 3109 2290 3182 Q.
2324 3111 2551 3174 Aurelii

246 3208 585 3289 Symmachi
633 3227 753 3271 cos.
793 3203 943 3286 391,
989 3209 1290 3270 notissimi
1327 3206 1490 3270 illius
1535 3209 1806 3287 oratoris,
1853 3209 2024 3270 cuius
2069 3209 2292 3289 scripta
2329 3208 2402 3271 ad
2439 3227 2550 3270 nos

242 3314 670 3387 peruenerunt.
744 3325 881 3368 cum
939 3314 1139 3368 tamen
1193 3307 1294 3368 hic
1348 3314 1475 3367 arte
1532 3305 1768 3367 dicendi
1823 3304 2061 3386 publice
2116 3306 2387 3387 floreret,
2447 3307 2549 3369 ille

244 3403 701 3486 tempestatibus
764 3403 928 3465 illius
992 3407 1201 3466 aetatis
1273 3403 1529 3485 publicis
1596 3422 1771 3484 saepe
1845 3406 1910 3465 in
1983 3406 2168 3466 otium
2232 3412 2548 3467 reuocatus

245 3503 655 3583 philosophiae
710 3510 771 3564 et
823 3504 978 3563 iuris
1034 3502 1334 3582 auguralis
1389 3503 1676 3564 scientiae
1733 3504 1975 3564 uacauit
2019 3503 2324 3576 (Macrob.
2361 3513 2474 3565 sat.
2516 3505 2557 3565 I

246 3604 305 3681 5,
343 3601 447 3663 13.
496 3601 693 3664 Seeck
732 3619 801 3678 p.
840 3619 985 3661 cnr
1005 3603 1183 3680 3994,
1236 3602 1423 3662 uitam
1477 3599 1772 3680 Apollonii
1827 3599 2049 3681 Tyanci
2094 3596 2152 3662 ‘e
2207 3599 2548 3664 Philostrati

247 3693 516 3762 schedis’
570 3698 891 3779 exscripsit
945 3699 1103 3772 (Sia.
1142 3700 1336 3776 Αροῖῖ.
1376 3717 1465 3776 ep.
1509 3699 1671 3759 VIII
1698 3699 1770 3773 3)
1826 3705 2002 3778 atque
2069 3696 2224 3760 idem
2285 3699 2548 3779 annales,

248 3800 422 3859 etiam
472 3796 647 3858 titulo
692 3803 935 3859 ueteres
982 3798 1266 3876 imitatus,
1318 3796 1392 3858 ad
1447 3798 1868 3876 imperatorem
1911 3794 2310 3860 Theodosium
2367 3801 2548 3877 misit,

248 3898 415 3958 cuius
473 3896 680 3958 fauore
734 3903 874 3975 post
918 3913 969 3956 a.
1006 3889 1139 3956 383
1186 3913 1297 3975 per
1341 3894 1567 3976 aliquot
1620 3911 1807 3955 annos
1853 3913 1999 3956 usus
2047 3897 2224 3956 etiam
2271 3904 2548 3976 quaestu-

248 4011 371 4055 ram
426 3995 587 4056 sacri
630 3991 842 4055 Palatii
897 3992 1148 4074 adeptus
1204 4000 1323 4073 est,
1378 4001 1506 4055 tum
1559 4010 1708 4054 uero
1763 3995 2109 4073 imperatori
2159 3991 2425 4073 Eugenio
2481 4013 2546 4056 se

252 4090 475 4154 addixit
512 4099 573 4153 et
612 4109 746 4153 cum
787 4110 857 4153 eo
894 4093 1095 4153 uictus
1133 4110 1239 4153 sua
1275 4109 1456 4153 manu
1492 4098 1748 4153 mortem
1777 4089 1926 4152 obiit
1954 4083 2033 4174 (a.
2063 4085 2243 4176 394).
2290 4091 2549 4154 honores

424 4301 477 4368 1)
512 4297 645 4354 vid.
674 4297 855 4354 Seeck
883 4299 1067 4370 praef.
1096 4299 1175 4356 ad
1210 4299 1410 4371 symm
1435 4315 1495 4368 p.
1524 4319 1682 4354 xm
1696 4315 1806 4369 sqq.
1851 4319 1952 4355 cm
1972 4315 2083 4369 sqq.
2123 4299 2320 4354 Gesch.
2349 4299 2546 4356 Litter.

252 4381 321 4434 11
340 4397 401 4452 p.
430 4383 603 4448 3004.
632 4381 709 4434 32
724 4395 837 4448 sqq.
