3234 5034
1092 333 1153 387 L.
1184 331 1562 388 ANTISTIVS
1600 331 1837 386 VETVS
2277 351 2618 400 cxxxvnn

490 502 559 563 ln
586 501 945 564 uniuersum
966 501 1205 563 Tacitus
1234 503 1365 562 eius
1392 499 1613 580 gloriae
1641 499 1888 562 militari
1916 501 2074 562 fauet
2103 503 2256 575 (uid.
2277 503 2412 562 hist.
2429 501 2616 562 1137.

320 602 465 678 Agr.
496 601 587 677 5),
643 602 1001 680 praesertim
1056 619 1191 660 cum
1250 599 1435 662 Iulius
1492 599 1766 679 Agricola
1819 618 1991 660 socer
2044 601 2174 660 eius
2229 597 2617 660 contubernio

322 697 593 778 dignatus
642 697 757 761 sub
804 717 873 760 eo
913 701 975 760 in
1010 698 1317 760 Britannia
1352 700 1545 778 prima
1582 697 1880 778 stipendia
1918 700 2208 760 meruerit
2236 699 2414 774 (ΑΨ.
2445 701 2482 760 l.
2509 700 2616 780 s.);

322 796 425 858 sed
462 800 645 858 etiam
686 804 913 878 gratam
950 799 1321 858 occasionem
1360 799 1416 858 ei
1453 795 1732 877 praebuit
1765 799 2048 858 materiae
2084 795 2402 858 uariandae
2441 804 2616 876 atque

324 895 729 976 illustrandae,
776 895 974 957 clades
1022 917 1053 957 a
1089 895 1369 958 Romanis
1416 915 1485 957 eo
1524 895 1768 958 absente
1815 904 2086 975 acceptas
2132 914 2264 956 esse
2302 897 2618 976 ipsumque

322 993 495 1056 ‘mira
560 996 891 1056 constantia
954 994 1183 1057 medios
1248 997 1408 1056 inter
1470 991 1695 1056 hostes'
1763 993 1836 1056 ad
1908 993 2239 1056 uincendos
2303 994 2620 1056 Britannos

324 1093 699 1156 festinauisse
728 1095 1045 1173 exponenti
1067 1095 1265 1167 (XIV
1284 1113 1336 1155 c.
1356 1093 1490 1169 33).
1538 1111 1734 1174 neque
1761 1111 1910 1154 uero
1938 1093 2124 1156 ullum
2155 1092 2443 1155 indicium
2473 1093 2616 1154 Sue-

322 1195 467 1254 tonii
532 1195 1094 1254 commentariorum
1160 1192 1446 1254 habemus
1512 1199 1612 1253 aut
1675 1191 1830 1272 apud
1886 1192 2154 1254 Tacitum
2179 1186 2230 1276 ¹)
2297 1200 2399 1253 aut
2463 1191 2617 1271 apud

322 1291 586 1370 Dionem,
633 1293 737 1372 qui
782 1293 959 1352 etiam
1004 1291 1283 1352 licentius
1330 1299 1517 1352 artem
1566 1290 1924 1352 rhetoricam
1972 1292 2256 1370 exercuit,
2293 1297 2362 1352 ut
2397 1309 2617 1369 paucas

326 1399 515 1452 certas
572 1407 671 1451 res
728 1389 1051 1470 reliquerit.
1146 1397 1205 1450 at
1248 1407 1395 1451 uero
1448 1387 1805 1450 Boudiccam
1873 1397 1934 1450 et
1989 1389 2336 1451 Suetonium
2401 1391 2616 1450 oratio-

324 1507 428 1550 nes
498 1506 613 1568 per
681 1495 851 1550 terna
915 1491 1105 1568 capita
1170 1487 1455 1550 habentes
1520 1487 1688 1568 fecit,
1751 1486 2170 1548 Britannorum
2238 1485 2618 1548 crudelitates

327 1589 403 1659 (c.
444 1588 515 1662 7)
562 1594 626 1647 et
671 1588 935 1648 ominum
978 1586 1263 1649 miracula
1313 1588 1401 1665 (1,
1438 1587 1509 1661 2)
1569 1585 1888 1665 diligenter
1934 1585 2226 1666 depinxit,
2281 1587 2616 1647 occisorum

324 1685 721 1746 Romanorum
770 1688 1141 1765 septuaginta
1188 1685 1349 1746 milia
1388 1685 1577 1746 Taciti
1627 1677 1708 1768 (c.
1747 1679 1864 1769 33)
1915 1684 2118 1746 decem
2158 1684 2398 1746 milibus
2438 1686 2616 1764 auxit,

324 1802 579 1864 pugnam
641 1786 833 1864 ipsam
890 1787 971 1859 (c.
1010 1785 1125 1861 12)
1182 1802 1253 1845 ex
1318 1783 1513 1863 aliquo
1572 1783 1772 1844 libello
1839 1783 2134 1845 rhetorico
2191 1784 2615 1863 transscripsit.

326 1881 649 1944 similitudo
709 1890 907 1944 tamen
964 1882 1250 1964 quaedam
1305 1884 1466 1942 inter
1521 1901 1623 1943 eos
1679 1881 2053 1943 intercedere
2109 1881 2366 1960 uidetur,
2421 1900 2616 1961 neque

326 1979 709 2060 aduersabor,
764 1984 815 2042 si
871 1984 1005 2062 quis
1060 1981 1157 2043 uel
1216 1980 1533 2042 Seruilium
1593 1979 1928 2042 Nonianum
1983 1980 2080 2042 uel
2128 1979 2426 2041 Aufidium
2475 1979 2614 2041 Bas-

328 2097 455 2140 sum
518 2080 619 2141 uel
676 2079 935 2141 Plinium
994 2082 1232 2160 utrique
1287 2079 1385 2140 uel
1432 2079 1607 2140 Dioni
1653 2079 1924 2140 Tacitum
1985 2079 2232 2140 subesse
2293 2080 2618 2140 coniecerit

329 2179 551 2251 (Fabia
584 2197 653 2256 p.
691 2179 826 2240 337
840 2181 1015 2256 sqq).

972 2446 1049 2518 L.
1090 2445 1600 2520 ANTISTIVS
1657 2445 1968 2520 VETVS

499 2625 769 2687 Tertium
824 2624 1076 2686 Domitio
1124 2624 1445 2688 Corbuloni
1500 2634 1559 2687 et
1615 2626 1896 2688 Suetonio
1951 2626 2196 2688 Paulino
2253 2626 2506 2708 adiungo
2553 2627 2616 2688 L.

326 2725 643 2785 Antistium
688 2723 959 2784 Veterem
1007 2723 1311 2786 consulem
1358 2743 1407 2784 a.
1446 2719 1704 2804 55s808‚
1751 2723 2006 2804 legatum
2046 2723 2395 2786 Germaniae
2443 2745 2616 2807 supe-

330 2823 499 2892 rioris
546 2842 597 2882 a.
636 2816 1223 2904 55s808—58s811‚
1276 2820 1692 2902 proconsulem
1741 2823 1911 2884 Asiae
1959 2843 2008 2885 a.
2046 2819 2616 2905 63s816—64s817‚

328 2939 359 2980 a
404 2919 635 2981 Nerone
702 2941 750 2983 a.
808 2915 1061 3001 65s818
1129 2939 1263 2982 cum
1328 2939 1513 2982 uxore
1579 2929 1641 2982 et
1695 2921 1812 2982 filia
1871 2920 2208 2984 damnatum
2266 2925 2542 3002 (Prosop.
2583 2925 2626 2985 I

318 3038 381 3096 p.
416 3018 505 3080 89
541 3038 601 3080 n.
640 3019 817 3094 612).
893 3017 1070 3080 rebus
1122 3017 1275 3079 bello
1336 3021 1519 3100 gestis
1568 3038 1688 3080 non
1735 3019 2016 3081 inclaruit
2051 3039 2228 3100 quem
2267 3019 2338 3082 ad
2375 3021 2616 3083 modum

328 3115 411 3176 illi
446 3116 553 3178 sed
590 3118 791 3197 quiete
828 3119 890 3178 in
926 3119 1236 3198 prouincia
1274 3136 1419 3180 usus
1458 3125 1565 3197 est,
1612 3127 1680 3179 ut
1717 3119 1872 3180 fossa
1907 3120 2066 3179 inter
2103 3118 2402 3180 Mosellam
2442 3127 2616 3199 atque

330 3215 555 3276 Ararim
610 3215 763 3276 sacta
817 3214 1141 3277 occidentis
1197 3218 1740 3297 septentrionisque
1798 3217 1994 3278 littora
2049 3225 2402 3296 conecteret,
2459 3217 2617 3297 quod

328 3332 473 3393 opus
532 3315 823 3392 perficere
894 3313 1119 3376 inuidia
1184 3313 1360 3393 legati
1414 3313 1688 3394 Belgicae
1752 3317 2096 3394 prouinciae
2151 3315 2472 3396 impeditus
2528 3325 2620 3378 est

328 3413 503 3484 (Tac.
550 3431 693 3473 ann.
739 3413 920 3474 XIII
943 3412 1081 3487 53).
1173 3415 1289 3474 iam
1344 3431 1490 3474 uero
1546 3413 1774 3474 Plinius
1837 3415 1902 3474 in
1965 3413 2263 3476 indicibus
2328 3413 2616 3476 librorum

328 3509 849 3590 geographicorum
896 3509 990 3571 ΙΙΙ.
1039 3509 1127 3571 1V.
1175 3510 1237 3570 V.
1287 3511 1355 3572 Vl
1406 3511 1467 3572 L.
1518 3511 1787 3573 Veterem
1836 3520 2110 3574 recenset
2155 3513 2334 3594 idque
2381 3532 2620 3595 semper

327 3609 482 3668 inter
518 3607 813 3686 Hyginum
862 3617 921 3670 et
956 3607 1343 3688 Pomponium
1382 3609 1609 3689 Melam,
1659 3613 1754 3670 cui
1801 3629 1920 3672 uno
1957 3611 2086 3672 loco
2124 3611 2286 3673 addit
2324 3611 2613 3673 Licinium

330 3695 659 3767 Mucianum
709 3704 938 3767 duobus
985 3705 1379 3768 Corbulonem
1427 3716 1485 3768 et
1532 3708 1885 3769 Mucianum.
1951 3719 2195 3791 propter
2239 3709 2390 3772 hanc
2435 3712 2620 3790 igitur

328 3805 691 3866 uicinitatem
748 3804 1003 3883 legatum
1040 3805 1205 3866 illum
1248 3809 1703 3868 commentarios
1742 3809 2056 3887 scripsisse
2096 3807 2389 3870 Woelfflin
2429 3811 2616 3884 (Bur-

504 4032 556 4099 1)
594 4029 721 4086 Vno
755 4030 876 4086 loeo
905 4031 1048 4086 citat
1074 4035 1331 4088 auctores
1362 4031 1460 4087 sed
1488 4032 1770 4087 neminem
1797 4033 2150 4102 nominatim,
2187 4053 2233 4090 c.
2265 4040 2330 4090 37
2375 4037 2542 4092 Clara
2568 4043 2620 4091 et

330 4112 570 4182 antiquis
605 4113 856 4169 vasatos-iis
884 4130 997 4182 par
1032 4131 1097 4170 ea
1132 4115 1222 4168 die
1260 4115 1385 4168 laus
1410 4121 1610 4184 parta.-
1661 4115 1860 4184 quippe
1902 4121 2050 4182 sunt,
2095 4117 2192 4186 qui
2221 4117 2396 4184 paulo
2433 4119 2617 4172 minus

330 4209 489 4260 quam
532 4195 809 4264 octoginta
852 4194 1011 4249 milia
1054 4195 1465 4250 Britannorum
1508 4195 1761 4250 cecidisse
1803 4197 2046 4250 tradant.
2085 4195 2156 4250 cf.
2187 4213 2232 4249 c.
2263 4201 2332 4250 38
2371 4198 2464 4252 Ad
2499 4215 2616 4267 sep-

330 4272 579 4344 myinta
622 4273 783 4328 milia
826 4275 1035 4329 ciuium
1084 4283 1137 4330 et
1178 4275 1448 4330 sociorum
1496 4276 1592 4342 iis,
1639 4292 1778 4344 quae
1821 4279 2146 4344 memor-aui,
2195 4278 2323 4332 locis
2367 4279 2618 4334 cecidisse

332 4353 650 4408 constitit.
