3234 5034
1023 339 1098 398 M.
1127 337 1540 398 TERENTIVS
1577 335 1830 396 VARRO
2346 357 2576 408 mn

269 509 586 592 Dionysius
633 512 805 572 arch.
838 511 881 572 I
913 509 1020 586 85,
1065 509 1178 571 hoc
1215 510 1478 571 studium
1515 511 1778 570 imitatae
1814 508 1994 570 talem
2031 509 2442 588 antiquitatem
2478 509 2577 572 uel

268 628 340 670 ex
399 608 666 670 tenebris
726 617 1016 669 eruerunt
1071 609 1169 668 uel
1235 609 1552 670 finxerunt.
1648 608 1955 668 adiuuerat
2000 607 2179 668 Attici
2239 610 2575 690 auctoritas,

267 726 406 768 cum
452 709 518 768 in
565 707 720 767 libro
767 703 884 768 ‘De
923 706 1180 783 familiis
1219 702 1544 768 Romanis'
1583 724 1787 766 earum
1834 704 2055 784 gloriae
2091 708 2281 785 magis
2318 709 2577 768 seruiret

266 824 446 885 quam
494 807 736 867 ueritati
773 807 928 879 (uid.
955 823 1000 865 s,
1028 824 1094 881 p.
1126 825 1212 864 ιχ
1223 825 1333 865 rm
1344 807 1480 880 ες.)
1545 805 1703 864 intra
1749 803 2037 865 Troianae
2083 813 2281 866 tamen
2328 807 2577 884 originis

267 905 421 965 fines
468 903 652 965 Varro
709 923 774 964 se
829 905 1124 964 continuit
1180 921 1373 983 neque
1429 909 1625 964 certae
1690 901 2000 964 cuiusdam
2066 902 2319 964 familiae
2395 902 2578 964 studii

266 1003 550 1063 conuinci
595 1009 818 1082 potest,
865 1003 918 1062 si
972 1000 1294 1080 Vergilium
1345 1003 1474 1062 eius
1529 1003 1591 1060 in
1654 999 1913 1062 Aeneide
1970 1009 2322 1063 sectatorem
2378 1002 2576 1082 perlu-

265 1109 546 1162 stramus,
613 1099 963 1161 Nautiorum
1002 1099 1261 1178 quidem,
1310 1097 1382 1160 de
1420 1118 1536 1179 qua
1577 1117 1697 1160 uno
1736 1097 1894 1178 quod
1934 1107 2211 1178 superest
2246 1099 2577 1178 fragmento

266 1201 482 1280 agitur,
530 1207 659 1260 tum
713 1218 786 1260 ex
839 1197 1016 1259 claris
1064 1205 1422 1278 recesserat,
1480 1205 1740 1276 ceterae,
1796 1215 2047 1276 quarum
2104 1199 2269 1276 origo
2325 1196 2579 1259 Troiana

264 1298 364 1358 uel
412 1318 446 1358 a
492 1296 749 1376 Vergilio
799 1295 1128 1375 Seruioque
1183 1295 1280 1357 uel
1329 1315 1360 1356 a
1405 1294 1685 1374 Dionysio
1742 1294 1840 1356 uel
1896 1315 1927 1355 a
1983 1294 2165 1356 Paulo
2222 1314 2577 1357 commemo-

267 1405 497 1475 rantur,
541 1396 652 1456 hae
701 1402 872 1457 sunt:

355 1494 661 1555 Memmia:
701 1489 1092 1569 ‘Mnestheus,
1127 1510 1322 1568 oenus
1351 1511 1390 1552 a
1419 1511 1538 1568 quo
1575 1497 1820 1554 nomine
1848 1493 2095 1554 Memmi
2106 1487 2127 1515 '
2154 1492 2324 1571 Verg.
2345 1491 2391 1552 V
2432 1487 2577 1554 117.

541 1591 614 1654 cf.
653 1591 821 1652 Seru.
861 1590 934 1652 ad
979 1589 1036 1650 h.
1076 1589 1114 1650 l.

359 1691 620 1770 Gegania
667 1686 726 1750 ‘a
773 1688 893 1769 Gya
940 1690 1154 1749 comite
1201 1685 1454 1749 Aeneae'
1495 1687 1665 1748 Seru.
1704 1687 1776 1749 ad
1814 1687 1982 1768 Verg.
2011 1687 2058 1748 V
2100 1685 2245 1750 118.

359 1789 595 1868 Sergia:
627 1785 988 1864 ‘Seram-tus,
1009 1789 1219 1848 domus
1248 1793 1412 1848 tenet
1438 1805 1478 1846 a
1506 1804 1626 1862 quo
1648 1787 1872 1862 Seryia
1902 1783 2141 1848 nomen'
2162 1787 2331 1866 Verg.
2356 1787 2398 1847 V
2431 1784 2575 1848 121.

359 1887 656 1948 Cluentia:
705 1883 1090 1961 ‘Cloanthus,
1132 1903 1328 1961 yenus
1373 1886 1538 1946 unde
1585 1887 1725 1962 tibi,
1774 1885 2051 1946 Romane
2105 1887 2342 1948 Cluenti
2352 1883 2371 1910 '
2407 1885 2577 1965 Verg.

359 2083 556 2146 lunia:
605 2079 912 2162 ‘Mdoxog
946 2076 1229 2155 Ἰούνιος
1274 2075 1423 2154 ἑνὸς
1469 2089 1604 2143 τῶν
1652 2079 1781 2142 σὺν
1830 2079 2060 2165 Αἰνείᾳ
2104 2080 2228 2162 τὴν
2269 2078 2579 2145 ἀποικίαν

541 2170 950 2243 aral-dmm)
993 2175 1351 2260 o'moyovog'
1398 2178 1564 2240 Dion.
1603 2178 1677 2239 Iv
1724 2174 1828 2240 68.

359 2279 634 2353 Aemilia3
684 2277 946 2355 ‘ventem
983 2281 1352 2356 appellatam
1400 2281 1616 2340 dicunt
1654 2311 1740 2320 —
1778 2281 1916 2355 alii,
1973 2280 2140 2353 quoa
2182 2281 2260 2340 ab
2308 2281 2579 2342 Ascanio

542 2379 896 2453 descendat,
953 2381 1061 2452 qm·
1116 2378 1268 2437 duos
1312 2378 1600 2437 habuerit
1649 2379 1839 2453 filiae,
1887 2377 2111 2438 Iulium
2158 2383 2217 2438 et
2260 2373 2578 2454 Aemylon'

543 2474 704 2536 Paul.
743 2493 800 2553 p.
841 2471 945 2535 23.

358 2573 644 2637 Caecilia:
694 2571 982 2635 ‘Caecilii
1034 2577 1330 2650 amellati
1384 2591 1424 2633 a
1488 2573 1769 2634 Caecade
1832 2573 2122 2650 Troiane,
2177 2574 2425 2636 Aeneae
2480 2592 2579 2636 co-

541 2667 706 2734 mite’
754 2670 916 2732 Paul.
954 2690 1010 2751 p.
1048 2667 1154 2732 44.

359 2769 608 2832 ‘Cloelia
638 2769 858 2831 familia
887 2788 926 2830 a
963 2770 1168 2846 Clolio,
1197 2770 1449 2830 Aeneae
1476 2772 1710 2846 comite,
1742 2777 1831 2830 est
1858 2765 2187 2847 appellata’
2216 2769 2376 2831 Paul.
2396 2788 2453 2849 p.
2474 2766 2579 2832 55.

451 2871 526 2930 Vt
581 2875 778 2930 autem
834 2867 928 2928 his
983 2866 1154 2928 libris
1205 2866 1562 2928 familiarum
1618 2866 2013 2947 quarundam,
2072 2869 2155 2927 ita
2212 2866 2579 2930 nobilitatem

271 2971 454 3030 totius
518 2966 724 3046 populi
784 2964 1060 3045 Romani,
1125 2967 1228 3045 qui
1286 2964 1448 3026 solus
1501 2961 1787 3043 ‘gentem’
1834 2983 1976 3044 prae
2032 2984 2097 3026 se
2155 2963 2383 3026 serebat
2429 2959 2579 3048 (uid.

271 3067 406 3128 Liu.
437 3067 511 3127 X
539 3064 604 3137 8,
638 3059 728 3149 9),
779 3063 1094 3143 descripsit
1149 3070 1428 3142 quattuor
1480 3062 1653 3123 libris
1712 3063 1807 3124 De
1872 3070 2081 3142 gente
2146 3063 2393 3143 populi
2447 3063 2579 3125 Ro-

269 3165 462 3226 mani
483 3157 535 3247 ¹)
607 3162 782 3241 paulo
849 3170 984 3242 post
1057 3163 1438 3241 antiquitates
1513 3179 1715 3222 rerum
1798 3160 2187 3222 humanarum
2266 3161 2579 3242 absolutas,

271 3264 488 3342 partim
555 3259 883 3340 explicam,
949 3279 1098 3339 quae
1160 3259 1244 3320 ibi
1311 3261 1566 3320 strictim
1635 3259 1933 3338 tetigerat,
1998 3261 2215 3339 partim
2276 3261 2579 3341 supplenS,

272 3379 424 3440 quae
471 3367 610 3420 ante
656 3359 960 3436 omiserat,
1006 3377 1162 3418 anno
1207 3354 1462 3438 43s711
1517 3357 1625 3435 (sr.
1656 3358 1744 3436 9),
1791 3358 2167 3436 priusquam,
2212 3364 2281 3418 ut
2324 3358 2578 3438 uidetur,

273 3458 346 3518 ab
389 3459 676 3536 Antonio,
729 3465 934 3517 uetere
993 3457 1262 3534 inimico,
1314 3457 1688 3535 proscriptus
1753 3449 1993 3540 esset²)‚
2051 3456 2297 3516 forsitan
2353 3465 2577 3518 cometa

273 3577 322 3616 a.
359 3550 622 3626 44s710
669 3553 974 3634 adductus,
1021 3556 1124 3633 qui
1169 3561 1296 3615 tum
1333 3552 1733 3614 Romanorum
1782 3555 2008 3614 animos
2053 3553 2579 3616 uehementissime

274 3660 698 3731 commouerat,
742 3652 1131 3732 ordinemque
1175 3653 1258 3712 ita
1303 3652 1581 3730 instituit,
1628 3660 1696 3712 ut
1740 3658 1977 3729 gentem
2023 3649 2095 3712 ab
2147 3653 2578 3730 antiquissimis

273 3751 644 3832 temporibus
702 3758 1021 3830 repeteret,
1079 3749 1226 3810 haec
1280 3756 1476 3810 autem
1533 3749 1757 3809 Graeca
1812 3750 1997 3810 fuisse
2062 3757 2347 3810 statueret
2412 3753 2577 3830 regni

455 3951 510 4022 1)
546 3947 676 4003 vid.
703 3948 942 4004 Kettner
980 3949 1342 4004 Varroni-eche
1377 3949 1612 4004 Studien
1647 3965 1700 4018 p.
1732 3952 1943 4004 38—78
1981 3950 2042 4004 et
2080 3963 2169 4002 me
2206 3946 2265 4002 in
2302 3967 2440 4004 mus.
2470 3950 2575 4006 Rh.

278 4030 412 4086 ‘Die
447 4030 715 4100 Epochen
746 4031 812 4084 in
852 4030 1055 4084 Varros
1092 4029 1254 4085 Werk
1291 4029 1380 4084 De
1415 4035 1569 4100 qente
1596 4047 1657 4100 p.
1692 4030 1785 4086 R?
1827 4035 1892 4082 57
1932 4045 1987 4098 p.
2018 4033 2317 4086 231—251.

454 4116 506 4178 2)
544 4109 668 4180 ipse
712 4109 820 4164 hoc
866 4111 1110 4164 testatur
1155 4109 1309 4180 apud
1347 4107 1488 4164 Gell.
1517 4109 1595 4164 111
1638 4115 1719 4178 10,
1752 4115 1816 4164 17
1864 4127 1932 4164 ex
1976 4109 2175 4180 quibus
2212 4108 2396 4180 [libris
2436 4111 2576 4185 suis]

275 4192 524 4261 aliquam
549 4191 766 4258 multos,
801 4207 924 4246 eum
945 4190 1293 4259 proscriptus
1319 4197 1467 4258 esset,
1495 4189 1726 4260 direptis
1762 4190 2093 4245 bibliothecis
2134 4192 2253 4245 eune
2287 4208 2402 4245 non
2437 4209 2575 4248 com-

269 4273 543 4340 paruisse,
580 4270 776 4339 itaque
813 4287 1014 4341 parum
1051 4272 1204 4325 rect-e
1244 4270 1313 4324 de
1341 4269 1588 4340 Appiani
1627 4269 1736 4324 fide
1777 4287 1811 4324 a
1846 4269 2003 4324 Fufio
2033 4267 2239 4324 Caleno
2267 4268 2577 4326 Varronem

277 4355 566 4406 seruatum
605 4367 726 4406 esse
761 4351 1046 4406 narrantis
1083 4349 1410 4405 dubitatum
1447 4353 1548 4407 est.
1589 4349 1670 4404 Of.
1702 4349 1949 4405 Boissier
1985 4351 2205 4404 Van-on
2239 4368 2291 4420 p.
2324 4356 2410 4405 25.

379 4459 504 4500 Πίκ-
532 4459 663 4500 Bona.
692 4460 773 4500 rel.
800 4460 864 4511 11,
897 4460 968 4499 ed.
997 4461 1180 4500 Petet.
2072 4438 2149 4493 m
