3234 5034
762 353 874 410 GN.
905 354 1313 410 CORNELIVS
1348 354 1733 410 LENTVLVS
1771 353 2222 410 GAETVLICVS
2543 354 2626 418 91

330 521 654 584 fatebatur:
701 522 813 583 hoc
851 530 1013 585 certe
1052 522 1355 602 publicum
1392 523 1748 584 beneficium
1787 522 1978 602 palam
2025 531 2170 602 erat,
2218 522 2376 583 illam
2421 523 2632 584 miser·

334 622 472 682 rimi
520 623 807 700 temporis
854 623 1208 682 seruitutem
1255 642 1286 682 a
1335 621 1581 683 Catilina
1631 621 1867 684 dilatam
1911 623 1976 682 in
2021 621 2355 683 Antonium.

505 851 654 926 GN.
712 851 1246 927 CORNELIVS
1301 851 1810 926 LENTVLVS
1868 851 2464 926 GAETVLIGVS

521 1007 556 1075 l
573 1013 635 1077 ²¹³.
686 1016 851 1078 Suet.
898 1016 1087 1092 Caliq.
1125 1014 1170 1075 8
1218 1013 1326 1075 Vbi
1370 1021 1546 1075 natus
1592 1016 1676 1075 sit
1719 1013 2038 1092 [Caesar],
2091 1017 2388 1077 incertum
2439 1015 2636 1076 diuer·
2673 1002 2758 1079 ,¹„2

334 1115 481 1174 sitas
540 1111 901 1175 tradentium
960 1113 1117 1174 fecit.
1210 1112 1313 1173 Cn.
1362 1110 1650 1174 Lentulus
1706 1111 2046 1174 Gaetulicus
2103 1112 2310 1174 Tiburi
2370 1115 2636 1192 genitum
2677 1091 2778 1139 ⁷⁶⁵

278 1233 305 1273 5
335 1209 566 1272 scribit.
616 1245 700 1253 —
749 1209 1119 1272 Gaetulicum
1169 1211 1386 1272 refellit
1430 1210 1657 1272 Plinius
1705 1213 1872 1291 quasi
1918 1213 2233 1273 mentitum
2279 1231 2388 1291 per
2434 1210 2632 1272 adula·
2669 1209 2737 1264 fr-
2768 1215 2799 1262 2

336 1312 589 1388 tionem,
644 1315 713 1369 ut
758 1307 833 1369 ad
879 1307 1083 1369 laudes
1138 1310 1375 1370 iuuenis
1421 1308 1782 1388 gloriosique
1838 1310 2128 1390 principis
2185 1308 2404 1390 aliquid
2461 1311 2638 1370 etiam

336 1426 409 1469 ex
475 1405 628 1469 urbe
680 1405 925 1468 Herculi
973 1424 1140 1466 sacra
1194 1416 1475 1487 sumeret,
1526 1405 1894 1488 abusumque
1941 1406 2258 1469 audentius
2311 1406 2639 1485 mendacio,

336 1505 497 1587 quod
543 1513 679 1567 ante
725 1523 945 1566 annum
982 1505 1109 1566 fere
1146 1513 1321 1567 natus
1359 1505 1709 1567 Germanico
1747 1505 1904 1567 filius
1941 1505 2150 1567 Tiburi
2189 1506 2397 1585 fuerat,
2443 1504 2640 1584 appel·

338 1604 496 1666 latus
544 1612 605 1666 et
646 1605 780 1684 ipse
826 1603 887 1665 C.
937 1603 1170 1665 Caesar.

994 1819 1071 1892 L.
1127 1818 1506 1891 ANNAEI
1562 1816 1999 1892 SENECAE

604 1979 1041 2042 HISTORIAE
1088 1981 1196 2040 AB
1240 1979 1496 2042 INITIO
1542 1979 1981 2041 BELLORVM
2029 1981 2396 2044 CIVILIVM

260 2165 313 2206 ιο
526 2136 643 2204 1*.
692 2143 865 2204 Lact.
905 2144 1029 2202 diu.
1068 2145 1205 2202 inst.
1251 2141 1377 2200 VII
1406 2140 1508 2216 15,
1548 2141 1635 2200 14
1674 2138 1803 2201 Non
1841 2142 2054 2202 inscite
2094 2141 2318 2204 Seneca
2349 2141 2644 2203 Romanae

344 2241 515 2302 urbis
561 2249 828 2321 tempora
878 2239 1183 2301 distribuit
1226 2240 1289 2300 in
1338 2245 1587 2300 aetates:
1634 2239 1887 2319 primam
1937 2240 2097 2302 enim
2145 2239 2293 2302 dixit
2337 2241 2644 2302 infantiam

345 2341 456 2402 sub
526 2358 666 2418 rege
713 2337 964 2400 Romulo
1030 2339 1239 2418 fuisse,
1301 2357 1333 2398 a
1388 2357 1505 2417 quo
1562 2345 1624 2398 et
1679 2339 1876 2417 genita
1933 2346 1993 2399 et
2047 2341 2219 2419 quasi
2273 2338 2521 2400 educata
2569 2341 2648 2399 sit

345 2439 548 2501 Roma.
663 2434 876 2498 deinde
950 2438 1267 2516 pueritiam
1343 2435 1452 2497 suh
1528 2437 1748 2497 ceteris
1824 2436 2089 2517 regibus,
2174 2457 2206 2498 a
2288 2436 2506 2517 quibus
2589 2447 2650 2499 et

346 2545 519 2600 aucta
576 2538 655 2597 sit
711 2543 771 2596 et
829 2534 1161 2615 disciplinis
1216 2534 1490 2614 pluribus
1546 2536 1956 2615 institutisque
2013 2535 2276 2598 formata.
2381 2543 2439 2597 at
2501 2555 2648 2598 uero

265 2656 319 2697 ιε
347 2637 675 2716 Tarquinio
722 2641 1008 2713 regnante
1066 2651 1202 2694 cum
1259 2635 1375 2693 iam
1433 2635 1603 2712 quasi
1660 2632 1857 2695 adulta
1904 2651 2038 2695 esse
2086 2636 2397 2714 coepisset,
2459 2636 2647 2696 serui-

346 2738 499 2797 tium
546 2751 665 2795 non
714 2731 924 2795 tulisse
972 2739 1031 2792 et
1078 2733 1302 2792 reiecto
1349 2731 1641 2811 superbae
1701 2732 2118 2794 dominationis
2171 2734 2311 2812 iugo
2369 2733 2649 2794 maluisse

347 2831 583 2912 legibus
648 2831 1060 2910 obtemperare
1116 2848 1293 2910 quam
1358 2828 1616 2908 regibus,
1711 2849 1966 2911 cumque
2033 2838 2193 2892 esset
2254 2831 2648 2894 adolescentia

349 2933 483 2994 eius
529 2931 648 2992 fine
693 2929 902 2990 Punici
952 2927 1091 2988 belli
1138 2929 1469 3006 terminata,
1526 2933 1655 2988 tum
1703 2928 1957 3008 denique
2005 2929 2370 2991 confirmatis
2414 2929 2650 2992 uiribus

348 3031 619 3109 coepisse
664 3030 1071 3089 iuuenescere.
1164 3025 1391 3088 sublata
1436 3025 1597 3088 enim
1643 3025 2014 3106 Carthagine,
2061 3046 2212 3108 quae
2260 3026 2360 3090 diu
2409 3028 2640 3090 aemula

532 3200 595 3256 1.
633 3199 770 3254 Cum
824 3197 1024 3253 Seneca
1080 3198 1343 3253 consentit
1396 3199 1457 3252 in
1512 3200 1638 3268 ipsa
1691 3199 2083 3268 conparatione
2140 3199 2294 3256 Flor.
2327 3201 2369 3254 I
2399 3206 2448 3267 1,
2479 3205 2514 3255 4
2539 3217 2650 3272 sqq.

352 3273 413 3329 si
457 3272 587 3343 quis
636 3285 770 3342 ergo
814 3268 1084 3340 populum
1132 3269 1445 3324 Romanum
1482 3269 1648 3340 quasi
1687 3287 1857 3324 unum
1893 3269 2178 3325 hominem
2217 3272 2531 3327 consideret
2569 3275 2652 3326 to-

352 3349 585 3427 tamque
642 3342 763 3397 eius
830 3342 1075 3395 aetatem
1138 3344 1493 3411 percenseat,
1560 3344 1626 3395 ut
1680 3341 1929 3411 coeperit
1981 3344 2156 3411 utque
2203 3343 2544 3410 adoleuerit‚
2589 3348 2655 3399 ut

352 3434 520 3487 qussi
566 3415 643 3470 ad
688 3414 975 3483 quandam
1022 3412 1286 3466 iuuentae
1332 3411 1552 3482 frugem
1598 3412 1938 3482 peruenerit,
1984 3416 2049 3468 ut
2093 3415 2294 3484 postea
2329 3414 2489 3470 uelut
2524 3431 2652 3470 con-

352 3486 622 3554 senuerit,
659 3487 931 3554 quattuor
966 3484 1174 3552 gradus
1210 3499 1612 3554 processusque
1649 3483 1770 3538 eius
1808 3484 2072 3539 inueniet.
2130 3485 2317 3555 prima.
2353 3490 2510 3542 aetas
2549 3487 2652 3542 sub

350 3559 587 3644 regibus
642 3555 755 3612 fuit
806 3571 982 3626 prope
1037 3571 1139 3636 per
1191 3571 1369 3610 annos
1424 3555 1868 3637 quadringentos
1939 3559 2156 3612 numm-i
2199 3559 2445 3615 codicum
2480 3559 2653 3630 ευπῆ,

352 3631 563 3718 quibus
601 3629 812 3684 circum
848 3627 1053 3751 urbenli3
1082 3642 1265 3750 lpsagi
1286 3643 1429 3750 fixum
1466 3626 1722 3681 finitimis
1758 3626 1917 3710 luet-a
1982 3645 2008 3710 s
2045 3631 2145 3683 est.
2209 3629 2354 3712 liaeo
2390 3631 2498 3685 erit
2534 3631 2654 3713 eius

350 3703 628 3840 3535&
676 3698 2064 3852 ffitssxzfcozzffiffl⁰[h3*¹?32r225‚⁰2.⁸}32734z”;
2077 3701 2656 3844 Αὸἷέἓιῗέἐὲἓὲἓῖὲ

352 3863 479 3902 cum
511 3846 712 3900 Marco
740 3843 808 3897 F.
830 3859 973 3897 cons.
994 3839 1277 3911 264s490]
1308 3842 1529 3894 centum
1569 3844 1988 3912 quinquaginta.
2024 3859 2201 3898 annos
2238 3847 2414 3915 patet,
2450 3844 2654 3913 quibus

540 4015 597 4072 2.
656 4030 693 4070 a
741 4007 1028 4086 Catilina]
1076 4009 1325 4084 Rebliny
1379 4028 1449 4068 ac
1504 4010 1762 4070 alienam
1810 4012 1970 4072 codd.
2025 4031 2096 4072 ac
2149 4014 2452 4073 lanienam
2497 4017 2655 4090 ωας.

354 4105 622 4271 ᾱθωῗῒ
640 4101 762 4249 11)2.
810 4189 1029 4249 ducata
1055 4189 1251 4247 Paris,
1272 4188 1316 4245 I
1460 4191 1722 4266 pueritia
1747 4191 1887 4249 Par.
1909 4191 2034 4249 III
2211 4196 2238 4249 1
2251 4194 2308 4252 5.
2357 4212 2489 4253 cum
2535 4195 2654 4252 iam

356 4283 539 4360 quasi
584 4299 718 4340 cum
754 4280 896 4338 Par.
915 4279 1041 4336 III
1227 4278 1325 4336 19.
1370 4280 1435 4337 in
1462 4280 1842 4339 iuuenescere
1869 4281 2082 4340 desinit
2107 4282 2270 4356 apud
2297 4282 2660 4342 Brandawm

355 4376 485 4448 ipse
510 4371 731 4431 Seneca
910 4369 1129 4428 etenim
1164 4367 1304 4426 Par.
1324 4367 1449 4424 ΙΙΙ
