3234 5034
617 360 820 406 Lxun
1115 338 1211 392 DE
1252 337 1715 393 SCRIPTORVM
1752 335 1942 390 VITIS
1982 335 2074 389 ΕΤ
2114 335 2430 390 SCRIPTIS

619 506 866 568 dubium
921 506 1186 584 uidetur,
1243 524 1420 586 quam
1475 505 1552 565 ob
1605 523 1733 565 rem
1782 504 1855 564 de
1904 503 2175 564 Caesaris
2221 505 2345 564 uita
2394 505 2667 582 cogitaui.
2742 511 2929 582 certe,

619 608 736 666 etsi
799 623 867 665 ea
923 623 1218 685 nusquam
1274 606 1516 682 citatur,
1571 605 1689 663 tria
1748 603 2076 680 fragmenta
2124 604 2358 676 (5—7)
2408 610 2609 681 aperte
2666 601 2739 661 ad
2787 620 2930 662 eum

621 706 924 784 pertinent
977 721 1088 763 nec
1143 701 1262 763 tale
1317 720 1468 782 opus
1525 701 1597 762 ab
1656 703 1785 762 eius
1833 700 2029 761 indole
2078 701 2461 761 abhorruisse
2515 707 2755 760 ueteres
2802 702 2929 778 opi-

619 809 790 862 natos
850 819 981 861 esse
1040 800 1181 860 hinc
1238 807 1506 879 apparet,
1563 799 1722 880 quod
1780 798 2019 878 quidam
2066 798 2218 859 bella
2265 797 2726 859 Alexandrinum
2773 798 2927 858 Arri-

621 918 876 978 cumque
925 906 984 960 et
1029 899 1449 978 Hispaniense,
1508 916 1659 977 quae
1716 917 1877 960 nunc
1923 898 2227 976 leguntur,
2284 896 2357 956 ab
2406 915 2473 956 eo
2524 899 2743 976 scripta
2791 914 2929 956 esse

619 1004 981 1076 putauerunt
1046 999 1240 1071 (Suet.
1299 999 1465 1058 Caes.
1505 998 1642 1075 56),
1709 1015 1859 1076 quae
1925 995 2165 1075 quidem
2228 1013 2365 1056 cum
2431 996 2607 1055 amici
2670 993 2930 1054 Tulliani

621 1094 843 1155 iudicio
901 1094 1309 1173 elegantiaque
1356 1097 1596 1154 omnino
1648 1112 1765 1155 non
1824 1097 2171 1172 concinunt,
2237 1101 2303 1154 ut
2370 1095 2721 1172 praesertim
2790 1111 2929 1152 cum

621 1191 850 1271 Oppius
915 1211 1026 1253 nec
1083 1193 1282 1253 Africo
1347 1211 1458 1252 nec
1515 1191 1897 1271 Hispaniensi
1961 1194 2360 1270 interfuisset,
2418 1191 2492 1252 ab
2547 1191 2825 1252 omnibus
2874 1192 2929 1250 ei

621 1290 957 1352 abiudicata
1004 1293 1138 1352 sint.
1215 1291 1331 1352 Sed
1380 1291 1452 1352 de
1499 1291 1570 1350 fr.
1611 1287 1651 1350 8
1702 1292 2032 1369 quaeritur,
2080 1309 2223 1351 num
2281 1289 2463 1350 simili
2511 1292 2739 1350 ratione
2787 1289 2928 1349 duc-

623 1395 720 1449 tus
783 1397 852 1450 ut
915 1391 1180 1450 Africani
1241 1392 1322 1450 ita
1389 1389 1560 1449 Marii
1625 1391 1811 1448 uitam
1876 1390 2213 1466 scripserit,
2270 1390 2441 1448 cuius
2502 1389 2930 1466 consanguinei

623 1504 822 1546 mores
861 1486 1174 1548 Caesarem
1213 1489 1508 1548 imitatum
1557 1504 1691 1546 esse
1737 1485 2089 1546 Plutarchus
2136 1488 2199 1545 in
2244 1487 2349 1546 uit.
2388 1485 2531 1546 Mar.
2570 1483 2611 1546 6
2659 1494 2929 1562 testatur,

623 1584 796 1662 quale
862 1604 1012 1664 opus
1077 1603 1219 1646 sane
1285 1587 1481 1646 animo
1549 1585 1866 1662 concipere
1932 1585 2139 1662 potuit„
2216 1593 2277 1644 at
2336 1585 2505 1644 cuius
2563 1585 2929 1644 constantiae

623 1681 920 1743 Marianae
977 1682 1132 1762 apud
1188 1683 1446 1744 Plinium
1503 1685 1565 1742 in
1614 1689 1731 1742 nat.
1779 1682 1916 1742 hist.
1964 1680 2193 1760 Oppius
2250 1690 2457 1742 auctor
2512 1689 2629 1758 est,
2694 1681 2841 1741 haec
2896 1700 2929 1740 a

623 1780 937 1840 Plutarcho
995 1790 1114 1842 tam
1172 1789 1376 1860 aperte
1433 1800 1568 1842 cum
1628 1779 1878 1840 Caesare
1936 1781 2343 1858 coniungitur,
2398 1786 2465 1839 ut
2522 1779 2692 1839 facile
2750 1781 2929 1838 etiam

625 1881 686 1938 in
734 1879 912 1939 huius
968 1881 1092 1939 uita
1149 1879 1344 1940 locum
1392 1897 1566 1940 suum
1613 1878 1832 1939 habere
1879 1879 2159 1957 potuerit,
2212 1876 2565 1938 Plutarchus
2613 1883 2811 1937 autem
2860 1895 2931 1936 ex

625 1979 874 2037 materia
923 1977 994 2037 de
1041 1979 1164 2038 uita
1215 1977 1487 2038 Caesaris
1535 1976 1781 2037 collecta
1830 1978 1891 2035 in
1950 1975 2272 2036 Marianam
2337 1973 2725 2036 transtulerit.
2803 1975 2930 2052 (Cf.

627 2075 935 2135 Muenzer
967 2093 1034 2150 p.
1074 2075 1207 2135 364
1233 2079 1350 2150 sq.)

807 2172 1085 2232 Ceterum
1134 2175 1455 2233 auctoritas
1504 2174 1635 2233 eius
1676 2191 1811 2233 cum
1858 2182 2103 2251 propter
2140 2171 2410 2233 Caesaris
2460 2172 2721 2233 studium
2758 2175 2934 2250 parui

630 2270 804 2330 ducta
862 2273 966 2349 sit,
1033 2273 1252 2331 mirum
1309 2288 1424 2330 non
1484 2278 1601 2347 est,
1659 2269 1815 2348 quod
1864 2273 1995 2330 eius
2042 2289 2221 2349 opera
2268 2289 2387 2331 non
2436 2270 2536 2331 diu
2584 2280 2937 2332 manserunt

630 2363 966 2450 (Charisius
1006 2371 1164 2430 enim
1202 2371 1304 2429 uix
1343 2371 1472 2447 ipsa
1511 2363 1798 2451 inspexit)
1840 2386 2037 2447 neque
2083 2371 2397 2447 quisquam
2446 2370 2706 2448 scriptor
2748 2371 2935 2429 maio-

631 2485 728 2526 res
792 2485 999 2527 eorum
1074 2475 1274 2546 partes
1349 2467 1693 2545 exscripsit,
1760 2467 1875 2526 nisi
1951 2466 2305 2526 Plutarchus
2370 2468 2432 2526 in
2496 2468 2696 2545 priore
2772 2468 2933 2527 uitae

631 2565 902 2624 Caesaris
966 2573 1133 2644 parte
1201 2566 1511 2638 (Thouret
1564 2568 1600 2624 l.
1640 2583 1685 2624 s·
1722 2583 1789 2640 p.
1828 2565 1962 2625 347
1988 2583 2109 2640 sqq.
2178 2565 2257 2641 cf.
2298 2567 2439 2624 adn.
2482 2567 2567 2625 ad
2603 2565 2688 2642 fr.
2731 2565 2772 2623 7
2798 2568 2935 2640 sq).

630 2681 815 2723 uuum
864 2661 1144 2740 Gellium,
1193 2681 1344 2742 quae
1391 2664 1454 2722 in
1501 2661 1709 2722 eodem
1759 2665 1949 2741 capite
2000 2681 2133 2723 cum
2183 2663 2252 2723 fr.
2292 2659 2335 2722 2
2383 2671 2441 2723 et
2486 2659 2527 2722 3
2578 2661 2649 2722 de
2708 2661 2937 2740 Scipio-

631 2762 726 2820 nis
775 2760 1136 2820 diuinatione
1185 2769 1244 2821 et
1289 2762 1597 2839 praesagio
1647 2759 1944 2838 adnexuit,
1992 2779 2063 2820 ex
2102 2778 2267 2820 more
2306 2779 2414 2821 suo
2452 2760 2694 2821 eosdem
2742 2761 2938 2820 fontes

633 2857 914 2918 adhibere
970 2861 1307 2937 perrexisse
1362 2877 1552 2938 paene
1613 2865 1846 2919 certum
1902 2865 2019 2937 est,
2074 2865 2141 2918 ut
2200 2860 2449 2920 minutis
2506 2858 2722 2919 litteris
2788 2858 2937 2918 haec

632 2957 784 3016 inl'ra
843 2955 1197 3034 addiderim,
1255 2965 1430 3036 atque
1479 2957 1657 3017 etiam
1703 2955 1783 3015 ΙΙΙ
1832 2975 1879 3017 c.
1918 2953 1979 3034 4,
2024 2954 2125 3016 ubi
2174 2955 2333 3018 idem
2382 2954 2617 3035 ‘libroS,
2665 2974 2815 3034 quos
2864 2955 2937 3017 de

631 3057 756 3116 uita
811 3054 872 3114 P.
913 3053 1208 3134 Scipionis
1265 3055 1524 3114 Africani
1581 3049 1975 3133 compositos’
2029 3073 2093 3115 se
2150 3054 2366 3132 legisse
2422 3054 2578 3134 uult,
2626 3073 2697 3116 ex
2746 3053 2938 3134 Oppio

631 3152 730 3213 uel
779 3151 1005 3231 Hygino
1053 3154 1342 3231 originem
1394 3151 1610 3213 ducere
1658 3154 1790 3212 ueri
1837 3151 2220 3213 simillimum.

813 3249 938 3310 Alia
977 3251 1304 3328 fragmenta
1342 3268 1546 3310 errore
1585 3249 1659 3310 ad
1696 3250 1855 3310 hunc
1892 3249 2149 3330 Oppium
2188 3251 2371 3312 relata
2410 3259 2564 3312 sunt.
2614 3268 2751 3312 nam
2783 3269 2937 3329 quae

635 3348 749 3409 sub
795 3346 972 3426 Oppii
1019 3350 1257 3407 nomine
1307 3347 1460 3426 apud
1507 3347 1871 3409 Macrobium
1920 3348 2279 3428 Festumque
2317 3348 2644 3410 Paulumue
2686 3355 2942 3427 exstant,

635 3454 778 3507 sunt
831 3445 1054 3505 Aurelii
1109 3444 1314 3524 Opilii,
1372 3444 1734 3524 philosophi,
1793 3445 2074 3524 rhetoris,
2122 3449 2517 3526 grammatici,
2565 3449 2737 3507 cuius
2784 3447 2941 3525 frag-

635 3553 836 3606 menta
891 3543 1086 3622 Egger
1143 3545 1331 3605 Serm.
1372 3551 1496 3605 ant.
1535 3547 1711 3620 reliq.
1737 3563 1805 3621 p.
1846 3545 1935 3604 27
1989 3545 2241 3624 collegit.
2315 3545 2472 3624 quod
2530 3552 2728 3606 autem
2782 3543 2943 3606 Roth

637 3663 692 3722 p.
723 3639 852 3702 379
899 3650 967 3702 ut
1013 3642 1253 3702 Procilii
1297 3641 1592 3722 Oppiique
1641 3644 1868 3721 recepit
1915 3661 1985 3703 ex
2024 3643 2399 3705 Ps.-Asconio
2430 3646 2514 3720 (p.
2546 3644 2674 3703 171
2725 3642 2825 3704 Or.
2856 3645 2949 3704 ad

647 3743 769 3802 Cic.
816 3742 982 3801 Verr.
1023 3741 1066 3800 I
1105 3741 1216 3816 19,
1256 3743 1390 3820 50),
1447 3759 1644 3801 sermo
1702 3748 1791 3801 est
1850 3739 1921 3802 de
1977 3741 2037 3802 P.
2086 3741 2262 3822 Oppii
2318 3741 2391 3803 M.
2437 3740 2663 3802 Aurelii
2717 3739 2946 3820 Cottae,

637 3837 1009 3918 proconsulis
1048 3837 1374 3918 Bithyniae,
1421 3847 1755 3917 quaestore.
