3234 5034
993 287 1056 342 T.
1097 287 1517 343 ponpomvs
1557 287 1862 344 Arricvs
2453 311 2577 358 xm

263 453 644 534 copulauisse
671 454 927 516 uidetur.
977 473 1114 516 nam
1144 474 1280 516 cum
1302 454 1526 536 Cicero,
1555 475 1673 536 qua
1700 465 1831 517 erat
1857 456 2137 519 facilitate
2167 459 2408 537 ingenii,
2439 477 2577 519 cum

265 555 492 614 otiosus
542 562 721 632 esset,
767 572 877 633 per
921 555 1120 614 omnia
1163 553 1499 616 litterarum
1547 573 1765 634 genera
1808 561 2256 635 peruagaretur,
2293 557 2575 618 materias

266 650 556 730 diuersaS,
603 653 876 731 quamuis
924 659 1094 714 antea
1143 651 1361 713 alienas
1409 653 1687 714 celeriter
1733 662 2001 734 arreptas
2049 662 2174 715 arte
2225 654 2463 715 dicendi
2510 673 2573 716 se

264 751 502 828 egregie
549 756 808 812 tractare
856 757 916 810 et
959 749 1260 812 illustrare
1297 769 1472 830 posse
1521 750 1863 832 confideret,
1910 751 2023 812 hac
2070 755 2199 832 ipsa
2244 755 2469 815 uirtute
2516 761 2576 814 et

264 865 558 910 summam
597 851 689 910 sui
730 848 1180 910 admirationem
1217 857 1489 911 moueret
1531 856 1590 911 et
1628 849 1893 912 studium
1930 851 2266 913 litterarum
2302 850 2573 912 humani-

265 955 565 1026 tatemque
597 949 757 1008 inter
784 949 948 1008 ciues
977 948 1154 1009 latius
1194 947 1569 1028 diffunderet,
1596 947 1827 1010 Atticus
1865 948 2183 1028 diligenter
2218 951 2572 1029 curioseque

263 1047 326 1104 in
363 1047 526 1124 ipsas
565 1063 664 1106 res
700 1045 1040 1125 inquirebat
1075 1063 1271 1126 neque
1310 1047 1592 1107 minutias
1632 1046 1968 1126 spernebat,
2006 1049 2059 1108 si
2098 1047 2172 1108 ad
2211 1066 2313 1108 eas
2346 1046 2573 1109 delatus

265 1151 410 1222 erat,
438 1151 506 1204 ut
534 1143 678 1224 quid
706 1162 919 1205 uerum
958 1151 1131 1224 esset,
1170 1143 1521 1224 exploraret,
1559 1144 1836 1224 idemque
1866 1145 2128 1225 amplum
2158 1148 2376 1207 artium
2416 1165 2573 1208 cam-

261 1261 404 1321 pum
437 1244 687 1303 scientia
717 1261 824 1303 sua
854 1249 914 1304 et
939 1241 1161 1303 iudicio
1191 1241 1711 1323 complectebatur.
1760 1245 1958 1324 itaque
1982 1246 2045 1304 in
2070 1243 2347 1305 omnibus
2374 1245 2573 1325 dispu-

262 1340 606 1421 tationibuS,
645 1359 796 1421 quae
833 1339 908 1401 ad
945 1341 1174 1402 litteras
1209 1343 1600 1422 pertinerent,
1640 1342 1798 1402 hunc
1834 1341 1936 1403 illo
1974 1345 2346 1423 superiorem
2384 1345 2571 1405 fuisse

263 1437 526 1518 adparet.
601 1438 987 1500 nihilominus
1034 1439 1389 1501 secundas
1436 1459 1648 1519 agere
1698 1440 1940 1521 solebat,
1978 1441 2039 1502 id
2078 1441 2238 1522 quod
2276 1460 2345 1503 eo
2382 1445 2571 1522 magis

261 1536 626 1599 laudandum
673 1544 779 1617 est,
826 1555 942 1616 quo
991 1539 1228 1617 saepius
1275 1556 1411 1599 eum
1459 1537 1669 1600 Cicero
1716 1539 1993 1602 omnibus
2039 1559 2289 1620 precum
2336 1542 2569 1619 generi—

261 1635 374 1696 bus
421 1635 707 1714 fatigabat
745 1653 1071 1716 omnesque
1113 1635 1488 1697 difficultates
1525 1639 1831 1698 numarias
1868 1637 1944 1698 ad
1979 1657 2118 1699 eum
2156 1637 2570 1700 transferebat.

261 1735 550 1795 nimirum
608 1751 753 1795 uera
800 1735 975 1794 amici
1023 1733 1409 1796 admiratione
1450 1735 1732 1814 impletus
1776 1745 1920 1816 erat,
1966 1754 2161 1817 neque
2197 1736 2397 1798 hercle
2434 1737 2570 1817 plus

259 1832 424 1894 ualet
469 1831 542 1893 ad
589 1839 861 1893 nostrum
911 1832 982 1893 de
1021 1830 1309 1894 Cicerone
1355 1832 1645 1894 iudicium
1694 1832 2199 1914 conformandum,
2247 1854 2424 1915 quam
2469 1835 2571 1897 illa

258 1929 439 1991 Attici
493 1932 780 2010 patientia
836 1937 896 1991 et
951 1930 1292 1992 adsiduitas.
1379 1930 1697 1993 accedebat
1750 1931 1909 2011 quod
1966 1934 2143 1994 etiam
2194 1933 2292 1994 hic
2337 1942 2406 1996 ut
2450 1934 2568 1995 illis

259 2027 634 2109 temporibus
689 2031 804 2090 arti
861 2028 1096 2091 dicendi
1150 2031 1341 2109 ipsam
1398 2047 1600 2092 rerum
1658 2033 2054 2110 cognitionem
2112 2031 2283 2110 longe
2329 2041 2569 2112 postpo-

259 2127 456 2188 nebat.
524 2129 724 2207 itaque
771 2129 883 2188 etsi
931 2146 1107 2207 saepe
1142 2127 1232 2188 illi
1277 2129 1588 2189 materiam
1628 2128 2093 2208 commendabat,
2139 2129 2212 2191 de
2259 2149 2375 2211 qua
2422 2133 2569 2192 scri-

258 2225 448 2306 beret,
485 2224 857 2306 habebatque
897 2244 1032 2287 eum
1071 2225 1498 2305 obsequentem
1536 2234 1640 2288 aut
1674 2229 1983 2288 scientiam
2023 2230 2151 2289 eius
2189 2227 2502 2308 supplebat
2514 2223 2568 2314 ¹)

260 2331 364 2384 aut
420 2321 816 2385 dubitationes
873 2325 1001 2385 siue
1055 2323 1127 2385 de
1173 2321 1376 2385 uerbis
1425 2327 1554 2385 siue
1603 2324 1674 2386 de
1723 2324 1904 2386 rebus
1950 2325 2219 2388 soluebat
2264 2326 2568 2408 librosque

259 2429 322 2482 et
366 2423 665 2484 orationes
712 2424 842 2484 eius
890 2422 1258 2503 emendabat,
1303 2430 1371 2483 ut
1406 2421 1817 2484 Aristarchum
1862 2423 1962 2484 hic
2010 2441 2146 2485 eum
2187 2423 2413 2486 diceret
2451 2427 2570 2498 (ad

259 2521 383 2582 Art.
425 2521 468 2580 I
502 2521 608 2597 14,
645 2521 690 2582 3
735 2523 861 2582 uid.
903 2522 1243 2584 Schneider
1287 2525 1324 2582 l.
1356 2539 1403 2582 ε.
1427 2539 1498 2600 p.
1527 2522 1616 2582 34
1641 2523 1777 2600 sq),
1824 2528 2021 2583 tamen
2069 2530 2130 2582 et
2174 2521 2449 2584 Ciceroni
2508 2533 2570 2584 et

259 2617 376 2678 sibi
431 2619 673 2680 omnino
728 2619 980 2680 inferior
1034 2637 1166 2680 esse
1220 2618 1552 2706 uidebatur.
1627 2619 1765 2680 Fuit
1818 2621 1915 2680 uir
1968 2639 2113 2681 uere
2164 2619 2460 2682 litteratus
2508 2629 2569 2682 et

257 2718 534 2778 curiosus
547 2709 620 2801 ¹),
667 2718 764 2778 cui
810 2717 1050 2796 quidem
1098 2717 1296 2779 studio
1341 2736 1655 2779 seruorum
1712 2717 2105 2780 litteratorum
2162 2717 2402 2780 cohorte
2451 2721 2565 2781 cir-

259 2813 576 2876 cumdatus
625 2813 992 2895 aliorumque
1033 2815 1364 2877 eruditione
1406 2815 1665 2877 libenter
1700 2835 1845 2878 usus
1885 2836 1953 2878 eo
1991 2817 2280 2878 intentius
2318 2835 2383 2878 se
2423 2816 2565 2878 dare

255 2915 480 2993 potuit,
540 2911 700 2993 quod
755 2933 788 2974 a
843 2913 1076 2976 luxuria
1136 2913 1604 2994 libidinibusque
1662 2922 1724 2976 et
1777 2933 1809 2975 a
1866 2915 2044 2976 rebus
2098 2914 2354 2995 publicis
2404 2922 2564 2977 totus

255 3010 635 3091 abhorrebat,
661 3013 781 3074 nisi
810 3031 886 3072 ne
925 3013 1132 3073 amicis
1169 3012 1647 3092 periclitantibus
1686 3012 1936 3075 deesset.
1984 3032 2081 3074 res
2121 3019 2320 3075 autem
2358 3032 2563 3075 numa-

256 3113 380 3170 riae
425 3110 528 3171 uel
571 3111 765 3189 ipsius
811 3109 908 3172 uel
956 3113 1282 3172 amicorum
1330 3113 1442 3173 etsi
1487 3129 1606 3172 non
1654 3111 2141 3193 neglegebantur,
2189 3120 2385 3173 tamen
2434 3114 2563 3174 eius

255 3210 524 3270 animum
571 3226 691 3270 non
737 3217 1181 3289 occupauerunt
1237 3217 1338 3270 aut
1384 3229 1416 3271 a
1464 3209 1733 3271 doctrina
1785 3209 2217 3289 abstraxerunt,
2263 3229 2380 3291 qua
2432 3213 2561 3290 qui-

256 3307 392 3369 dem
453 3309 518 3367 in
579 3324 646 3366 re
704 3307 970 3386 iniquius
1030 3307 1103 3369 de
1166 3326 1235 3369 eo
1293 3307 1600 3369 Drumann
1658 3308 1969 3388 iudicauit,
2018 3328 2154 3370 cum
2198 3310 2383 3370 uitam
2432 3310 2561 3370 eius
2612 3319 2629 3331 ·

250 3405 474 3467 talibus
511 3405 767 3483 negotiis
804 3423 992 3485 paene
1031 3425 1267 3467 omnem
1305 3408 1597 3468 contineri
1637 3406 1878 3468 diceret.
1936 3415 2139 3468 contra
2175 3408 2355 3468 nimis
2383 3408 2562 3469 Attici

251 3503 492 3565 laudem
546 3505 926 3581 exaggerauit
971 3503 1283 3566 Cornelius
1337 3503 1560 3585 Nepos,
1609 3523 1744 3565 cum
1808 3506 1991 3566 uitam
2056 3507 2187 3566 eius
2253 3504 2561 3586 scriberet,

435 3663 488 3723 1)
525 3655 609 3711 cf.
641 3655 712 3710 de
747 3655 842 3710 fin.
870 3656 922 3710 Π
959 3663 1045 3722 21,
1076 3663 1143 3711 67
1191 3658 1366 3713 Num·
1407 3675 1538 3714 uero
1584 3661 1849 3728 quoniam
1892 3659 2023 3714 haec
2061 3676 2163 3714 nos
2206 3660 2372 3716 etiam
2414 3667 2557 3716 trac·

251 3747 370 3794 tare
404 3737 700 3809 coepimus,
735 3737 1108 3808 suppeditabit
1141 3739 1302 3794 nobis
1337 3740 1558 3794 Atticus
1599 3745 1783 3795 noster
1818 3757 1845 3794 e
1881 3741 2149 3795 thesawn's
2188 3741 2305 3795 suis
2342 3757 2475 3810 quoa
2509 3749 2562 3798 et

250 3825 488 3889 quantoe
523 3819 708 3873 uiros!

432 3899 490 3966 2)
535 3896 736 3968 Inique
787 3897 858 3954 de
905 3897 1024 3952 eius
1071 3897 1314 3954 ueritate
1360 3898 1642 3956 iudicauit
1684 3900 1930 3956 Boissier
1974 3901 2107 3972 (Cic.
2138 3918 2192 3956 u.
2222 3919 2263 3956 a.
2295 3903 2559 3958 Fretmde

249 3999 308 4051 p.
341 3985 446 4034 143
482 3994 629 4033 uere.
659 3982 870 4050 germ).
927 3978 1010 4035 cf.
1049 3980 1117 4034 ut
1150 3997 1324 4034 unum
1360 3980 1512 4035 hunc
1536 3980 1723 4036 locum
1752 3997 2049 4051 apponam,
2078 3981 2153 4036 ad
2182 3981 2298 4036 Att.
2320 3981 2423 4036 ΧΠ
2452 3987 2500 4052 6,
2523 3989 2555 4036 2

249 4058 376 4130 (ubi
421 4058 494 4114 de
531 4057 908 4128 Tyrannionis
958 4058 1105 4115 libro
1162 4059 1230 4115 de
1277 4062 1588 4117 accentibus
1637 4060 1933 4132 loquitur):
1986 4062 2128 4118 Amo
2178 4064 2323 4118 em'm
2366 4060 2555 4118 πάντα

250 4138 632 4210 φιλειδήμονα
677 4143 828 4209 teque
863 4141 1030 4196 iatam
1066 4145 1179 4196 tam
1215 4146 1427 4196 tenuem
1453 4137 1707 4209 θεωρίαν
1742 4147 1857 4196 tam
1890 4142 2057 4197 ualde
2084 4143 2421 4198 admiratum
2448 4160 2557 4198 ecee

249 4221 482 4292 gaudeo.
543 4221 644 4274 etsi
679 4227 778 4275 tua
815 4221 1031 4291 quidem
1065 4227 1198 4277 aunt
1232 4223 1351 4277 eiua
1385 4223 1537 4276 modi
1571 4222 1776 4277 omnia.
1832 4223 1969 4278 seire
1995 4223 2140 4278 enim
2167 4225 2274 4291 uia,
2310 4240 2415 4293 quo
2442 4241 2556 4280 uno

251 4300 481 4356 amma
516 4299 708 4356 alim.
