3234 5034
591 318 666 363 v1
1087 293 1185 349 DE
1225 292 1691 351 semprossvm
1726 294 1919 350 vms
1957 295 2052 349 ΕΤ
2090 294 2407 350 scrupus

571 442 908 545 'prodente3
956 461 1170 525 deinde
1218 464 1346 542 ipse
1395 464 1512 536 (ad
1552 464 1677 524 Att.
1704 463 1785 524 ΙΙ
1816 464 1875 541 6,
1904 464 1975 538 2)
2015 465 2347 543 asperrime
2386 482 2451 525 se
2490 462 2626 524 odio
2660 482 2769 526 suo
2806 466 2897 525 in·

596 562 879 642 dulsisse,
932 561 1041 622 Dio
1097 559 1282 622 multa
1338 559 1526 622 libere
1583 568 1645 622 et
1697 560 1910 622 acerbe
1971 570 2178 623 contra
2234 569 2357 624 tres
2412 565 2579 624 uiros
2636 570 2695 623 et
2750 561 2899 624 alios

595 659 882 743 quosdam
940 660 1318 721 contexuisse
1375 658 1546 738 dicit,
1596 658 1851 739 denique
1900 662 2029 739 ipse
2074 655 2399 722 ἀνέκδοτα
2444 680 2509 722 se
2555 663 2663 722 uni
2709 661 2899 722 Attico

595 760 793 839 legare
833 777 1089 839 eumque
1128 759 1388 838 primum
1427 776 1497 818 ea
1533 756 1877 819 habiturum
1906 764 1967 819 et
1994 757 2357 838 aliquamdiu
2385 758 2577 821 solum
2608 760 2718 831 (II
2745 760 2803 836 6,
2824 761 2902 831 2;

598 859 702 934 12,
742 858 834 935 3),
880 857 990 917 1)ὶο
1045 858 1262 918 timore
1317 864 1680 918 commotum
1738 874 1877 917 eum
1933 855 2055 916 filio
2110 855 2415 937 obsignata
2473 856 2792 919 tradidisse
2842 865 2905 918 et

598 962 734 1018 ante
791 962 1042 1017 mortem
1097 972 1266 1016 suam
1322 954 1438 1032 legi
1496 962 1556 1015 et
1611 954 1708 1016 edi
1762 956 2047 1016 uetuisse.
2066 948 2119 1038 1)
2185 956 2385 1035 itaque
2439 964 2577 1036 post
2630 955 2904 1017 Caesaris

599 1053 842 1117 caedem
890 1072 1026 1115 cum
1069 1053 1298 1114 Atticus
1347 1071 1483 1114 eum
1531 1060 1693 1114 esset
1740 1052 2101 1145 adhortatuS,
2148 1061 2216 1115 ut
2260 1053 2467 1116 ederet
2506 1063 2682 1134 atque
2726 1073 2904 1134 quae·

600 1153 738 1214 dam
796 1151 1171 1231 adiungeret,
1227 1151 1340 1211 hoc
1387 1150 1629 1230 quidem
1675 1151 1775 1213 ille
1823 1155 2157 1230 excusauit,
2204 1150 2365 1232 quod
2409 1152 2509 1213 hic
2554 1152 2711 1213 liber
2754 1171 2903 1213 non-

602 1252 742 1314 dum
788 1258 856 1312 ut
899 1249 1083 1311 uellet
1127 1248 1458 1329 perpolitus
1505 1258 1667 1311 esset
1714 1269 1918 1330 eaque,
1958 1269 2109 1331 quae
2148 1252 2375 1311 amicus
2422 1252 2659 1312 contexi
2704 1250 2907 1330 uellet,

601 1357 939 1431 separatum
996 1347 1281 1410 uolumen
1337 1356 1747 1430 expectarent,
1800 1349 2197 1429 perpoliuisse
2254 1356 2453 1410 tamen
2512 1348 2754 1410 uidetur
2798 1348 2907 1410 sed

601 1456 778 1510 uetus
832 1448 1205 1528 propositum
1271 1445 1570 1508 retinendi
1635 1466 1755 1509 non
1812 1446 2181 1527 deseruisse,
2236 1450 2375 1526 quia
2432 1466 2583 1526 quae
2641 1446 2909 1526 dixisset,

606 1545 860 1608 ‘minore
907 1544 1176 1626 periculo
1223 1547 1366 1606 uiuo
1414 1543 1668 1606 Caesare
1716 1544 1836 1607 dici
1879 1548 2215 1625 potuissent
2261 1564 2439 1625 quam
2486 1542 2743 1607 mortuo’
2796 1538 2904 1628 (m.

604 1644 774 1724 Maio,
819 1645 990 1706 XIV
1027 1644 1130 1719 17,
1161 1645 1238 1716 6;
1281 1644 1361 1721 cf.
1386 1662 1456 1720 p.
1486 1644 1530 1702 4
1558 1644 1645 1721 fr.
1678 1637 1767 1728 1).
2660 1630 2667 1637 ’

782 1741 1008 1803 Deinde
1048 1734 1322 1825 (ineunte
1361 1760 1411 1801 a.
1443 1736 1729 1825 56s698)
1770 1740 1833 1802 L.
1864 1740 2185 1803 Lucceium
2225 1745 2377 1815 (uid.
2408 1742 2581 1819 infra
2610 1760 2678 1819 p.
2708 1743 2909 1821 1111),

607 1844 710 1923 qui
755 1840 945 1902 Italici
989 1839 1133 1901 belli
1181 1846 1240 1900 et
1285 1838 1482 1901 ciuilis
1527 1840 1841 1901 historiam
1888 1848 2014 1901 tum
2062 1840 2361 1902 scribebat
2406 1849 2584 1920 atque
2624 1859 2689 1901 se
2728 1842 2909 1901 etiam

607 1940 870 2020 reliquas
925 1958 1023 1999 res
1079 1956 1357 1999 orsurum
1413 1939 1880 2018 significauerat‚
1942 1938 2279 2019 inpellebat,
2324 1948 2395 2000 ut
2438 1938 2731 2019 peculiari
2780 1957 2909 2000 cor·

609 2057 752 2119 pore
810 2057 907 2098 res
955 2057 988 2097 a
1033 2038 1334 2117 principio
1389 2038 1817 2098 coniurationis
1874 2055 2065 2117 usque
2111 2036 2184 2097 ad
2242 2036 2501 2098 reditum
2549 2055 2723 2098 suum
2772 2055 2911 2097 con-

608 2135 1031 2217 prehenderet,
1100 2137 1205 2215 qui
1267 2134 1452 2196 multa
1514 2137 1817 2215 promisit,
1878 2134 2029 2195 nihil
2095 2135 2239 2196 fecit
2302 2138 2457 2207 (uid.
2506 2135 2677 2212 infra
2732 2139 2769 2196 l.
2816 2138 2912 2215 s.),

611 2237 725 2297 etsi
770 2234 1000 2295 Atticus
1047 2234 1223 2295 amici
1269 2251 1480 2313 preces
1529 2232 1762 2295 adiuuit
1806 2230 1908 2313 (m.
1946 2233 2135 2313 Aprili
2182 2228 2456 2315 55s699‚
2510 2235 2633 2295 Cic.
2668 2237 2757 2295 ad
2791 2235 2913 2295 Att.

615 2335 718 2395 IV
743 2334 804 2409 9,
833 2333 892 2409 2,
940 2332 1019 2409 cf.
1051 2333 1154 2393 IV
1182 2333 1240 2409 6,
1269 2326 1360 2417 4),
1408 2339 1470 2393 et
1514 2330 1673 2412 quod
1718 2330 1809 2392 illi
1852 2334 2023 2411 quasi
2073 2349 2182 2412 per
2227 2334 2427 2393 iocum
2481 2334 2741 2393 minatus
2788 2339 2918 2393 erat

612 2431 936 2495 multorum
975 2429 1243 2511 exemplo
1283 2432 1649 2510 scripturum
1687 2448 1751 2491 se
1790 2432 1987 2511 ipsum
2025 2429 2097 2491 de
2138 2448 2220 2510 se,
2259 2431 2329 2509 si,
2368 2429 2525 2510 quod
2563 2429 2761 2509 uellet,
2794 2448 2915 2491 non

614 2534 976 2611 inpetrasset
1013 2531 1130 2603 (ad
1164 2530 1314 2607 fam.
1359 2530 1414 2588 V
1443 2529 1576 2607 12),
1615 2547 1681 2589 re
1720 2546 1867 2590 uera
1902 2536 2103 2590 mente
2141 2531 2432 2609 concepit,
2478 2528 2540 2590 id
2577 2530 2777 2589 tamen
2816 2530 2916 2607 ita,

613 2637 682 2691 ut
729 2626 906 2690 simul
953 2627 1013 2688 C.
1054 2626 1369 2688 Caesarem
1425 2629 1771 2707 respiceret.
1842 2645 1979 2688 nam
2027 2646 2164 2687 cum
2210 2627 2325 2687 hoc
2370 2645 2587 2688 nouam
2635 2628 2915 2688 coniunc-

617 2730 840 2789 tionem
895 2724 1093 2787 libello
1151 2724 1348 2805 aliquo
1405 2744 1483 2786 m.
1521 2724 1714 2805 Aprili
1767 2725 1841 2787 ad
1898 2744 2034 2787 eum
2090 2728 2273 2786 misso
2330 2725 2491 2805 iniit,
2548 2744 2665 2805 quo
2712 2744 2917 2805 quam-

617 2842 794 2906 quam
833 2823 1104 2886 modicus
1143 2826 1206 2885 in
1253 2822 1545 2885 laudando
1582 2842 1653 2884 eo
1692 2824 1821 2903 fuit,
1863 2832 2061 2885 tamen
2100 2842 2217 2903 quo
2254 2825 2455 2885 minus
2493 2822 2567 2884 ad
2603 2826 2919 2903 optimates

618 2923 935 3001 laberetur,
979 2923 1092 2984 hac
1137 2921 1433 3003 palinodia
1481 2921 1817 3002 inpeditum
1862 2940 1929 2984 se
1976 2939 2108 2984 esse
2155 2929 2218 2982 et
2257 2920 2551 3001 cogitabat
2588 2929 2649 2982 et
2683 2921 2924 2983 uolebat

618 3021 1078 3100 uberioremque
1135 3039 1201 3081 se
1247 3020 1374 3081 fore
1421 3020 1729 3100 professus
1777 3027 1885 3099 est,
1942 3022 1995 3081 si
2042 3028 2101 3081 et
2144 3018 2246 3080 ille
2290 3019 2548 3081 libenter
2593 3021 2924 3100 accepisset

621 3128 684 3183 et
727 3121 905 3181 amici
943 3122 1046 3199 qui
1084 3119 1339 3181 fuissent
1375 3137 1494 3180 non
1543 3117 1901 3180 desisterent
1938 3118 2056 3180 sibi
2090 3117 2365 3180 inuidere
2405 3120 2522 3191 (ad
2552 3118 2675 3179 Aet.
2707 3120 2813 3179 IV
2830 3120 2920 3194 5).

621 3219 684 3281 id
722 3225 920 3280 autem
956 3217 1331 3298 moliebatur,
1367 3225 1436 3279 ut
1473 3214 1579 3278 ‘de
1628 3216 2075 3297 temporibus
2124 3213 2297 3278 suis'
2346 3226 2471 3277 tres
2508 3216 2694 3278 libros
2730 3219 2922 3278 uersi-

623 3317 738 3379 bus
786 3323 1150 3396 conponeret
1198 3309 1437 3399 (eodem
1482 3323 1753 3395 tempore
1800 3334 1916 3395 quo
1964 3314 2209 3377 totidem
2258 3313 2331 3376 de
2378 3309 2659 3399 oratore),
2706 3314 2928 3395 quibus

624 3433 834 3496 poema
873 3413 945 3475 de
985 3414 1294 3476 consulatu
1332 3432 1440 3475 suo
1469 3415 1847 3475 continuasse
1872 3412 2118 3476 uidetur
2143 3414 2536 3493 miseriasque
2568 3412 2927 3493 deplorasse,

625 3512 844 3595 quibus
888 3520 1092 3594 postea
1142 3521 1303 3574 esset
1347 3510 1639 3573 adflictus
1710 3511 1999 3591 gloriatur
2042 3519 2239 3573 tamen
2282 3510 2600 3572 admodum
2639 3530 2818 3591 parce
2866 3519 2929 3573 et

626 3610 885 3674 molliter
920 3630 951 3672 a
991 3629 1057 3671 se
1095 3609 1468 3672 aduersarios
1514 3609 1706 3671 laesos
1755 3627 1887 3671 esse
1936 3616 2111 3690 atque
2158 3612 2417 3689 primum
2467 3612 2697 3670 ueritus
2744 3609 2927 3672 edere

629 3710 915 3791 noluerat,
970 3728 1046 3769 ne
1102 3728 1225 3788 eoS,
1278 3710 1380 3789 qui
1440 3706 1511 3769 de
1568 3726 1633 3769 se
1689 3707 1843 3769 bene
1890 3710 2090 3769 meriti
2138 3716 2357 3787 essent,
2401 3726 2522 3768 non
2568 3726 2775 3769 omnes
2822 3727 2927 3769 no-

813 3920 864 3987 1)
901 3916 1160 3971 Fortasse
1185 3918 1338 3971 recte
1364 3915 1515 3971 hunc
1542 3916 1749 3970 librum
1778 3915 1993 3971 dictum
2020 3932 2144 3971 esse
2172 3916 2235 3971 Ο.
2266 3916 2595 3971 Harnecker
2620 3916 2702 3986 (in
2730 3915 2931 3970 Fleck-

631 3998 802 4053 eisen.
833 4014 960 4051 ann.
995 4002 1096 4052 123
1133 4015 1186 4067 p.
1219 4001 1322 4051 184
1341 3998 1445 4067 sq.)
1483 4012 1520 4051 a
1556 3994 1823 4051 Cicerone
1858 3996 1985 4066 ipso
2022 3996 2083 4049 in
2119 3996 2293 4051 Brut-o
2322 4002 2373 4063 4,
2397 4002 2462 4050 16
2500 4000 2573 4067 (a.
2602 3996 2798 4067 aanor
2836 3996 2932 4051 uel

631 4080 866 4151 46s708)
895 4080 1102 4146 censet,
1129 4076 1229 4131 ubi
1258 4092 1426 4148 aegre
1452 4076 1580 4145 fert,
1609 4077 1764 4147 quod
1790 4075 1937 4131 nihil
1972 4076 2199 4147 habeat,
2237 4094 2349 4146 quo
2378 4075 2568 4132 Attico
2604 4094 2705 4147 pro
2734 4076 2934 4133 annali

633 4160 708 4214 ad
745 4175 805 4213 se
841 4156 1012 4213 misso
1049 4157 1293 4228 gratiam
1329 4158 1535 4213 referre
1571 4155 1780 4228 possit:
1818 4174 1917 4213 ‘nec
1948 4160 2094 4213 enim
2130 4176 2197 4212 ex
2232 4160 2399 4213 nouis
2434 4188 2502 4200 --
2539 4158 2813 4225 fructibus
2854 4164 2936 4214 est

632 4240 781 4295 wude
815 4240 919 4295 tibi
951 4238 1179 4294 reddam
1215 4240 1360 4308 quod
1396 4240 1594 4308 accepi,
1634 4270 1701 4278 -—-·
1728 4254 1829 4293 nec
1863 4256 1929 4293 ex
1964 4238 2214 4305 conditis,
2253 4240 2352 4309 qui
2384 4240 2567 4294 iacent
2600 4238 2663 4291 in
2698 4238 2937 4294 tenebris

633 4326 687 4377 et
721 4320 800 4375 ad
833 4334 968 4390 quos
1003 4320 1182 4375 onmis
1215 4320 1376 4374 nobis
1411 4320 1618 4386 aditus,
1656 4320 1754 4388 qui
1780 4336 1961 4388 paene
1987 4320 2117 4375 solio
2145 4322 2355 4389 patuit,
2390 4320 2697 4375 obstruam
2728 4324 2824 4374 est.
