3234 5034
985 401 1039 462 C.
1079 401 1367 463 PLINIVS
1403 403 1779 462 SECVNDVS
2193 405 2530 459 cxxxxvn

236 579 593 652 integritate
658 578 1120 638 administrauit
1192 585 1251 638 et
1314 585 1514 638 tamen
1578 577 1934 638 liberalibus
2005 579 2224 639 studiis
2297 584 2530 639 tantam

236 693 481 752 operam
529 677 718 755 dedit,
766 682 831 736 ut
876 692 997 736 non
1046 683 1271 738 temere
1316 679 1449 751 quis
1483 679 1678 752 plura
1725 679 1790 736 in
1837 679 1961 737 otio
2005 679 2338 753 scripserit.
2413 681 2528 737 ita-

237 790 348 848 que
393 775 558 835 bella
604 779 835 852 omnia,
882 792 1041 850 quae
1086 791 1368 850 umquam
1424 792 1561 835 cum
1614 775 1934 834 Germanis
1974 783 2149 850 qesta
2192 783 2358 854 sunt,
2403 773 2538 835 XX

238 874 647 933 uoluminibus
712 873 1191 949 comprehendit,
1267 875 1408 934 item
1480 875 1788 933 naturalis
1849 874 2145 934 historiae
2209 873 2541 934 XXXVII

236 973 421 1032 libros
471 972 752 1032 absoluit.
830 975 1031 1047 periit
1076 973 1253 1032 clade
1306 963 1751 1054 Campaniae.¹)
1863 970 2001 1031 huic
2057 971 2188 1032 loco
2242 969 2534 1033 adnotabo

238 1075 439 1130 natum
490 1086 622 1130 esse
666 1067 925 1130 Plinium
972 1087 1023 1129 a.
1062 1064 1298 1151 231776
1343 1068 1443 1130 uel
1489 1063 1726 1150 241777
1777 1072 1864 1144 (u.
1913 1071 2160 1148 Prosop.
2201 1070 2316 1131 III
2338 1089 2406 1147 p.
2447 1071 2529 1130 51

240 1187 291 1228 n.
330 1168 517 1244 373),
554 1166 799 1227 militias
837 1174 1149 1247 equestres
1188 1167 1400 1228 fecisse
1440 1169 1502 1228 in
1541 1165 1876 1246 Germania,
1916 1167 2166 1230 fortasse
2195 1187 2244 1230 a.
2273 1163 2532 1248 471800,

238 1273 441 1326 contra
498 1263 768 1326 Chaucos
826 1283 965 1326 cum
1010 1265 1265 1326 Domitio
1322 1264 1656 1328 Corbulone
1704 1268 1790 1340 (n.
1828 1269 1886 1327 h.
1928 1266 2031 1342 16,
2069 1267 2157 1348 2),
2206 1287 2254 1328 a.
2294 1261 2533 1348 501803

240 1363 343 1424 suh
390 1363 723 1443 Pomponio
780 1363 1051 1425 Secundo
1101 1367 1187 1439 (u.
1226 1364 1398 1441 infra
1430 1383 1499 1442 p.
1536 1368 1654 1441 sq.)
1708 1361 1952 1445 alaeque
1997 1364 2346 1445 praefuisse,
2396 1364 2534 1426 dein

238 1461 455 1522 Romae
486 1480 695 1523 causas
725 1464 999 1524 actitasse
1032 1455 1113 1547 (a.
1144 1457 1383 1543 521805
1423 1471 1583 1525 certe
1623 1465 1685 1524 in
1712 1462 1878 1525 Italia
1918 1463 2048 1542 fuit,
2085 1483 2143 1525 n.
2173 1465 2230 1526 lt.
2260 1464 2366 1542 33,
2397 1457 2534 1547 63),

241 1559 375 1621 inde
434 1559 510 1622 ab
567 1579 617 1621 a.
660 1555 895 1643 701823
962 1553 1235 1643 (Galbae,
1300 1560 1576 1640 Othonis,
1642 1561 1890 1642 Vitellii,
1953 1561 2298 1642 Vespasiani
2361 1561 2535 1623 bellis

242 1658 521 1721 ciuilibus
567 1677 687 1721 non
730 1657 973 1720 uidetur
1018 1652 1391 1743 interfuisse)
1439 1663 1891 1740 procurationes
1938 1662 2250 1722 continuas
2287 1659 2535 1721 admini-

245 1767 463 1820 strasse
529 1757 868 1837 Hispaniae,
926 1755 1219 1836 Belgicae,
1283 1757 1531 1836 Africae,
1598 1766 1728 1819 tum
1791 1757 2014 1820 Romae
2078 1759 2275 1820 officio
2341 1759 2536 1839 aliquo

245 1859 513 1918 functum
590 1855 907 1917 cottidiana
984 1874 1119 1916 cum
1194 1855 1552 1936 Vespasiano
1627 1857 2058 1918 consuetudine
2135 1861 2537 1937 coniunctum,

244 1963 545 2035 postremo
602 1954 971 2034 praefectum
1032 1954 1241 2016 classis
1302 1957 1634 2034 praetoriae
1693 1954 2049 2017 Misenensis
2109 1975 2262 2017 anno
2329 1958 2540 2017 aetatis

244 2061 407 2114 sexto
456 2060 520 2114 et
564 2053 1055 2133 quinquagesimo
1104 2045 1401 2138 (791832)
1451 2055 1762 2134 eruptione
1811 2054 2051 2115 Vesuuii
2096 2048 2403 2139 perisse.*)

419 2151 687 2213 indicem
744 2149 1034 2212 librorum
1092 2153 1357 2212 omnium
1414 2151 1575 2213 hunc
1623 2149 1950 2213 secundum
1997 2159 2334 2233 temporum
2381 2151 2540 2214 ordi-

248 2267 381 2311 nem
428 2249 727 2330 digestum
773 2249 1002 2310 Plinius
1051 2251 1248 2310 minor
1292 2248 1515 2311 Baebio
1554 2250 1771 2329 Marco,
1818 2259 1886 2312 ut
1931 2247 2028 2311 ‘ad
2076 2251 2269 2312 simile
2317 2250 2542 2332 aliquid

248 2346 668 2410 elaborandum
734 2347 1147 2409 aemulationis
1212 2348 1469 2409 stimulis
1544 2345 1838 2411 excitare'
1905 2345 1981 2430 (§
2028 2349 2143 2424 20)
2212 2349 2540 2430 uideretur,

246 2449 554 2527 proposuit
602 2449 720 2524 (ep.
762 2447 875 2507 III
904 2447 1005 2521 5).·
1052 2447 1420 2523 Pergratum
1477 2456 1565 2508 est
1618 2449 1769 2510 mihi
1823 2450 1989 2524 quod
2041 2455 2164 2509 tam
2210 2450 2545 2526 diliyenter

247 2547 429 2608 libros
477 2548 780 2608 auunculi
823 2549 943 2607 mei
986 2549 1251 2624 lectitas,
1308 2554 1375 2606 ut
1418 2547 1650 2608 habere
1695 2563 1898 2608 omnes
1944 2549 2097 2608 uelis
2142 2565 2543 2625 quaerasque,

247 2648 350 2720 qui
392 2648 519 2706 sint
562 2661 783 2706 omnes.
869 2643 1109 2720 funqar
1154 2646 1379 2705 indicis
1414 2647 1707 2721 partibus
1753 2653 1938 2720 atque
1984 2649 2192 2720 etiam,
2249 2663 2368 2722 quo
2421 2649 2545 2706 sint

248 2745 465 2804 ordine
500 2747 739 2819 scripti,
777 2748 983 2802 notum
1020 2743 1133 2803 tibi
1162 2742 1429 2819 faciam:
1474 2752 1563 2804 est
1598 2747 1756 2804 enim
1793 2744 1949 2804 haec
1987 2761 2224 2819 quoque
2257 2746 2545 2805 studiosis

248 2857 365 2900 non
428 2842 773 2902 iniucunda
828 2843 1114 2915 counitio.
1208 2835 1324 2901 ‘De
1370 2843 1747 2902 iaculatione
1793 2845 2062 2917 equestri
2105 2837 2320 2914 unus’,·
2363 2844 2544 2916 hunc,

249 2956 383 3000 cum
418 2939 782 3016 praefectus
827 2942 967 2999 alae
1011 2942 1330 3017 militaret,
1372 2943 1530 3017 pari
1584 2943 1831 3015 inqenio
1889 2958 2163 3016 curaque
2209 2945 2543 3019 conposuit.

250 3032 375 3098 ‘De
426 3042 585 3098 uita
624 3039 977 3114 Pomponi
1014 3037 1341 3098 Secundi
1387 3033 1579 3113 duo’,
1629 3057 1668 3098 a
1706 3057 1822 3114 quo
1867 3041 2271 3113 sinquiariter
2309 3045 2548 3100 amatus

247 3136 363 3195 hoc
407 3140 738 3197 memoriae
782 3137 969 3196 amici
1014 3139 1195 3210 quasi
1231 3137 1495 3197 debitum
1542 3155 1762 3197 munus
1798 3141 2076 3198 exsoluit.
2153 3132 2546 3198 ‘Bellorum

257 3233 694 3295 Germaniae
738 3228 1070 3310 uiginti',
1108 3236 1329 3309 quibus
1365 3239 1586 3310 omnia,
1625 3252 1785 3311 quae
1821 3253 1957 3296 cum
2004 3236 2323 3296 Germanis
2355 3239 2543 3310 qessi-

249 3349 383 3392 mus
426 3333 581 3394 bella
628 3335 885 3408 collegit.
971 3333 1305 3408 inchoauit,
1354 3351 1488 3394 cum
1538 3337 1599 3394 in
1657 3335 1987 3395 Germania
2033 3337 2342 3409 militaret,
2389 3352 2544 3395 som·

246 3433 353 3489 nio
416 3433 705 3492 monitus:
763 3432 999 3491 adstitit
1058 3435 1118 3491 ei
1175 3435 1509 3507 quiescenti
1554 3433 1747 3492 Drusi
1802 3434 2066 3493 Neronis
2126 3433 2381 3509 effigies,
2443 3437 2549 3508 qui

256 3529 621 3590 Germaniae
674 3531 967 3590 latissime
1022 3532 1226 3590 uictor
1282 3531 1369 3590 ibi
1405 3533 1630 3606 periit,
1688 3533 2145 3592 commendabat
2198 3535 2548 3591 memoriam

250 3715 307 3767 p.
338 3703 441 3752 295
460 3717 580 3768 sqq.
610 3703 811 3769 (1870).
850 3699 918 3754 Η.
950 3699 1149 3756 Nissen
1190 3703 1303 3757 Die
1340 3701 1632 3756 Historien
1668 3701 1761 3757 des
1796 3703 2040 3769 Plinius,
2077 3701 2276 3756 Rhein.
2307 3701 2447 3756 Mus.
2479 3708 2546 3756 26

252 3782 433 3849 (1871)
467 3798 520 3850 p.
551 3785 654 3834 497
678 3797 799 3850 sqq.
864 3780 912 3834 J.
943 3781 1135 3836 Lezius
1174 3782 1263 3836 De
1299 3782 1592 3837 Plutarchi
1627 3784 1690 3836 in
1731 3783 1914 3838 Galba
1951 3789 2002 3838 et
2041 3784 2249 3838 Othone
2284 3783 2549 3851 fontibus,

250 3856 400 3912 Dise.
428 3859 656 3930 Dorpat.
691 3865 845 3915 1884.
902 3859 1001 3915 Ph.
1031 3861 1210 3915 Fabia
1248 3863 1357 3918 Les
1390 3879 1605 3918 sources
1642 3863 1708 3917 de
1750 3863 1934 3918 Tacite
1972 3864 2170 3933 (1893).
2237 3863 2301 3917 Α.
2332 3862 2548 3918 Gercke

250 3938 710 3996 Seneca-Sindica
744 3941 804 3993 in
843 3939 1114 3996 Fleckeis.
1136 3942 1328 4013 Suppl.
1350 3941 1503 3996 XXII
1530 3945 1718 4013 (1896)
1745 3962 1800 4013 p.
1823 3948 1924 3997 239
1947 3961 2065 4012 sqq.
2123 3943 2184 3997 E.
2217 3942 2404 4013 Groag
2431 3945 2551 4000 ΖΜ·

252 4019 445 4074 Krifflc
479 4037 587 4076 von
630 4021 870 4077 Tacitus
911 4021 1135 4092 Quellen
1170 4023 1233 4078 in
1278 4023 1383 4078 den
1420 4023 1710 4078 Historien
1752 4023 1809 4076 in
1849 4021 2120 4078 Fleckeis.
2151 4023 2342 4093 Suppl.
2372 4023 2550 4078 XXIII

253 4103 437 4169 (1897)
470 4119 523 4170 p.
556 4107 657 4155 711
681 4118 801 4170 sqq.
867 4101 924 4156 C.
954 4101 1016 4158 E.
1046 4102 1317 4158 Borenius
1356 4104 1444 4158 De
1481 4105 1783 4160 Plutarcho
1829 4111 1878 4158 et
1921 4103 2110 4159 Tacito
2155 4105 2300 4159 inter
2333 4121 2388 4159 se
2423 4121 2548 4159 con·

248 4182 587 4250 metentibus,
615 4181 970 4253 Helsingfors
1002 4189 1157 4238 1902.
1205 4183 1432 4238 Plenior
1458 4187 1792 4254 conspectus
1821 4187 1908 4238 est
1936 4183 2146 4238 Fabiae
2174 4203 2229 4254 p.
2251 4203 2548 4239 xv1—-xx11,

435 4263 485 4331 1)
514 4261 595 4315 Ex
616 4261 883 4318 Suetonio
915 4261 1143 4319 confuse
1162 4263 1536 4334 Hieronymus
1566 4265 1641 4319 ad
1671 4282 1719 4319 a..
1737 4270 1955 4319 2126=
1973 4263 2198 4336 1111864
2227 4282 2279 4334 p.
2301 4270 2402 4319 165
2425 4263 2549 4319 Seh.

435 4343 485 4412 2)
524 4339 791 4398 Consulto
820 4342 985 4398 omisi
1012 4343 1244 4398 titulum
1264 4343 1536 4399 Aradium
1566 4361 1599 4399 a.
1628 4343 1972 4399 Mommseno
2002 4343 2188 4398 Herm.
2209 4343 2338 4397 XIX
2367 4363 2423 4414 p.
2447 4349 2552 4398 644

251 4419 573 4490 suppletum
612 4427 671 4480 et
706 4423 783 4478 ad
819 4439 946 4478 eum
984 4423 1240 4493 relatum,
1278 4442 1332 4478 u.
1364 4423 1580 4479 Schanz
1620 4425 1956 4497 Literaturq.
1987 4425 2040 4479 H
2077 4421 2138 4478 2²
2173 4443 2229 4494 p.
2260 4429 2380 4480 873.

2037 4514 2124 4568 X·
