3234 5034
590 327 671 390 12
1319 325 1391 378 M.
1422 324 1745 380 TERENTI
1788 324 2158 380 VARRONIS

584 495 714 574 fuit,
760 496 921 555 inter
964 494 1291 572 scriptores
1336 492 1624 554 historiae
1669 510 1792 553 non
1837 494 2138 556 conuenit.
2186 491 2334 554 Nam
2374 492 2558 554 Varro
2605 493 2746 555 inde
2792 511 2897 554 ex·

439 611 483 650 c.
511 598 550 649 2
587 611 760 654 orsus
816 599 909 653 est
962 590 1200 672 librum,
1258 593 1429 654 cuius
1484 592 1846 653 mentionem
1913 592 2192 672 superius
2247 591 2382 662 feci,
2447 599 2508 652 et
2555 590 2706 652 nihil
2761 590 2899 670 sibi,

585 709 659 752 ex
705 709 821 771 quo
868 690 1182 770 perueniat
1220 688 1294 751 ad
1331 708 1429 751 res
1466 688 1779 769 Romanas,
1815 691 2098 770 proponit
2140 691 2444 770 antiquius
2491 708 2670 770 quam
2707 687 2900 770 Ogygi

586 788 897 869 diluuium,
944 787 1057 849 hoc
1104 796 1198 849 est
1240 786 1429 868 Ogygi
1477 788 1698 850 sactum
1745 787 2130 869 temporibus,

766 879 874 950 5¹².
932 888 1104 948 Lact.
1134 889 1302 949 Plac.
1332 889 1420 948 ad
1453 888 1605 948 Stat.
1645 887 1828 949 Theb.
1859 887 1903 947 I
1933 887 2063 948 173
2099 889 2184 964 (p.
2214 887 2302 947 22
2337 888 2608 962 Jahnlce)
2638 884 2894 967 OgygeS,
2953 909 2976 948 5

586 993 654 1046 ut
690 985 874 1046 Varro
922 984 1097 1046 docet
1140 987 1203 1045 in
1251 983 1420 1046 libris
1468 983 1541 1045 de
1588 992 1764 1064 gente
1809 983 2013 1064 populi
2058 984 2334 1064 Romani,
2373 1003 2478 1047 rex
2516 986 2627 1046 ruit
2663 983 2894 1046 Theba·

587 1102 829 1164 norum,
894 1080 1005 1144 sub
1061 1102 1178 1163 quo
1242 1084 1503 1162 primum
1562 1081 1854 1145 diluuium
1911 1090 2002 1145 est
2049 1083 2296 1164 sactum,
2342 1083 2514 1163 longe
2571 1091 2894 1163 antequam

583 1180 747 1262 illud,
794 1181 953 1261 quod
998 1181 1109 1242 sub
1155 1179 1510 1242 Deucalione
1559 1181 1778 1242 sactum
1826 1200 1959 1243 esse
2007 1189 2299 1242 narratur.

763 1276 832 1342 6.
880 1282 1135 1356 Auyust.
1176 1282 1253 1341 de
1298 1283 1417 1342 οἱα.
1458 1282 1513 1340 d.
1553 1281 1727 1341 XXI
1754 1279 1797 1339 8
1852 1278 1961 1341 Est
2013 1282 2076 1340 in
2131 1279 2314 1341 Marci
2359 1280 2642 1341 Varronis
2697 1279 2886 1358 libris,

584 1397 839 1458 quorum
878 1379 1190 1457 inscriptio
1228 1384 1321 1438 est
1358 1376 1430 1438 de
1468 1385 1645 1457 gente
1681 1376 1886 1458 populi
1921 1376 2189 1457 Romani,
2219 1377 2376 1458 quod
2405 1377 2634 1439 eisdem
2665 1378 2890 1458 uerbis,
2921 1399 2976 1440 ιο

388 1523 553 1592 ‹1mph
584 1476 804 1556 quibus
860 1475 945 1537 ibi
998 1474 1242 1555 legitur,
1300 1485 1359 1536 et
1412 1475 1513 1537 hic
1557 1494 1803 1556 ponam:
1853 1475 1922 1537 ln
1969 1475 2157 1556 caelo,
2203 1477 2422 1556 inquit,
2469 1475 2746 1538 mirabile
2792 1495 2890 1538 ex·

378 1567 390 1576 “
421 1598 534 1648 275
558 1565 737 1636 'stitit
782 1582 1150 1655 portentum3
1198 1592 1335 1634 nam
1384 1573 1615 1635 stellam
1653 1574 1901 1636 Veneris
1943 1574 2394 1655 nobilissimam,
2431 1593 2608 1656 quam
2647 1573 2890 1637 Plautus

378 1667 575 1720 11-1111
596 1672 1086 1753 Vesperuginem‚
1131 1671 1427 1734 Homerus
1472 1672 1782 1752 Hesperon
1823 1671 2102 1753 appellat,
2147 1674 2612 1753 pulcherrimam
2667 1674 2892 1763 dicem,

422 1739 533 1792 318
584 1769 793 1834 Castor
838 1771 1048 1832 scribit
1089 1778 1321 1833 tantum
1374 1778 1719 1850 portentum
1775 1773 2103 1852 exstitisse,
2153 1781 2222 1833 ut
2282 1777 2544 1834 mutaret
2605 1771 2888 1852 colorem,

582 1868 1079 1949 magnitudinem,
1141 1869 1418 1948 figuram,
1478 1887 1750 1952 cursum3
1818 1869 1978 1949 quod
2036 1870 2258 1931 factum
2325 1871 2408 1930 ita
2461 1887 2660 1950 neque
2717 1877 2888 1932 antea
2915 1891 2970 1934 u

582 1985 695 2028 nec
752 1976 957 2048 postea
1012 1969 1106 2030 sit.
1162 1966 1275 2029 hoc
1330 1968 1552 2030 factum
1597 1966 1800 2048 Ogygo
1849 1986 1990 2048 rege
2043 1967 2322 2030 dicebant
2379 1967 2662 2030 Adrastos
2725 1967 2888 2048 Cyzi-

582 2084 763 2128 cenos
810 2074 871 2127 et
913 2065 1061 2127 Dion
1112 2064 1466 2145 Neapolites‚
1512 2066 1917 2128 mathematici
1963 2065 2212 2128 nobiles.

797 2159 1031 2230 Ληουεῖ.
1062 2158 1127 2212 de
1154 2159 1261 2213 cin.
1292 2157 1343 2212 d.
1374 2157 1436 2210 X
1447 2158 1598 2213 VIII
1626 2163 1664 2212 8
1701 2156 1884 2212 Mults
1909 2173 2132 2226 quoque
2162 2156 2278 2212 alis
2305 2175 2372 2211 ex
2401 2156 2516 2212 illis
2545 2156 2604 2212 in
2635 2156 2876 2212 Graecia.

652 2236 997 2308 temporibus
1026 2237 1270 2308 confingi
1295 2237 1558 2293 fabulosa,
1586 2242 1916 2310 coeperunt:
1947 2239 2048 2292 sed
2071 2255 2250 2307 usque
2277 2237 2350 2292 ad
2370 2237 2672 2309 Cecropem
2697 2255 2886 2310 regem

653 2316 1100 2384 Atheniensium,
1120 2335 1231 2387 quo
1249 2320 1525 2390 regnante
1544 2318 1742 2373 eadem
1761 2317 1967 2374 ciuitas
1987 2319 2163 2373 etiam
2179 2317 2298 2374 tale
2324 2335 2530 2374 nomen
2558 2318 2797 2390 accepit,
2819 2351 2884 2360 —
2915 2337 2966 2378 ιο

652 2397 819 2452 relati
856 2398 989 2452 sunt
1022 2396 1084 2452 in
1120 2396 1351 2453 deorum
1388 2415 1682 2453 numerum
1721 2397 1940 2468 aliquot
1973 2397 2184 2454 mortui
2215 2431 2298 2453 -.
2363 2397 2424 2452 in
2461 2397 2668 2468 quibus
2709 2398 2914 2454 Gnissi·

653 2477 803 2547 regis
850 2476 1053 2533 coniux
1090 2476 1488 2534 Melentomice
1533 2482 1592 2533 et
1627 2478 1880 2534 Phorbas
1917 2478 2067 2534 filius
2107 2495 2326 2547 eorum,
2364 2477 2463 2547 qui
2501 2481 2633 2549 post
2666 2480 2885 2549 patrem

652 2573 751 2612 rex
776 2555 1117 2630 Argiuorum
1145 2559 1333 2614 sextus
1362 2557 1489 2626 fuit,
1518 2561 1576 2614 et
1612 2557 1841 2629 septimi
1875 2558 2026 2630 regis
2064 2559 2306 2630 Triopas
2337 2557 2488 2614 filius
2515 2559 2675 2614 Iasus
2705 2561 2766 2614 et
2789 2575 2884 2613 rex

651 2655 835 2693 nonus
880 2637 1173 2693 Sthenelus
1212 2637 1333 2692 siue
1371 2637 1703 2694 Stheneleus
1743 2639 1864 2693 siue
1901 2637 2220 2706 Sthenelus,
2257 2639 2418 2694 uarie
2454 2636 2666 2710 quippe
2702 2638 2764 2692 in
2803 2638 2886 2692 di-

653 2716 832 2773 uersis
870 2717 1194 2774 auctoribus
1238 2717 1541 2774 inuenitur.
1616 2717 1706 2773 his
1743 2717 2091 2789 temporibus
2129 2718 2302 2773 etiam
2349 2719 2658 2774 Mercurius
2711 2719 2886 2773 fuisse
2913 2739 2962 2778 25

652 2798 1001 2869 perhibetur,
1036 2815 1211 2869 nepos
1248 2797 1497 2853 Atlantis
1534 2815 1603 2852 ex
1642 2798 1796 2854 Maia,
1831 2798 1967 2868 filia,
2005 2799 2156 2868 quod
2195 2798 2543 2870 uulgatiores
2580 2800 2754 2854 etism
2793 2799 2886 2853 lit„

653 2883 811 2934 terne
852 2882 1174 2950 personant.
1232 2877 1538 2933 multarum
1585 2881 1778 2934 sutem
1825 2879 2034 2935 artium
2080 2879 2299 2949 peritus
2347 2879 2578 2948 claruit,
2635 2895 2779 2949 quas
2831 2881 2887 2934 et

652 2958 975 3013 hominibus
1003 2959 1259 3024 tradidit,
1286 2976 1398 3027 quo
1426 2959 1629 3015 merito
1658 2975 1785 3014 eum
1813 2963 1945 3030 post
1967 2963 2209 3014 mortem
2237 2960 2404 3014 deum
2433 2975 2554 3015 esse
2587 2959 2888 3015 uoluerunt

656 3039 777 3094 siue
830 3039 1003 3094 etism
1058 3037 1432 3094 crediderunt.
1507 3039 1793 3095 Posterior
1843 3039 2020 3094 fuisse
2065 3039 2334 3094 Hercules
2391 3039 2626 3107 dicitur,
2686 3039 2762 3094 ad
2818 3056 2886 3095 es

652 3121 845 3174 tamen
881 3123 1138 3190 tempora
1172 3119 1459 3189 pertinens
1490 3120 1844 3191 Argiuorum,
1875 3119 2136 3190 quamuis
2164 3119 2422 3176 nonnulli
2451 3135 2578 3174 eum
2608 3119 2884 3174 Mercurio
2911 3139 2960 3180 so

763 3360 824 3432 6,
866 3365 946 3415 18.
986 3359 1243 3416 Exorans
1276 3367 1353 3416 est
1380 3363 1732 3433 Auyustinus
1759 3381 1797 3416 a
1822 3362 2174 3434 chronoloqia
2212 3363 2546 3433 Hieronymi
2553 3382 2576 3430 ;
2614 3362 2718 3418 ina
2753 3369 2879 3418 tem-

579 3450 727 3502 pora
760 3439 891 3487 sunt
927 3439 1055 3488 ante
1093 3433 1387 3502 Cecropem.

654 3575 739 3631 Μ
764 3509 847 3557 25.
887 3504 1129 3559 Dubitat
1154 3504 1221 3558 de
1247 3505 1459 3575 oriyine
1486 3503 1846 3560 Varroniana
1873 3521 2058 3560 eorum
2085 3521 2134 3573 q.
2162 3521 2205 3558 a.
2237 3505 2408 3560 F'rick
2447 3505 2480 3559 1.
2510 3521 2551 3559 s.
2586 3521 2645 3574 p.
2675 3509 2755 3560 20
2772 3523 2884 3575 sqq.

584 3593 653 3630 su
742 3581 764 3629 t
800 3581 997 3630 tamen.

765 3651 849 3700 29.
892 3646 976 3713 Of.
1008 3647 1158 3702 Seru.
1189 3647 1265 3700 ad
1288 3646 1425 3700 Aen.
1450 3645 1609 3700 VIII
1640 3650 1749 3701 564
1804 3645 1959 3700 Tunc
1997 3645 2164 3714 enim,
2204 3645 2352 3701 sicut
2387 3649 2447 3701 et
2485 3645 2690 3701 Varro
2727 3645 2885 3714 dicit,

586 3734 795 3787 omnes,
834 3717 931 3786 qui
968 3716 1221 3772 fecerant
1256 3716 1493 3786 fortiter,
1532 3717 1800 3772 Hercules
1836 3717 2205 3784 uocabantur,
2242 3716 2378 3774 licet
2414 3733 2510 3772 eos
2537 3716 2721 3788 primo
2753 3737 2884 3772 nm

586 3789 1015 3844 enumersuerit.
1080 3789 1214 3844 hinc
1256 3791 1345 3844 est
1388 3788 1541 3857 quod.
1586 3787 1825 3858 legimus
1873 3787 2172 3844 Herculem
2218 3788 2576 3858 Tirynthium
2625 3789 2886 3860 [Tyrium

586 3859 795 3933 FrickJ,
836 3860 1125 3931 Argiuum,
1163 3860 1511 3926 Thebanum,
1550 3859 1767 3930 Libym.

767 4093 838 4181 6,
881 4103 981 4160 1‘2.
1027 4101 1267 4162 stellam
1292 4100 1365 4160 V.
1396 4099 1830 4161 nobilissimam
1866 4118 1907 4160 a
1921 4117 1972 4174 p
2058 4101 2237 4160 stella.
2263 4101 2335 4164 V.
2363 4100 2738 4162 nobilissima.
2765 4103 2883 4162 ceu.

587 4189 749 4250 codd.
822 4190 886 4249 in
932 4189 1108 4249 stella.
1134 4189 1207 4249 V.
1237 4189 1609 4250 nobilissima.
1645 4191 1803 4265 may.
1977 4187 2021 4248 '1
2033 4191 2088 4250 3.
2137 4209 2388 4306 uespera.
2431 4189 2636 4269 regine
2673 4191 2708 4250 b

586 4324 918 4402 hesperona.
952 4324 987 4383 b
1172 4327 1271 4384 16.
1317 4323 1622 4384 adh-actos
1659 4325 1695 4383 b
1759 4325 1987 4384 cizenos
2025 4343 2065 4384 a
2123 4319 2364 4402 cyoinos
2401 4325 2436 4384 b
