3234 5034
1045 346 1143 400 DE
1180 345 1356 400 VITA
1391 343 1935 400 nffERATORVM
2514 343 2637 407 125

338 517 528 578 hostis
591 517 844 596 patriae,
906 514 1230 595 parricida,
1296 512 1586 595 gladiator
1649 515 1713 574 in
1769 511 2049 592 spoliario
2104 509 2375 572 lanietur.
2448 511 2639 572 hostis

341 615 590 676 deorum
637 613 902 675 carnifex
950 619 1209 693 senatus,
1255 612 1444 674 hostis
1493 611 1739 673 deorum
1784 609 2082 691 parricida
2130 617 2403 671 senatus:
2449 608 2639 670 hostis

340 713 590 775 deorum
638 711 825 774 hostis
872 721 1128 774 senatus
1205 710 1493 790 gladiator
1537 713 1602 772 in
1650 709 1956 790 spoliario,
2011 710 2115 788 qui
2166 715 2435 770 senatum
2484 709 2637 768 occi-

340 811 446 892 dit,
482 813 550 872 in
587 809 866 890 spoliario
911 797 1194 891 ponatur?
1251 812 1356 889 qui
1392 816 1663 871 senatum
1702 807 1937 887 occidit,
1982 825 2139 868 unco
2183 806 2471 868 trahatur.
2535 808 2637 886 qui

286 931 310 970 a
337 912 692 972 innocentes
736 908 971 988 occidit,
1015 927 1172 970 unco
1219 907 1512 970 trahatur:
1558 907 1749 968 hostis
1784 904 2098 986 parricida,
2133 924 2281 967 uere
2317 923 2479 967 uere.
2536 906 2640 984 qui

339 1009 618 1087 sanguini
672 1025 780 1068 suo
836 1024 956 1068 non
1001 1007 1289 1086 pepercit,
1333 1024 1491 1067 unco
1539 1005 1827 1067 trahatur.
1902 1005 2005 1084 qui
2050 1011 2110 1065 te
2155 1006 2465 1066 occisurus
2514 1003 2642 1082 fuit,

341 1125 496 1168 unco
553 1105 840 1168 trahatur.
914 1104 1228 1167 nobiscum
1283 1105 1562 1183 timuisti,
1618 1102 1932 1165 nobiscum
1992 1101 2365 1182 periclitatus
2420 1120 2503 1162 es.
2575 1110 2644 1162 ut

339 1204 493 1266 salui
557 1206 772 1284 simus,
838 1203 1107 1284 Iuppiter
1168 1205 1388 1283 optime
1443 1203 1727 1282 maxime,
1792 1219 1967 1263 serua
2027 1200 2198 1262 nobis
2251 1199 2643 1262 Pertinacem.

341 1302 482 1364 fidei
519 1305 1033 1383 praetorianorum
1071 1301 1343 1365 feliciter.
1389 1302 1708 1381 praetoriis
1746 1298 2088 1362 cohortibus
2125 1298 2397 1362 feliciter.
2474 1315 2642 1360 exer-

261 1424 312 1464 10
341 1399 563 1462 citibus
615 1399 898 1462 Romanis
945 1400 1214 1462 feliciter.
1283 1400 1494 1480 pietati
1539 1406 1781 1461 senatus
1827 1398 2099 1460 feliciter.
2171 1396 2471 1478 parricida
2524 1406 2643 1460 tra·-

340 1500 535 1561 hatur.
609 1517 904 1579 rogamus,
951 1499 1231 1577 Auguste,
1276 1496 1575 1577 parricida
1622 1497 1908 1558 trahatur.
1953 1496 2067 1556 hoc
2112 1513 2409 1576 rogamus,
2452 1497 2645 1574 parri·

341 1596 476 1659 cida
512 1597 798 1660 trahatur.
864 1596 1079 1658 exaudi
1114 1596 1350 1675 Caesar,
1388 1595 1683 1657 delatores
1722 1594 1795 1656 ad
1831 1594 2083 1656 leonem.
2159 1592 2373 1655 exaudi
2408 1593 2644 1673 Caesar,

342 1695 658 1776 Speratum
726 1694 799 1757 ad
862 1693 1110 1756 leonem.
1203 1695 1492 1756 uictoriae
1556 1693 1763 1773 populi
1825 1691 2077 1754 Romani
2141 1691 2411 1754 feliciter.
2505 1691 2644 1753 fidei

341 1792 602 1856 militum
649 1792 920 1856 feliciter.
994 1793 1133 1855 fidei
1181 1794 1691 1873 praetorianorum
1738 1789 2010 1853 feliciter.
2087 1788 2429 1852 cohortibus
2475 1808 2644 1870 prae-

265 1915 314 1956 ιε
341 1894 516 1954 toriis
564 1890 835 1953 feliciter.
909 1891 1100 1954 hostis
1147 1898 1374 1953 statuas
1409 1889 1696 1969 undique,
1731 1888 2065 1969 parricidae
2103 1895 2329 1950 statuas
2363 1886 2645 1968 undique,

342 1988 687 2070 gladiatoris
742 1997 968 2052 statuas
1021 1989 1302 2070 undique.
1377 1987 1719 2067 gladiatoris
1776 1995 1831 2049 et
1889 1987 2223 2067 parricidae
2270 1993 2497 2049 statuae
2546 1984 2645 2047 de-

343 2089 672 2150 trahantur.
756 2095 999 2149 necator
1062 2089 1288 2150 ciuium
1349 2085 1645 2166 trahatur,
1710 2084 2008 2166 parricida
2072 2087 2295 2147 ciuium
2360 2084 2645 2148 trahatur.

341 2184 686 2266 gladiatoris
741 2192 972 2248 statuae
1027 2185 1430 2248 detrahantur.
1503 2192 1566 2246 te
1620 2183 1787 2246 saluo
1840 2183 1993 2246 salui
2049 2191 2111 2245 et
2164 2185 2365 2245 securi
2419 2201 2643 2264 sumus,

341 2302 516 2364 uere,
571 2302 743 2364 uere,
799 2283 974 2346 modo
1029 2301 1201 2364 uere,
1255 2282 1430 2346 modo
1493 2281 1699 2363 digne,
1754 2281 1931 2343 modo
1983 2299 2155 2361 uere,
2210 2280 2385 2342 modo
2440 2279 2645 2343 libere.

264 2405 316 2446 ao
343 2391 506 2443 nuuc
560 2384 760 2443 securi
815 2399 1048 2444 sumus:
1115 2380 1476 2443 delatoribus
1531 2388 1775 2442 metum.
1848 2387 1916 2442 ut
1971 2381 2171 2442 securi
2226 2381 2441 2459 simus,
2489 2378 2647 2441 dela-

347 2480 576 2542 toribus
633 2486 875 2542 metum.
951 2487 1018 2541 ut
1071 2479 1222 2541 salui
1277 2482 1484 2559 simuS,
1541 2478 1835 2540 delatores
1884 2478 1955 2540 de
2010 2484 2237 2556 senatu,
2284 2476 2647 2539 delatoribus

346 2580 583 2641 fustem.
658 2585 718 2640 te
775 2577 940 2640 saluo
996 2577 1290 2640 delatores
1352 2576 1428 2638 ad
1471 2577 1723 2639 leonem.
1798 2584 1857 2638 te
1909 2578 2237 2656 imperante
2285 2575 2647 2638 delatoribus

346 2677 584 2739 fustem.
657 2675 992 2756 parricidae
1049 2675 1391 2755 gladiatoris
1445 2677 1737 2737 memoria
1782 2673 2101 2754 aboleatur,
2147 2673 2481 2754 parricidae
2526 2673 2647 2753 gla-

349 2773 596 2837 diatoris
641 2781 870 2836 statuae
918 2773 1320 2837 detrahantur.
1385 2775 1588 2854 inpuri
1623 2772 1967 2854 gladiatoris
2002 2773 2287 2835 memoria
2324 2771 2645 2834 aboleatur.

346 3001 444 3056 καὶ
491 3007 591 3070 τῆς
634 3001 842 3070 βουλῆς
885 2999 983 3055 καὶ
1025 3007 1128 3055 τοῦ
1176 3000 1358 3070 δήμου
1407 2997 1858 3072 σνμβοησάντων.
1924 2995 2213 3069 ἠθέλησαν
2258 2997 2363 3067 μὲν
2404 2996 2511 3068 γὰρ
2548 2999 2647 3053 καὶ

345 3073 410 3128 τὸ
458 3081 614 3140 σῶμα
663 3071 838 3126 αὐτοῦ
885 3079 1051 3139 σῦραι
1095 3071 1194 3127 καὶ
1239 3070 1550 3126 διασπάσαι
1595 3069 1780 3139 ὥσπερ
1824 3070 1921 3124 καὶ
1966 3068 2067 3134 τὰς
2112 3066 2353 3136 εἰκόνας,
2392 3067 2647 3132 εἰπόντος

349 3141 412 3198 δὲ
459 3151 560 3198 τοῦ
600 3140 946 3211 Περτίνακος
989 3149 1055 3212 τῇ
1106 3151 1176 3213 γῇ
1223 3141 1334 3214 ἤδη
1381 3143 1482 3198 τὸν
1520 3141 1723 3210 νεκρὸν
1760 3141 2086 3211 κεκρύφθαι
2122 3149 2221 3196 τοῦ
2260 3137 2363 3210 μὲν
2400 3143 2649 3211 σώματος

345 3213 677 3286 ἀπέσχοντο,
704 3223 817 3268 τῶν
844 3209 900 3268 δ’
935 3213 1116 3268 ἄλλων
1145 3213 1538 3285 ἐνεφοροῦντο,
1575 3210 1744 3269 οὐδὲν
1784 3209 1813 3268 ὅ
1848 3233 1904 3268 τι
1942 3214 2043 3268 οὐκ
2082 3208 2449 3283 ἐπιλέγοντες·
2496 3210 2647 3282 Κόμ-

347 3287 528 3358 ‘wama
565 3281 668 3355 μὲν
705 3284 810 3356 γὰρ
847 3285 1035 3347 οὐδεὶς
1071 3281 1196 3340 οὐδ’
1238 3285 1624 3354 αὐτοκράτορα
1670 3285 1846 3342 αὐτὸν
1893 3283 2205 3354 ὠνόμαζεν,
2253 3283 2543 3354 ἀλιτήριον
2585 3282 2650 3339 δέ

345 3378 474 3412 τινα
515 3358 610 3411 καὶ
648 3357 930 3426 τύραννον
965 3357 1381 3422 ἀποκαλοῦντες
1415 3355 1825 3426 προσετίθεσαν
1862 3355 2303 3420 ἐπισκώπτοντες
2345 3356 2445 3411 τὸν
2481 3375 2647 3425 μονο-

411 3427 551 3501 ’χον,
587 3429 687 3484 τὸν
723 3425 1134 3498 ἁρματηλάτην,
1169 3429 1270 3484 τὸν
1297 3427 1606 3497 ἀριστερόν,
1634 3427 1733 3483 τὸν
1761 3425 2019 3499 κηλήτην.
2076 3435 2194 3491 τοῖς
2220 3445 2279 3482 τε
2306 3429 2645 3499 βουλευταῖς,

348 3449 502 3563 ἕξοις
545 3501 642 3555 καὶ
689 3499 925 3568 μάλιστα
972 3498 1033 3553 ἐκ
1076 3508 1178 3554 τοῦ
1229 3497 1533 3589 Κομὲιόδου
1580 3496 1761 3570 φόβος
1796 3497 2085 3569 ἐπήρτητο,
2124 3497 2154 3554 ὁ
2192 3497 2353 3570 ὄχλος
2389 3497 2645 3568 ἐπέλεγεν

355 3569 506 3642 ἐὖγε
545 3569 688 3641 εὖγε,
727 3569 961 3640 ἐσώθης,
1000 3569 1304 3641 ἐνίκησας’.
1343 3588 1447 3626 οσα
1483 3589 1542 3626 τε
1579 3571 1859 3626 εἰώθεσαν
1897 3569 1957 3626 ἐν
1993 3577 2110 3632 τοῖς
2144 3569 2413 3638 θεάτροις
2449 3569 2541 3626 ἐπὶ
2576 3579 2643 3642 τῇ

348 3652 447 3698 τοῦ
487 3643 791 3713 Κομμόδου
835 3639 1118 3718 θεραπείᾳ
1165 3643 1460 3712 εὐρύθμως
1503 3660 1623 3706 πως
1659 3641 1883 3715 ἐκβοᾱν,
1925 3649 2102 3696 ταῦτα
2138 3641 2262 3696 τότε
2298 3659 2645 3714 μετασχημα-

349 3713 591 3782 τίζοντες
635 3714 692 3777 ἐς
737 3711 1202 3804 &effracto-‘tator
1246 3713 1464 3806 ἐξῇδον.
1505 3745 1572 3754 -·-
1609 3715 1677 3768 οὐ
1760 3712 1832 3782 ὰρ
1878 3712 2096 3804 ἐνξήρκει
2143 3711 2299 3798 σφίσι
2344 3715 2407 3799 τι)
2452 3711 2645 3799 μηκέτι

349 3787 812 3929 ἵσιὲτῖθῖὲῗλλ
876 3785 937 3842 ἐν
973 3805 1050 3858 τῳ
1077 3789 1390 3854 θαρσονντι
1417 3786 1514 3840 καὶ
1544 3785 1712 3856 ἐξυβρ
1764 3803 1850 3840 ειν
1878 3788 2105 3853 ηθελον.
2156 3785 2277 3839 th.
2308 3785 2420 3840 Dte
2448 3785 2645 3858 Scrspt.

533 4081 590 4140 3.
645 4079 946 4158 gladiator
987 4082 1198 4158 scripsi
1250 4079 1647 4157 gladiatorem
1690 4081 1747 4138 P
2057 4083 2113 4140 5.
2161 4097 2301 4138 uere
2347 4097 2551 4141 seuere
2593 4081 2652 4139 P

353 4171 660 4230 mendam
861 4171 960 4229 13.
1007 4169 1384 4246 desperatum
1425 4167 1607 4229 Salm.
1656 4173 2003 4246 spurcatum
2046 4170 2446 4244 Frankfwrter
2477 4169 2643 4230 swa.

363 4259 607 4320 vindob.
638 4259 826 4318 XIII
843 4277 910 4333 p.
939 4261 1068 4318 247
1254 4260 1353 4318 20.
1402 4277 1602 4318 sumus
1640 4259 1697 4316 P
1873 4263 1974 4318 21.
2022 4263 2091 4318 ut
2125 4261 2375 4319 imerici&
2407 4257 2591 4320 Halm.

355 4350 456 4409 22.
503 4349 896 4425 imperantem
937 4347 990 4405 P
1174 4349 1274 4406 23.
1321 4347 1646 4426 gladiatori
1681 4349 1738 4406 P
1914 4350 2015 4408 24.
2064 4343 2369 4408 aboliutur
2404 4348 2461 4408 P
