3234 5034
1020 359 1078 415 C.
1109 359 1395 416 DRVSVS
1435 393 1501 402 —
1540 361 1850 416 BAEBIVS
1885 361 2142 418 MAOER
2650 365 2730 428 71

416 535 483 588 et
520 529 819 607 aequitate
859 527 1267 590 membrorum
1305 528 1700 608 occuleretur,
1737 538 1807 591 ut
1851 539 1972 590 no'n
2017 531 2136 590 nisi
2182 549 2255 592 ex
2293 533 2733 611 comparatione

414 627 675 686 astantis
722 624 975 687 alicuius
1022 628 1384 706 procerioris
1430 626 1700 706 intellegi
1745 636 1963 707 posset.

1324 831 1395 903 O.
1454 831 1824 904 DRVSVS

606 985 669 1055 1.
720 993 882 1054 Suet.
914 994 1071 1069 Any.
1101 992 1189 1052 94
1236 991 1435 1054 Infans
1481 992 1674 1054 adhuc
1715 991 2102 1074 [Angla-stus}
2149 1002 2215 1055 ut
2251 997 2542 1074 scriptum
2581 996 2736 1076 apud

418 1089 484 1150 C.
532 1089 793 1150 Drusum
853 1097 1061 1170 exstat,
1119 1093 1419 1170 repositus
1482 1109 1738 1170 uespere
1805 1093 1867 1151 in
1923 1109 2109 1154 cunas
2165 1110 2198 1153 a
2254 1092 2548 1154 nutricula
2605 1093 2735 1155 loco

354 1211 387 1252 ι
418 1187 627 1268 plano,
681 1195 923 1268 postera
979 1187 1111 1250 luce
1168 1206 1287 1249 non
1344 1190 1678 1268 comparuit
1734 1188 1954 1269 diuque
2010 1192 2316 1269 quaesitus
2371 1190 2610 1253 tandem
2672 1194 2734 1253 in

420 1285 714 1348 altissima
761 1287 919 1347 turri
966 1294 1242 1366 repertus
1290 1294 1381 1347 est
1427 1288 1630 1348 iacens
1678 1294 1883 1347 contra
1931 1287 2073 1348 solis
2121 1295 2412 1350 exortum.

1079 1489 1399 1565 IVLIVS
1456 1491 2078 1566 SATVRNINVS

2789 1615 2856 1663 43

606 1645 672 1713 1.
722 1653 885 1714 Suet.
917 1653 1073 1728 Any.
1102 1651 1191 1712 27
1256 1652 1441 1714 Iulius
1482 1652 1842 1714 Saturninus
1887 1652 2000 1713 hoc
2049 1651 2304 1732 amplius
2353 1651 2547 1733 tradit,
2596 1673 2732 1715 cum
2770 1687 2874 1754 '‘il—1

418 1758 661 1830 peracta
708 1752 1146 1830 proscriptione
1192 1749 1266 1810 Μ.
1306 1749 1567 1831 Lepidus
1630 1752 1693 1812 in
1750 1759 1960 1812 senatu
2018 1758 2360 1812 excusasset
2409 1753 2730 1831 praeterita

418 1856 480 1909 et
527 1867 696 1929 spem
744 1847 1096 1910 clementiae
1142 1850 1206 1909 in
1252 1857 1561 1928 posterum
1602 1848 1859 1928 fecisset,
1897 1851 2178 1928 quoniam
2225 1850 2369 1911 satis
2405 1867 2734 1930 poenarum

328 1969 386 2010 ιο
416 1954 695 2008 exactum
743 1953 920 2025 esset,
965 1946 1127 2008 hunc
1176 1945 1571 2025 [Augustum]
1623 1965 1655 2007 e
1705 1946 1944 2007 diuerso
1989 1946 2323 2026 professum
2371 1949 2454 2008 ita
2491 1948 2733 2009 modum

414 2062 484 2105 se
532 2043 952 2124 proscribendi
998 2046 1297 2126 statuisse,
1341 2052 1412 2105 ut
1454 2048 1654 2106 omnia
1700 2043 1815 2105 sibi
1863 2044 2176 2123 reliquerit
2220 2043 2426 2107 libera.

1168 2257 1617 2343 AQVILIVS
1673 2256 1981 2332 NIGER

599 2414 662 2483 1.
714 2423 877 2482 Suet.
907 2421 1065 2497 Any.
1095 2420 1179 2480 11
1230 2418 1355 2480 Hoc
1400 2417 1556 2480 bello
1596 2417 1987 2497 [Mutinensi]
2029 2438 2164 2480 cum
2201 2419 2432 2482 Hirtius
2479 2423 2542 2482 in
2581 2425 2729 2501 acie,
2769 2399 2867 2478 Β,

410 2517 607 2580 Pansa
653 2518 828 2599 paulo
874 2527 1012 2598 post
1058 2535 1131 2579 ex
1178 2517 1430 2579 uulnere
1486 2519 1811 2596 perissent,
1853 2512 2076 2578 ‘rumor
2130 2517 2466 2580 increbruit
2525 2520 2729 2581 ambos
2769 2488 2868 2537 ⁷¹¹

412 2635 598 2697 opera
645 2619 775 2679 eius
824 2614 1145 2694 [Aaou-sti]
1196 2617 1453 2695 occisos,
1498 2623 1567 2676 ut
1610 2615 1865 2676 Antonio
1913 2615 2129 2695 fugato,
2177 2634 2243 2677 re
2291 2636 2346 2696 p.
2387 2617 2730 2679 consulibus

328 2735 383 2776 ιε
414 2715 623 2776 orbata
680 2715 843 2776 solus
898 2717 1164 2776 uictores
1221 2713 1520 2775 exercitus
1574 2721 1914 2792 occuparet.
1996 2713 2223 2776 Pansae
2279 2715 2523 2794 quidem
2583 2714 2730 2778 adeo

413 2821 697 2894 suspecta
756 2830 921 2874 mors
967 2813 1097 2892 fuit,
1143 2820 1212 2873 ut
1256 2811 1436 2891 Glyco
1492 2810 1764 2872 medicus
1811 2810 2142 2873 custoditus
2189 2813 2284 2890 sit,
2333 2814 2505 2892 quasi
2549 2832 2729 2876 uene-

412 2930 561 2973 num
608 2911 847 2973 uulneri
892 2908 1226 2972 indidisset.
1301 2908 1483 2970 adicit
1528 2909 1623 2968 his
1668 2907 1941 2988 Aquilius
1979 2907 2163 2988 Niger
2207 2910 2462 2972 alterum
2509 2929 2542 2972 e
2589 2931 2728 2973 con-

413 3009 647 3071 sulibus
693 3007 954 3070 Hirtium
1001 3009 1065 3070 in
1112 3025 1345 3087 pugnae
1391 3007 1652 3068 tumultu
1699 3005 1772 3066 ab
1819 3009 1950 3086 ipso
1998 3009 2442 3089 interemptum.

1168 3219 1579 3293 BAEBIVS
1646 3219 1978 3328 MAOER

597 3377 660 3446 1.
725 3385 899 3446 Seru.
939 3391 1159 3445 auctus
1205 3383 1295 3444 ad
1332 3383 1504 3457 Vera.
1542 3384 1655 3442 ecl.
1693 3381 1753 3458 9,
1783 3381 1872 3441 47
1936 3381 2085 3443 Cum
2145 3381 2446 3461 Augustus
2507 3383 2727 3447 Caesar
2762 3361 2872 3441 ἐ

326 3509 382 3550 20
411 3482 585 3544 ludos
642 3481 926 3544 funebres
982 3481 1139 3561 patri
1196 3479 1554 3556 celebraret,
1612 3478 1709 3539 die
1764 3477 1964 3541 medio
2021 3478 2192 3540 stella
2249 3483 2538 3560 apparuit.
2623 3483 2726 3544 ille
2767 3451 2866 3499 ⁷¹¹

412 3599 545 3642 eam
602 3598 737 3642 esse
794 3579 1173 3641 confirmauit
1227 3579 1416 3657 patris
1472 3578 1583 3638 sui.
1625 3609 1710 3620 —
1749 3575 2006 3638 Baebius
2052 3576 2250 3640 Macer
2304 3580 2462 3640 circa
2516 3580 2726 3642 horam

410 3686 685 3740 octauam
742 3677 977 3738 stellam
1034 3676 1489 3756 amplissimam,
1538 3677 1710 3755 quasi
1765 3674 2096 3752 lemniscis,
2153 3675 2337 3737 radiis
2386 3685 2726 3741 coronatam

596 3868 655 3940 1,
678 3873 761 3923 12.
804 3867 888 3934 Of.
911 3867 963 3922 A
1045 3907 1056 3919 .
1078 3864 1127 3922 b.
1148 3881 1193 3920 c.
1214 3865 1327 3918 III
1352 3869 1420 3920 71
1445 3859 1651 3932 Ἵρτιος
1677 3861 1740 3920 δὲ
1771 3865 1868 3918 καὶ
1898 3863 1956 3928 ἐς
1982 3864 2047 3919 τὸ
2077 3881 2140 3919 σι’
2175 3863 2462 3922 ατόπεδον
2489 3866 2722 3938 ἐνήλατο

409 3949 511 3995 τοῦ
550 3936 851 3994 Ἀντωνίου
896 3958 969 3992 κα
1043 3936 1171 4005 περὶ
1216 3935 1321 4006 τὴν
1368 3932 1708 4005 στρατηγίδα
1755 3935 1970 4005 σκηνὴν
2020 3955 2099 4005 μα
2166 3955 2335 4006 μενος
2380 3935 2553 3996 ἔπεσε.
2627 3941 2724 3994 καὶ

410 4010 697 4154 Ξξττῖξμῗξ
742 4028 803 4064 τε
849 4017 1005 4078 σῶμα
1051 4006 1081 4062 ὁ
1129 4011 1351 4076 Καῖσαρ
1402 4005 1694 4075 ἐσδραμὼν
1739 4004 1989 4062 ἀνείλετο
2037 4027 2111 4062 κα
2190 4015 2290 4062 τοῦ
2342 4008 2722 4076 στρατοπέδου

594 4243 659 4330 1,
693 4253 750 4312 3.
778 4250 940 4326 apud
971 4248 1282 4310 Caesarem
1312 4247 1577 4307 Drusum
1604 4246 1862 4307 Mueller
1887 4265 1984 4322 ap.
2004 4247 2724 4324 Baumyarten-Orueimn

593 4333 659 4420 1,
692 4342 748 4399 7.
775 4339 969 4399 Iulius
1008 4340 1246 4399 Memm.
1292 4335 1503 4398 Iunius
1539 4335 1700 4412 mdy.
1721 4411 1745 4436 ο
2467 4346 2476 4350 “
