3234 5034
623 346 746 393 xvl
1121 324 1216 380 DE
1257 322 1722 381 SCRIPTORVM
1766 324 1951 381 vrrls
1988 322 2083 379 ET
2122 321 2439 379 SCRIPTIS

631 494 754 556 Cic.
784 495 843 569 4,
876 495 932 555 7.
981 494 1060 571 cf.
1097 493 1300 566 Quint.
1329 495 1446 571 XI,
1477 495 1537 569 1,
1565 494 1682 568 24)
1723 492 1978 572 maligne
2016 494 2079 554 in
2118 510 2255 554 eum
2294 492 2523 553 inuecti
2558 499 2716 570 sunt,
2746 486 2935 571 ‘quod

625 591 956 653 Mineruam
991 594 1186 653 omnis
1225 600 1385 654 artes
1421 610 1487 654 se
1526 591 1856 671 edocuisse,
1895 592 2239 671 scripsisset
2265 590 2469 652 Iouem
2508 609 2561 653 o.
2590 609 2667 652 m.
2698 592 2761 651 in
2790 608 2932 651 con-

625 688 830 751 cilium
879 688 1126 752 deorum
1171 708 1237 752 se
1283 690 1622 769 admisisse,
1677 690 1905 751 Italiam
1953 689 2217 751 exsulem
2271 690 2501 751 umeris
2548 690 2674 749 suis
2720 707 2785 751 se
2834 706 2933 749 re·

623 784 938 868 portasse',
1007 788 1113 850 alii
1176 790 1507 850 inriserunt
1558 797 1831 869 poemata
1886 798 1955 849 ut
2010 785 2217 849 ‘Musis
2286 795 2347 848 et
2409 786 2677 868 Apolline
2741 783 2930 849 nullo’

624 888 866 967 scripta,
912 906 990 949 ne
1035 885 1427 949 admiratores
1474 886 1716 967 quidem
1763 888 1895 949 eius
1948 897 2148 967 partes
2193 888 2353 947 tueri
2399 888 2529 948 ausi
2575 893 2729 947 sunt.
2812 904 2932 966 qua

625 983 699 1045 de
765 1004 942 1047 causa
1008 992 1204 1047 certas
1271 985 1556 1066 reliquias
1614 985 1829 1047 horum
1894 992 2234 1064 poematum
2294 1002 2483 1065 paene
2544 1002 2754 1046 omnes
2811 984 2932 1064 ipsi

624 1081 937 1163 debemuS,
990 1101 1212 1163 paucas
1267 1082 1570 1164 exilesque
1628 1084 1839 1145 Seruio
1896 1091 1955 1144 et
2002 1082 2190 1144 Nonio
2236 1090 2476 1163 praeter
2520 1100 2649 1162 eas,
2694 1100 2846 1163 quae
2894 1100 2931 1143 a

621 1180 801 1261 uulgo
849 1184 912 1243 in
959 1180 1284 1243 ludibrium
1329 1200 1542 1243 uersae
1587 1190 1745 1243 sunt.
1838 1180 1991 1243 Sunt
2036 1183 2219 1261 igitur
2263 1180 2401 1242 hae:

805 1276 862 1340 1.
908 1279 1002 1341 De
1059 1280 1440 1342 consulatu
1497 1299 1624 1342 suo
1681 1298 1761 1342 ex
1818 1279 2001 1342 libro
2048 1278 2104 1341 I:
2170 1278 2417 1341 Seruius
2474 1278 2547 1341 ad
2584 1280 2755 1359 Verg.
2793 1278 2930 1341 huc.

621 1377 748 1439 VIII
798 1374 926 1439 105
975 1370 1079 1461 (cf.
1118 1377 1268 1439 Plut.
1308 1378 1427 1440 Cic.
1468 1372 1603 1463 20).

800 1475 895 1537 Ex
924 1475 1112 1537 libro
1140 1476 1226 1539 11:
1255 1473 1314 1537 2.
1345 1476 1653 1539 Ciceronis
1684 1476 1755 1537 de
1782 1476 2013 1537 diuin.1
2044 1468 2599 1557 11,17—-22(cum
2624 1470 2929 1554 u.20sqq.

623 1575 697 1635 cf.
737 1574 844 1635 Dio
891 1571 1006 1654 37,
1044 1571 1157 1654 25,
1197 1571 1256 1635 2.
1323 1593 1538 1637 uersus
1584 1570 1867 1637 36—38
1930 1576 2172 1635 iterauit
2228 1572 2299 1635 de
2348 1572 2531 1634 diuiu.
2568 1571 2622 1634 ΙΙ
2669 1568 2783 1652 20,
2818 1568 2928 1635 45.

621 1672 743 1733 uid.
783 1671 1046 1733 Lactant.
1084 1675 1222 1733 inst.
1261 1672 1382 1733 diu.
1419 1671 1499 1733 111
1549 1666 1683 1756 17).

801 1766 860 1830 3.
909 1769 1136 1832 Nonius
1183 1790 1230 1831 S.
1269 1790 1329 1832 u.
1368 1778 1623 1831 euentus
1669 1789 1725 1849 p.
1765 1766 1915 1831 204.

798 1866 860 1928 4.
907 1867 1001 1929 Ex
1050 1868 1239 1929 libro
1284 1868 1414 1930 111:
1461 1868 1770 1930 Ciceronis
1816 1867 1888 1929 ad
1936 1868 2049 1929 Att.
2087 1868 2141 1929 11
2185 1864 2247 1949 3,
2274 1864 2335 1929 4.

800 1962 858 2027 5.
908 1965 1096 2027 Cicer.
1128 1966 1199 2027 ad
1238 1965 1304 2037 Q.
1335 1966 1407 2027 fr.
1437 1967 1488 2028 11
1530 1963 1565 2026 7
1592 1963 1710 2046 [9],
1734 1964 1767 2028 1
1803 1970 2191 2043 (suadesque,
2240 1975 2307 2028 ut
2342 1971 2717 2029 meminerim
2753 1967 2929 2029 Iouis

621 2069 978 2139 orationem,
1026 2083 1187 2141 quae
1232 2074 1322 2127 est
1366 2070 1432 2126 in
1478 2075 1751 2127 extremo
1798 2070 1901 2127 illo
1947 2068 2151 2140 libro).
2228 2065 2301 2126 cf.
2340 2064 2585 2136 Quintil.
2622 2064 2703 2125 xl
2752 2062 2807 2144 1,
2836 2061 2926 2125 24

621 2163 862 2237 (Iouem
897 2166 1081 2239 illam,
1129 2182 1171 2224 a
1215 2182 1334 2239 quo
1381 2168 1444 2225 in
1494 2167 1823 2226 concilium
1870 2165 2123 2225 deorum
2168 2166 2561 2239 advocatur).
2630 2162 2923 2242 [Sallust]

619 2262 682 2319 in
730 2260 920 2321 Cicer.
957 2258 1021 2339 4,
1052 2256 1108 2319 7.
1185 2260 1303 2322 uid.
1343 2279 1522 2341 supra
1567 2280 1625 2341 p.
1653 2275 1797 2322 vm.

799 2358 1128 2419 Incertae
1167 2358 1394 2420 sedis:
1442 2357 1501 2420 6.
1549 2359 1797 2430 Quintil.
1826 2358 1903 2420 Xl
1946 2358 2002 2439 1,
2031 2356 2119 2420 24
2162 2362 2528 2436 Mineruam,
2565 2378 2726 2437 quae
2756 2368 2927 2421 artes

620 2475 756 2518 eum
804 2458 1056 2530 docuit).
1132 2457 1205 2517 cf.
1245 2456 1534 2535 [Sallust]
1583 2459 1647 2518 in
1694 2458 1885 2519 Cicer.
1923 2455 1985 2537 4,
2017 2454 2073 2519 7.

802 2552 859 2615 7.
908 2553 1134 2616 Nonius
1181 2574 1227 2615 S.
1264 2574 1321 2617 u.
1362 2574 1577 2617 census
1624 2575 1680 2635 p.
1719 2552 1867 2616 202.

799 2652 858 2715 8.
908 2652 1199 2732 [Sallust]
1247 2656 1308 2714 in
1357 2654 1625 2715 Ciceron.
1662 2652 1725 2732 4,
1757 2651 1792 2714 7
1835 2656 2055 2729 (Italia
2093 2659 2361 2717 exsulem
2398 2660 2626 2718 ameris
2658 2660 2788 2719 suis
2824 2676 2920 2718 re·

614 2754 939 2829 portauit).

798 2846 857 2911 9.
906 2849 1096 2911 Cicer.
1134 2849 1208 2911 de
1246 2850 1398 2911 offic.
1435 2850 1462 2911 1
1509 2847 1615 2930 22,
1649 2847 1728 2911 77
1772 2844 1866 2935 (in
1903 2851 2099 2914 Pison.
2136 2848 2244 2932 29,
2274 2849 2359 2913 72
2378 2870 2506 2933 sqq.
2577 2851 2831 2932 Philipp.
2868 2852 2921 2913 11

621 2944 680 3027 8,
709 2943 814 3008 20.
863 2947 1152 3026 [Sallust]
1185 2950 1248 3009 in
1279 2948 1466 3009 Cicer.
1498 2946 1558 3029 3,
1588 2945 1648 3010 6.
1699 2949 1875 3028 [Cic.]
1908 2952 1971 3010 in
2009 2950 2146 3011 Sall.
2176 2950 2236 3031 2,
2266 2947 2323 3012 7.
2370 2950 2525 3012 Laus
2553 2950 2785 3012 Pisonis
2814 2946 2918 3011 36.

618 3045 766 3108 Plin.
805 3054 924 3107 nat.
963 3046 1098 3107 hist.
1140 3042 1197 3125 7,
1239 3043 1383 3108 117.
1464 3046 1664 3118 Quint.
1703 3046 1781 3109 XI
1823 3045 1879 3128 1,
1918 3044 2021 3109 24.
2103 3048 2252 3110 Plut.
2296 3068 2485 3129 comp.
2522 3048 2821 3111 Demosth.
2860 3058 2921 3110 et

620 3144 740 3205 Cic.
778 3140 838 3205 2.
923 3144 1092 3205 Seru.
1131 3144 1204 3206 ad
1243 3145 1413 3224 Verg.
1451 3145 1593 3207 Aen.
1631 3145 1658 3207 1
1707 3139 1795 3229 1).

801 3237 903 3303 10.
949 3240 1194 3313 Quintil.
1231 3242 1312 3303 lx
1356 3242 1417 3321 4,
1455 3240 1538 3305 41
1593 3238 1919 3327 ([Sallust.]
1969 3246 2032 3306 in
2080 3244 2201 3306 Cic.
2238 3242 2300 3324 3,
2339 3241 2397 3307 5.
2465 3244 2640 3324 [Cic.]
2678 3248 2743 3307 in
2780 3245 2919 3307 Sall.

618 3338 680 3420 2,
720 3337 776 3401 7.
841 3339 1102 3403 quenal.
1145 3336 1247 3421 10,
1288 3337 1432 3403 122.
1494 3341 1757 3403 Diomed.
1795 3361 1852 3422 p.
1880 3340 2013 3405 466
2051 3336 2169 3428 K.).

801 3434 902 3499 11.
952 3437 1234 3517 [Probus]
1285 3438 1358 3500 de
1403 3440 1594 3501 ultim.
1635 3439 1762 3520 syll.
1801 3460 1857 3521 p.
1896 3437 2027 3502 248
2066 3440 2131 3501 Κ.

801 3532 900 3596 12.
949 3535 1068 3597 Cic.
1117 3535 1190 3597 ad
1234 3538 1348 3598 Att.
1397 3538 1450 3599 11
1500 3534 1609 3617 15,
1649 3535 1691 3599 3
1753 3530 1935 3621 (quae
1994 3538 2181 3601 uerba
2239 3538 2506 3601 Tunstall
2566 3540 2783 3620 aliique
2844 3540 2917 3601 ad

616 3632 868 3695 Marium
915 3630 1250 3719 rettulere).

798 3729 900 3794 13.
947 3732 1040 3793 De
1100 3733 1549 3814 temporibus
1610 3739 1791 3797 suis:
1852 3735 1945 3796 Ex
2006 3736 2195 3797 libro
2242 3736 2333 3797 11:
2390 3736 2579 3798 Cicer.
2618 3736 2692 3798 ad
2736 3736 2805 3807 Q.
2844 3738 2917 3797 l'r.

615 3830 696 3891 111
747 3830 802 3911 1,
844 3828 947 3892 24.

798 3926 900 3990 14.
948 3929 1279 3992 Incertae
1327 3931 1554 3993 sedis:
1608 3932 1799 3994 Cicer.
1836 3932 1911 3994 ad
1956 3932 2024 4004 Q.
2063 3933 2136 3994 fr.
2174 3933 2225 3994 11
2272 3929 2313 3994 9
2345 3931 2460 4013 [7],
2493 3931 2549 3995 1.

801 4021 900 4089 15.
947 4026 1044 4088 Ex
1089 4028 1342 4090 Mario:
1393 4030 1580 4092 Cicer.
1623 4029 1695 4091 de
1743 4030 1891 4110 legg.
1931 4031 1956 4092 1
2004 4028 2061 4110 1,
2102 4028 2159 4093 1.

799 4122 901 4186 16.
949 4124 1137 4187 Cicer.
1179 4125 1250 4187 de
1299 4126 1482 4189 diuin.
1520 4127 1546 4188 I
1590 4124 1706 4208 47,
1748 4125 1875 4189 106
1934 4121 2021 4212 (ιι.
2064 4125 2097 4189 1
2150 4130 2325 4190 etiam
2374 4132 2435 4190 in
2482 4130 2664 4191 schol.
2704 4130 2915 4193 Veron.

617 4222 692 4285 ad
729 4224 898 4302 Verg.
940 4224 1082 4285 Aen.
1112 4224 1157 4281 V
1196 4220 1376 4309 255).

799 4317 899 4382 17.
947 4319 1154 4383 lsidor.
1194 4324 1338 4402 orig.
1381 4322 1510 4384 XIX
1563 4322 1618 4405 1,
1656 4322 1761 4385 20.
