<?xml version="1.0" encoding="UTF-8"?>
<!DOCTYPE html PUBLIC "-//W3C//DTD XHTML 1.0 Transitional//EN"
    "http://www.w3.org/TR/xhtml1/DTD/xhtml1-transitional.dtd">
<html xmlns="http://www.w3.org/1999/xhtml" xml:lang="en" lang="en">
 <head>
  <title>
</title>
<meta http-equiv="Content-Type" content="text/html;charset=utf-8" />
  <meta name='ocr-system' content='tesseract 3.04.00' />
  <meta name='ocr-capabilities' content='ocr_page ocr_carea ocr_par ocr_line ocrx_word'/>
</head>
<body>
  <div class='ocr_page' id='page_1' title='image "./historicorvmrom00petegoog_0281.png"; bbox 0 0 3234 5034; ppageno 0'>
   <div class='ocr_carea' id='block_1_1' title="bbox 605 274 2197 339">
    <p class='ocr_par' dir='ltr' id='par_1_1' title="bbox 605 274 2197 339">
     <span class='ocr_line' id='line_1_1' title="bbox 605 274 2197 339; baseline 0.001 -12"><span class='ocrx_word' id='word_1_1' title='bbox 605 274 696 339; x_wconf 84' lang='lat'><strong><em>60</em></strong></span> <span class='ocrx_word' id='word_1_2' title='bbox 1343 274 1840 331; x_wconf 73' lang='lat' dir='ltr'>ntPERAToms</span> <span class='ocrx_word' id='word_1_3' title='bbox 1876 274 2197 331; x_wconf 75' lang='lat' dir='ltr'>AVGVSTI</span> 
     </span>
    </p>
   </div>
   <div class='ocr_carea' id='block_1_2' title="bbox 603 434 3019 3469">
    <p class='ocr_par' dir='ltr' id='par_1_2' title="bbox 603 434 3019 3469">
     <span class='ocr_line' id='line_1_2' title="bbox 603 434 2915 524; baseline -0 -21"><span class='ocrx_word' id='word_1_4' title='bbox 603 437 730 524; x_wconf 68' lang='grc' dir='ltr'><strong><em>μὲν</em></strong></span> <span class='ocrx_word' id='word_1_5' title='bbox 775 438 1232 504; x_wconf 69' lang='grc' dir='ltr'><strong><em>ἐπανελθόντα</em></strong></span> <span class='ocrx_word' id='word_1_6' title='bbox 1275 442 1532 504; x_wconf 90' lang='grc' dir='ltr'><strong><em>πείσειν</em></strong></span> <span class='ocrx_word' id='word_1_7' title='bbox 1569 437 1827 519; x_wconf 80' lang='grc' dir='ltr'><strong><em>ἑκόντα,</em></strong></span> <span class='ocrx_word' id='word_1_8' title='bbox 1872 438 2297 523; x_wconf 77' lang='grc' dir='ltr'><strong><em>ἐπειγόμενος</em></strong></span> <span class='ocrx_word' id='word_1_9' title='bbox 2342 434 2417 503; x_wconf 79' lang='grc' dir='ltr'><strong><em>δὲ</em></strong></span> <span class='ocrx_word' id='word_1_10' title='bbox 2454 438 2561 504; x_wconf 79' lang='grc' dir='ltr'><strong><em>ἐπὶ</em></strong></span> <span class='ocrx_word' id='word_1_11' title='bbox 2598 449 2715 523; x_wconf 83' lang='grc' dir='ltr'><strong><em>τῆς</em></strong></span> <span class='ocrx_word' id='word_1_12' title='bbox 2750 438 2915 522; x_wconf 79' lang='grc' dir='ltr'><strong><em>ἐμῆς</em></strong></span> 
     </span>
     <span class='ocr_line' id='line_1_3' title="bbox 605 534 2915 623; baseline -0.001 -21"><span class='ocrx_word' id='word_1_13' title='bbox 605 537 812 623; x_wconf 81' lang='grc' dir='ltr'><strong><em>ἀρχῆς</em></strong></span> <span class='ocrx_word' id='word_1_14' title='bbox 855 536 1192 621; x_wconf 84' lang='grc' dir='ltr'><strong><em>γενέσθαι.</em></strong></span> <span class='ocrx_word' id='word_1_15' title='bbox 1249 534 1356 601; x_wconf 72' lang='grc' dir='ltr'><strong><em>καὶ</em></strong></span> <span class='ocrx_word' id='word_1_16' title='bbox 1409 536 1839 620; x_wconf 79' lang='grc' dir='ltr'><strong><em>εῑ·κατῆρξας</em></strong></span> <span class='ocrx_word' id='word_1_17' title='bbox 1881 538 1991 617; x_wconf 91' lang='grc' dir='ltr'><strong><em>σύ,</em></strong></span> <span class='ocrx_word' id='word_1_18' title='bbox 2034 540 2241 620; x_wconf 91' lang='grc' dir='ltr'><strong><em>μόνος</em></strong></span> <span class='ocrx_word' id='word_1_19' title='bbox 2274 536 2365 602; x_wconf 77' lang='grc' dir='ltr'><strong><em>ἄν</em></strong></span> <span class='ocrx_word' id='word_1_20' title='bbox 2398 536 2504 602; x_wconf 73' lang='grc' dir='ltr'><strong><em>καὶ</em></strong></span> <span class='ocrx_word' id='word_1_21' title='bbox 2544 540 2669 621; x_wconf 83' lang='grc' dir='ltr'><strong><em>τὴν</em></strong></span> <span class='ocrx_word' id='word_1_22' title='bbox 2704 536 2915 615; x_wconf 79' lang='grc' dir='ltr'><strong><em>δόξαν</em></strong></span> 
     </span>
     <span class='ocr_line' id='line_1_4' title="bbox 605 630 2914 722; baseline -0.001 -21"><span class='ocrx_word' id='word_1_23' title='bbox 605 631 791 719; x_wconf 82' lang='grc' dir='ltr'><strong><em>εἶχες.</em></strong></span> <span class='ocrx_word' id='word_1_24' title='bbox 863 634 1002 700; x_wconf 75' lang='grc' dir='ltr'><strong><em>ἐπεὶ</em></strong></span> <span class='ocrx_word' id='word_1_25' title='bbox 1060 630 1136 699; x_wconf 73' lang='grc' dir='ltr'><strong><em>δὲ</em></strong></span> <span class='ocrx_word' id='word_1_26' title='bbox 1190 636 1276 717; x_wconf 83' lang='grc' dir='ltr'><strong><em>δή</em></strong></span> <span class='ocrx_word' id='word_1_27' title='bbox 1329 654 1406 699; x_wconf 90' lang='grc' dir='ltr'><strong><em>σε</em></strong></span> <span class='ocrx_word' id='word_1_28' title='bbox 1461 635 1586 700; x_wconf 83' lang='grc' dir='ltr'><strong><em>οὐκ</em></strong></span> <span class='ocrx_word' id='word_1_29' title='bbox 1640 638 1947 718; x_wconf 83' lang='grc' dir='ltr'><strong><em>ἔπειθον,</em></strong></span> <span class='ocrx_word' id='word_1_30' title='bbox 2002 632 2192 722; x_wconf 76' lang='grc' dir='ltr'><strong><em>ᾤμην</em></strong></span> <span class='ocrx_word' id='word_1_31' title='bbox 2240 634 2465 701; x_wconf 74' lang='grc' dir='ltr'><strong><em>ἐλθὸν</em></strong></span> <span class='ocrx_word' id='word_1_32' title='bbox 2510 634 2617 701; x_wconf 78' lang='grc' dir='ltr'><strong><em>ἐπὶ</em></strong></span> <span class='ocrx_word' id='word_1_33' title='bbox 2652 634 2914 718; x_wconf 81' lang='grc' dir='ltr'><strong><em>Ῥώμην</em></strong></span> 
     </span>
     <span class='ocr_line' id='line_1_5' title="bbox 605 731 2920 817; baseline -0.002 -16"><span class='ocrx_word' id='word_1_34' title='bbox 605 732 720 801; x_wconf 76' lang='grc' dir='ltr'><strong><em>καὶ</em></strong></span> <span class='ocrx_word' id='word_1_35' title='bbox 773 732 1178 817; x_wconf 78' lang='grc' dir='ltr'><em>ἀναγκάσαι,</em></span> <span class='ocrx_word' id='word_1_36' title='bbox 1221 736 1496 815; x_wconf 88' lang='grc' dir='ltr'><strong><em>πολίτης</em></strong></span> <span class='ocrx_word' id='word_1_37' title='bbox 1543 756 1614 797; x_wconf 93' lang='grc' dir='ltr'><strong><em>τε</em></strong></span> <span class='ocrx_word' id='word_1_38' title='bbox 1660 733 1759 797; x_wconf 78' lang='grc' dir='ltr'><strong><em>ὧν</em></strong></span> <span class='ocrx_word' id='word_1_39' title='bbox 1800 732 1913 797; x_wconf 78' lang='grc' dir='ltr'><strong><em>καὶ</em></strong></span> <span class='ocrx_word' id='word_1_40' title='bbox 1961 735 2297 817; x_wconf 79' lang='grc' dir='ltr'><strong><em>γνώριμος</em></strong></span> <span class='ocrx_word' id='word_1_41' title='bbox 2340 731 2453 798; x_wconf 77' lang='grc' dir='ltr'><strong><em>καὶ</em></strong></span> <span class='ocrx_word' id='word_1_42' title='bbox 2496 734 2765 809; x_wconf 77' lang='grc' dir='ltr'><strong><em>ὕπατος.</em></strong></span> <span class='ocrx_word' id='word_1_43' title='bbox 2840 733 2920 797; x_wconf 81' lang='grc' dir='ltr'><strong><em>αί</em></strong></span> 
     </span>
     <span class='ocr_line' id='line_1_6' title="bbox 604 826 2971 916; baseline -0.003 -19"><span class='ocrx_word' id='word_1_44' title='bbox 604 828 730 916; x_wconf 73' lang='grc' dir='ltr'><strong><em>μὲν</em></strong></span> <span class='ocrx_word' id='word_1_45' title='bbox 781 835 988 896; x_wconf 79' lang='grc' dir='ltr'><strong><em>αἰτίαι</em></strong></span> <span class='ocrx_word' id='word_1_46' title='bbox 1047 829 1134 896; x_wconf 86' lang='grc' dir='ltr'><strong><em>δι’</em></strong></span> <span class='ocrx_word' id='word_1_47' title='bbox 1191 830 1272 907; x_wconf 78' lang='grc' dir='ltr'><strong><em>ἃς</em></strong></span> <span class='ocrx_word' id='word_1_48' title='bbox 1327 830 1719 914; x_wconf 71' lang='grc' dir='ltr'><strong><em>ἐπολέμησα,</em></strong></span> <span class='ocrx_word' id='word_1_49' title='bbox 1764 826 1961 895; x_wconf 84' lang='grc' dir='ltr'><strong><em>αὗται</em></strong></span> <span class='ocrx_word' id='word_1_50' title='bbox 2006 834 2229 914; x_wconf 86' lang='grc' dir='ltr'><strong><em>μόναι,</em></strong></span> <span class='ocrx_word' id='word_1_51' title='bbox 2272 830 2385 896; x_wconf 76' lang='grc' dir='ltr'><strong><em>καὶ</em></strong></span> <span class='ocrx_word' id='word_1_52' title='bbox 2430 832 2585 897; x_wconf 77' lang='grc' dir='ltr'><strong><em>οὔτε</em></strong></span> <span class='ocrx_word' id='word_1_53' title='bbox 2632 832 2670 897; x_wconf 82' lang='grc' dir='ltr'><strong>ὁ</strong></span> <span class='ocrx_word' id='word_1_54' title='bbox 2718 831 2911 896; x_wconf 83' lang='grc' dir='ltr'><strong><em>ἀδελ-</em></strong></span> <span class='ocrx_word' id='word_1_55' title='bbox 2940 850 2971 891; x_wconf 74' lang='lat' dir='ltr'>s</span> 
     </span>
     <span class='ocr_line' id='line_1_7' title="bbox 607 928 2911 1015; baseline -0 -21"><span class='ocrx_word' id='word_1_56' title='bbox 607 931 738 1014; x_wconf 88' lang='grc' dir='ltr'><strong><em>φὸς</em></strong></span> <span class='ocrx_word' id='word_1_57' title='bbox 791 930 946 995; x_wconf 83' lang='grc' dir='ltr'><strong><em>οὔτε</em></strong></span> <span class='ocrx_word' id='word_1_58' title='bbox 991 929 1260 1005; x_wconf 80' lang='grc' dir='ltr'><strong><em>Μάνιος</em></strong></span> <span class='ocrx_word' id='word_1_59' title='bbox 1313 930 1466 995; x_wconf 68' lang='grc' dir='ltr'><strong><em>οὔτε</em></strong></span> <span class='ocrx_word' id='word_1_60' title='bbox 1525 933 1875 994; x_wconf 82' lang='grc' dir='ltr'><strong><em>Φουλσυία</em></strong></span> <span class='ocrx_word' id='word_1_61' title='bbox 1928 931 2085 994; x_wconf 80' lang='grc' dir='ltr'><strong><em>οὔτε</em></strong></span> <span class='ocrx_word' id='word_1_62' title='bbox 2140 928 2181 1011; x_wconf 83' lang='grc' dir='ltr'><em>ἡ</em></span> <span class='ocrx_word' id='word_1_63' title='bbox 2236 932 2600 1015; x_wconf 75' lang='grc' dir='ltr'><strong><em>κληρουχία</em></strong></span> <span class='ocrx_word' id='word_1_64' title='bbox 2652 941 2791 995; x_wconf 80' lang='grc' dir='ltr'><strong><em>τῶν</em></strong></span> <span class='ocrx_word' id='word_1_65' title='bbox 2834 929 2911 993; x_wconf 92' lang='grc' dir='ltr'><strong><em>ε’ν</em></strong></span> 
     </span>
     <span class='ocr_line' id='line_1_8' title="bbox 611 1024 2910 1113; baseline -0.001 -20"><span class='ocrx_word' id='word_1_66' title='bbox 611 1032 972 1105; x_wconf 83' lang='grc' dir='ltr'><strong><em>Φιλίπποις</em></strong></span> <span class='ocrx_word' id='word_1_67' title='bbox 1026 1030 1578 1111; x_wconf 72' lang='grc' dir='ltr'><strong><em>πεπολεμηκότων</em></strong></span> <span class='ocrx_word' id='word_1_68' title='bbox 1632 1028 1787 1092; x_wconf 80' lang='grc' dir='ltr'><strong><em>οὔτε</em></strong></span> <span class='ocrx_word' id='word_1_69' title='bbox 1838 1024 2023 1103; x_wconf 84' lang='grc' dir='ltr'><strong><em>ἔλεος</em></strong></span> <span class='ocrx_word' id='word_1_70' title='bbox 2074 1039 2211 1093; x_wconf 81' lang='grc' dir='ltr'><strong><em>τῶν</em></strong></span> <span class='ocrx_word' id='word_1_71' title='bbox 2266 1040 2579 1113; x_wconf 78' lang='grc' dir='ltr'><strong><em>γεωργῶν</em></strong></span> <span class='ocrx_word' id='word_1_72' title='bbox 2632 1030 2713 1092; x_wconf 83' lang='grc' dir='ltr'><strong><em>τὰ</em></strong></span> <span class='ocrx_word' id='word_1_73' title='bbox 2758 1030 2910 1108; x_wconf 83' lang='grc' dir='ltr'><strong><em>κτή-</em></strong></span> 
     </span>
     <span class='ocr_line' id='line_1_9' title="bbox 604 1122 2912 1211; baseline -0 -21"><span class='ocrx_word' id='word_1_74' title='bbox 604 1150 776 1211; x_wconf 85' lang='grc' dir='ltr'><strong><em>ματα</em></strong></span> <span class='ocrx_word' id='word_1_75' title='bbox 840 1124 1386 1209; x_wconf 79' lang='grc' dir='ltr'><strong><em>ἀφαιρουμένων,</em></strong></span> <span class='ocrx_word' id='word_1_76' title='bbox 1451 1122 1592 1191; x_wconf 79' lang='grc' dir='ltr'><strong><em>ἐπεὶ</em></strong></span> <span class='ocrx_word' id='word_1_77' title='bbox 1654 1124 1837 1207; x_wconf 78' lang='grc' dir='ltr'><strong><em>κάγὼ</em></strong></span> <span class='ocrx_word' id='word_1_78' title='bbox 1900 1138 2043 1201; x_wconf 82' lang='grc' dir='ltr'><strong><em>τοῖς</em></strong></span> <span class='ocrx_word' id='word_1_79' title='bbox 2104 1134 2227 1190; x_wconf 88' lang='grc' dir='ltr'><strong><em>τοῦ</em></strong></span> <span class='ocrx_word' id='word_1_80' title='bbox 2290 1126 2589 1209; x_wconf 82' lang='grc' dir='ltr'><strong><em>ἀδελφοῦ</em></strong></span> <span class='ocrx_word' id='word_1_81' title='bbox 2652 1125 2912 1191; x_wconf 76' lang='grc' dir='ltr'><strong><em>τέλεσιν</em></strong></span> 
     </span>
     <span class='ocr_line' id='line_1_10' title="bbox 605 1224 2911 1309; baseline 0 -20"><span class='ocrx_word' id='word_1_82' title='bbox 605 1226 900 1299; x_wconf 79' lang='grc' dir='ltr'><strong><em>οἰκιστὰς</em></strong></span> <span class='ocrx_word' id='word_1_83' title='bbox 945 1224 1182 1303; x_wconf 81' lang='grc' dir='ltr'><strong><em>ἔδωκα,</em></strong></span> <span class='ocrx_word' id='word_1_84' title='bbox 1229 1227 1300 1288; x_wconf 85' lang='grc' dir='ltr'><strong><em>οἳ</em></strong></span> <span class='ocrx_word' id='word_1_85' title='bbox 1338 1225 1420 1287; x_wconf 79' lang='grc' dir='ltr'><strong><em>τὰ</em></strong></span> <span class='ocrx_word' id='word_1_86' title='bbox 1463 1234 1602 1288; x_wconf 80' lang='grc' dir='ltr'><strong><em>τῶν</em></strong></span> <span class='ocrx_word' id='word_1_87' title='bbox 1646 1236 1964 1309; x_wconf 78' lang='grc' dir='ltr'><strong><em>γεωργῶν</em></strong></span> <span class='ocrx_word' id='word_1_88' title='bbox 2008 1224 2499 1309; x_wconf 77' lang='grc' dir='ltr'><strong><em>ἀφαιρούμενοι</em></strong></span> <span class='ocrx_word' id='word_1_89' title='bbox 2535 1236 2677 1299; x_wconf 78' lang='grc' dir='ltr'><strong><em>τοῖς</em></strong></span> <span class='ocrx_word' id='word_1_90' title='bbox 2711 1240 2911 1306; x_wconf 90' lang='grc' dir='ltr'><strong><em>στρα-</em></strong></span> 
     </span>
     <span class='ocr_line' id='line_1_11' title="bbox 605 1320 3005 1406; baseline -0.002 -19"><span class='ocrx_word' id='word_1_91' title='bbox 605 1321 1038 1406; x_wconf 83' lang='grc' dir='ltr'><strong><em>τευσαμένοις</em></strong></span> <span class='ocrx_word' id='word_1_92' title='bbox 1081 1320 1409 1403; x_wconf 78' lang='grc' dir='ltr'><strong><em>διένεμον.</em></strong></span> <span class='ocrx_word' id='word_1_93' title='bbox 1481 1320 1651 1387; x_wconf 76' lang='grc' dir='ltr'><strong><em>ἀλλά</em></strong></span> <span class='ocrx_word' id='word_1_94' title='bbox 1684 1344 1767 1404; x_wconf 91' lang='grc' dir='ltr'><strong><em>με</em></strong></span> <span class='ocrx_word' id='word_1_95' title='bbox 1802 1325 1889 1387; x_wconf 81' lang='grc' dir='ltr'><strong><em>σὺ</em></strong></span> <span class='ocrx_word' id='word_1_96' title='bbox 1926 1323 2128 1405; x_wconf 83' lang='grc' dir='ltr'><strong><em>τήνδε</em></strong></span> <span class='ocrx_word' id='word_1_97' title='bbox 2164 1324 2287 1405; x_wconf 76' lang='grc' dir='ltr'><strong><em>τὴν</em></strong></span> <span class='ocrx_word' id='word_1_98' title='bbox 2324 1324 2647 1404; x_wconf 82' lang='grc' dir='ltr'><strong><em>διαβολὴν</em></strong></span> <span class='ocrx_word' id='word_1_99' title='bbox 2682 1322 2913 1398; x_wconf 83' lang='grc' dir='ltr'><strong><em>αὐτοῖς</em></strong></span> <span class='ocrx_word' id='word_1_100' title='bbox 2942 1344 3005 1383; x_wconf 81' lang='grc' dir='ltr'><strong><em>ιο</em></strong></span> 
     </span>
     <span class='ocr_line' id='line_1_12' title="bbox 608 1418 2913 1507; baseline -0 -20"><span class='ocrx_word' id='word_1_101' title='bbox 608 1419 972 1504; x_wconf 78' lang='grc' dir='ltr'><strong><em>διέβαλλες,</em></strong></span> <span class='ocrx_word' id='word_1_102' title='bbox 1015 1420 1140 1502; x_wconf 80' lang='grc' dir='ltr'><strong><em>τὴν</em></strong></span> <span class='ocrx_word' id='word_1_103' title='bbox 1183 1423 1408 1485; x_wconf 80' lang='grc' dir='ltr'><strong><em>αἰτίαν</em></strong></span> <span class='ocrx_word' id='word_1_104' title='bbox 1451 1429 1574 1485; x_wconf 87' lang='grc' dir='ltr'><strong><em>τοῦ</em></strong></span> <span class='ocrx_word' id='word_1_105' title='bbox 1618 1419 1913 1501; x_wconf 74' lang='grc' dir='ltr'><strong><em>πολέμου</em></strong></span> <span class='ocrx_word' id='word_1_106' title='bbox 1963 1420 2357 1507; x_wconf 79' lang='grc' dir='ltr'><strong><em>μεταφέρων</em></strong></span> <span class='ocrx_word' id='word_1_107' title='bbox 2408 1418 2517 1486; x_wconf 83' lang='grc' dir='ltr'><strong><em>ε’πὶ</em></strong></span> <span class='ocrx_word' id='word_1_108' title='bbox 2577 1423 2701 1504; x_wconf 78' lang='grc' dir='ltr'><strong><em>τὴν</em></strong></span> <span class='ocrx_word' id='word_1_109' title='bbox 2756 1424 2913 1503; x_wconf 87' lang='grc' dir='ltr'><strong><em>κλη-</em></strong></span> 
     </span>
     <span class='ocr_line' id='line_1_13' title="bbox 609 1516 2913 1606; baseline -0 -22"><span class='ocrx_word' id='word_1_110' title='bbox 609 1522 892 1602; x_wconf 88' lang='grc' dir='ltr'><strong><em>ρουχίαν</em></strong></span> <span class='ocrx_word' id='word_1_111' title='bbox 937 1518 1066 1583; x_wconf 84' lang='grc' dir='ltr'><strong><em>ἀπὸ</em></strong></span> <span class='ocrx_word' id='word_1_112' title='bbox 1111 1526 1396 1599; x_wconf 79' lang='grc' dir='ltr'><strong><em>σαυτοῦ,</em></strong></span> <span class='ocrx_word' id='word_1_113' title='bbox 1447 1516 1560 1582; x_wconf 76' lang='grc' dir='ltr'><strong><em>καὶ</em></strong></span> <span class='ocrx_word' id='word_1_114' title='bbox 1624 1519 1795 1606; x_wconf 75' lang='grc' dir='ltr'><strong><em>τῷδε</em></strong></span> <span class='ocrx_word' id='word_1_115' title='bbox 1856 1519 2141 1603; x_wconf 80' lang='grc' dir='ltr'><strong><em>μάλιστα</em></strong></span> <span class='ocrx_word' id='word_1_116' title='bbox 2206 1520 2453 1595; x_wconf 84' lang='grc' dir='ltr'><strong><em>αὐτοὺς</em></strong></span> <span class='ocrx_word' id='word_1_117' title='bbox 2514 1517 2687 1583; x_wconf 83' lang='grc' dir='ltr'><strong><em>ἑλὼν</em></strong></span> <span class='ocrx_word' id='word_1_118' title='bbox 2745 1518 2913 1600; x_wconf 80' lang='grc' dir='ltr'><strong><em>ἐμοῦ</em></strong></span> 
     </span>
     <span class='ocr_line' id='line_1_14' title="bbox 605 1611 2913 1700; baseline -0 -17"><span class='ocrx_word' id='word_1_119' title='bbox 605 1617 1024 1700; x_wconf 69' lang='grc' dir='ltr'><strong><em>κεκράτηκας.</em></strong></span> <span class='ocrx_word' id='word_1_120' title='bbox 1087 1614 1584 1699; x_wconf 70' lang='grc' dir='ltr'><strong><em>ἀνεπείσθησαν</em></strong></span> <span class='ocrx_word' id='word_1_121' title='bbox 1628 1619 1757 1699; x_wconf 81' lang='grc' dir='ltr'><strong><em>γὰρ</em></strong></span> <span class='ocrx_word' id='word_1_122' title='bbox 1810 1622 2254 1700; x_wconf 71' lang='grc' dir='ltr'><strong><em>πολεμεῖσθαι·</em></strong></span> <span class='ocrx_word' id='word_1_123' title='bbox 2302 1640 2373 1681; x_wconf 88' lang='grc' dir='ltr'><strong><em>τε</em></strong></span> <span class='ocrx_word' id='word_1_124' title='bbox 2422 1611 2533 1682; x_wconf 82' lang='grc' dir='ltr'><strong><em>ὑπ’</em></strong></span> <span class='ocrx_word' id='word_1_125' title='bbox 2590 1615 2753 1700; x_wconf 80' lang='grc' dir='ltr'><strong><em>ἐμοῦ</em></strong></span> <span class='ocrx_word' id='word_1_126' title='bbox 2800 1616 2913 1681; x_wconf 81' lang='grc' dir='ltr'><strong><em>καὶ</em></strong></span> 
     </span>
     <span class='ocr_line' id='line_1_15' title="bbox 607 1712 2915 1800; baseline -0.001 -19"><span class='ocrx_word' id='word_1_127' title='bbox 607 1716 992 1800; x_wconf 87' lang='grc' dir='ltr'><strong><em>ἀμύνεσθαί</em></strong></span> <span class='ocrx_word' id='word_1_128' title='bbox 1045 1737 1128 1797; x_wconf 91' lang='grc' dir='ltr'><strong><em>με</em></strong></span> <span class='ocrx_word' id='word_1_129' title='bbox 1191 1712 1574 1779; x_wconf 79' lang='grc' dir='ltr'><strong><em>ἀδικοῦντα.</em></strong></span> <span class='ocrx_word' id='word_1_130' title='bbox 1648 1716 1985 1798; x_wconf 75' lang='grc' dir='ltr'><strong><em>τεχνάζειν</em></strong></span> <span class='ocrx_word' id='word_1_131' title='bbox 2046 1712 2171 1798; x_wconf 69' lang='grc' dir='ltr'><strong><em>μὲν</em></strong></span> <span class='ocrx_word' id='word_1_132' title='bbox 2232 1718 2318 1797; x_wconf 81' lang='grc' dir='ltr'><strong><em>δή</em></strong></span> <span class='ocrx_word' id='word_1_133' title='bbox 2379 1731 2455 1780; x_wconf 91' lang='grc' dir='ltr'><strong><em>σε</em></strong></span> <span class='ocrx_word' id='word_1_134' title='bbox 2516 1712 2653 1780; x_wconf 82' lang='grc' dir='ltr'><strong><em>ἔδει</em></strong></span> <span class='ocrx_word' id='word_1_135' title='bbox 2716 1721 2915 1780; x_wconf 82' lang='grc' dir='ltr'><strong><em>πολε-</em></strong></span> 
     </span>
     <span class='ocr_line' id='line_1_16' title="bbox 605 1807 3009 1898; baseline 0 -21"><span class='ocrx_word' id='word_1_136' title='bbox 605 1822 886 1898; x_wconf 86' lang='grc' dir='ltr'><strong><em>μοῦντα·</em></strong></span> <span class='ocrx_word' id='word_1_137' title='bbox 959 1814 1324 1895; x_wconf 85' lang='grc' dir='ltr'><strong><em>νικήσαντα</em></strong></span> <span class='ocrx_word' id='word_1_138' title='bbox 1369 1811 1474 1893; x_wconf 81' lang='grc' dir='ltr'><strong><em>δέ,</em></strong></span> <span class='ocrx_word' id='word_1_139' title='bbox 1529 1815 1593 1877; x_wconf 82' lang='grc' dir='ltr'><strong><em>εἰ</em></strong></span> <span class='ocrx_word' id='word_1_140' title='bbox 1632 1808 1757 1896; x_wconf 75' lang='grc' dir='ltr'><strong><em>μὲν</em></strong></span> <span class='ocrx_word' id='word_1_141' title='bbox 1804 1812 2047 1897; x_wconf 79' lang='grc' dir='ltr'><strong><em>ἐχθρὸς</em></strong></span> <span class='ocrx_word' id='word_1_142' title='bbox 2090 1807 2155 1877; x_wconf 81' lang='grc' dir='ltr'><strong><em>εἴ</em></strong></span> <span class='ocrx_word' id='word_1_143' title='bbox 2198 1824 2312 1897; x_wconf 82' lang='grc' dir='ltr'><strong><em>τῆς</em></strong></span> <span class='ocrx_word' id='word_1_144' title='bbox 2356 1814 2701 1894; x_wconf 78' lang='grc' dir='ltr'><strong><em>πατρίδος,</em></strong></span> <span class='ocrx_word' id='word_1_145' title='bbox 2746 1810 2915 1897; x_wconf 77' lang='grc' dir='ltr'><strong><em>κάμὲ</em></strong></span> <span class='ocrx_word' id='word_1_146' title='bbox 2946 1838 3009 1878; x_wconf 73' lang='grc' dir='ltr'><strong><em>ιε</em></strong></span> 
     </span>
     <span class='ocr_line' id='line_1_17' title="bbox 605 1907 2919 1996; baseline 0 -21"><span class='ocrx_word' id='word_1_147' title='bbox 605 1910 921 1994; x_wconf 81' lang='grc' dir='ltr'><strong><em>ἡγεῖσθαι</em></strong></span> <span class='ocrx_word' id='word_1_148' title='bbox 967 1910 1307 1994; x_wconf 84' lang='grc' dir='ltr'><strong><em>πολέμιον,</em></strong></span> <span class='ocrx_word' id='word_1_149' title='bbox 1351 1909 1394 1974; x_wconf 82' lang='grc' dir='ltr'><em>ἃ</em></span> <span class='ocrx_word' id='word_1_150' title='bbox 1439 1907 1635 1989; x_wconf 80' lang='grc' dir='ltr'><strong><em>ἔδοξα</em></strong></span> <span class='ocrx_word' id='word_1_151' title='bbox 1688 1916 2032 1976; x_wconf 87' lang='grc' dir='ltr'><strong><em>συνοίσειν</em></strong></span> <span class='ocrx_word' id='word_1_152' title='bbox 2076 1912 2245 1996; x_wconf 84' lang='grc' dir='ltr'><strong><em>αὐτῇ</em></strong></span> <span class='ocrx_word' id='word_1_153' title='bbox 2302 1910 2723 1995; x_wconf 78' lang='grc' dir='ltr'><strong><em>βουληθέντα</em></strong></span> <span class='ocrx_word' id='word_1_154' title='bbox 2766 1911 2919 1996; x_wconf 83' lang='grc' dir='ltr'><strong><em>μέν,</em></strong></span> 
     </span>
     <span class='ocr_line' id='line_1_18' title="bbox 609 2004 2919 2094; baseline 0 -20"><span class='ocrx_word' id='word_1_155' title='bbox 609 2010 692 2075; x_wconf 80' lang='grc' dir='ltr'><strong><em>οὐ</em></strong></span> <span class='ocrx_word' id='word_1_156' title='bbox 739 2007 1124 2091; x_wconf 81' lang='grc' dir='ltr'><strong><em>δυνηθέντα</em></strong></span> <span class='ocrx_word' id='word_1_157' title='bbox 1170 2004 1245 2073; x_wconf 77' lang='grc' dir='ltr'><strong><em>δὲ</em></strong></span> <span class='ocrx_word' id='word_1_158' title='bbox 1292 2010 1404 2074; x_wconf 82' lang='grc' dir='ltr'><strong><em>διὰ</em></strong></span> <span class='ocrx_word' id='word_1_159' title='bbox 1449 2012 1665 2093; x_wconf 87' lang='grc' dir='ltr'><strong><em>λιμόν.</em></strong></span> <span class='ocrx_word' id='word_1_160' title='bbox 1740 2013 1905 2087; x_wconf 80' lang='lat'><em>(44.)</em></span> <span class='ocrx_word' id='word_1_161' title='bbox 1959 2008 2146 2091; x_wconf 83' lang='grc' dir='ltr'><strong><em>Λέγω</em></strong></span> <span class='ocrx_word' id='word_1_162' title='bbox 2185 2006 2257 2074; x_wconf 71' lang='grc' dir='ltr'><strong><em>δὲ</em></strong></span> <span class='ocrx_word' id='word_1_163' title='bbox 2296 2018 2503 2074; x_wconf 89' lang='grc' dir='ltr'><strong><em>ταῦτα</em></strong></span> <span class='ocrx_word' id='word_1_164' title='bbox 2540 2010 2667 2091; x_wconf 82' lang='grc' dir='ltr'><strong><em>ἐγὼ</em></strong></span> <span class='ocrx_word' id='word_1_165' title='bbox 2704 2010 2919 2094; x_wconf 85' lang='grc' dir='ltr'><strong><em>ε’γχει-</em></strong></span> 
     </span>
     <span class='ocr_line' id='line_1_19' title="bbox 609 2102 2917 2193; baseline -0 -21"><span class='ocrx_word' id='word_1_166' title='bbox 609 2110 807 2193; x_wconf 78' lang='grc' dir='ltr'><strong><em>ρίζων</em></strong></span> <span class='ocrx_word' id='word_1_167' title='bbox 851 2104 975 2190; x_wconf 73' lang='grc' dir='ltr'><strong><em>μὲν</em></strong></span> <span class='ocrx_word' id='word_1_168' title='bbox 1020 2106 1310 2189; x_wconf 82' lang='grc' dir='ltr'><strong><em>ἐμαυτόν</em></strong></span> <span class='ocrx_word' id='word_1_169' title='bbox 1353 2122 1485 2189; x_wconf 90' lang='grc' dir='ltr'><strong><em>σοι,</em></strong></span> <span class='ocrx_word' id='word_1_170' title='bbox 1529 2107 1837 2192; x_wconf 77' lang='grc' dir='ltr'><strong><em>καθάπερ</em></strong></span> <span class='ocrx_word' id='word_1_171' title='bbox 1880 2102 2093 2189; x_wconf 71' lang='grc' dir='ltr'><strong><em>εἶπον,</em></strong></span> <span class='ocrx_word' id='word_1_172' title='bbox 2148 2107 2217 2183; x_wconf 80' lang='grc' dir='ltr'><strong><em>ἐς</em></strong></span> <span class='ocrx_word' id='word_1_173' title='bbox 2260 2108 2299 2173; x_wconf 83' lang='grc' dir='ltr'>ὅ</span> <span class='ocrx_word' id='word_1_174' title='bbox 2342 2132 2407 2172; x_wconf 91' lang='grc' dir='ltr'><strong><em>τι</em></strong></span> <span class='ocrx_word' id='word_1_175' title='bbox 2452 2107 2702 2191; x_wconf 82' lang='grc' dir='ltr'><strong><em>θέλοις,</em></strong></span> <span class='ocrx_word' id='word_1_176' title='bbox 2748 2108 2917 2173; x_wconf 81' lang='grc' dir='ltr'><strong><em>ὑπο-</em></strong></span> 
     </span>
     <span class='ocr_line' id='line_1_20' title="bbox 609 2195 2917 2290; baseline 0.001 -21"><span class='ocrx_word' id='word_1_177' title='bbox 609 2206 877 2280; x_wconf 85' lang='grc' dir='ltr'><strong><em>δεικνὺς</em></strong></span> <span class='ocrx_word' id='word_1_178' title='bbox 923 2200 998 2269; x_wconf 72' lang='grc' dir='ltr'><strong><em>δὲ</em></strong></span> <span class='ocrx_word' id='word_1_179' title='bbox 1045 2195 1154 2268; x_wconf 85' lang='grc' dir='ltr'><strong><em>οἶα</em></strong></span> <span class='ocrx_word' id='word_1_180' title='bbox 1197 2202 1308 2268; x_wconf 77' lang='grc' dir='ltr'><strong><em>καὶ</em></strong></span> <span class='ocrx_word' id='word_1_181' title='bbox 1355 2207 1683 2289; x_wconf 87' lang='grc' dir='ltr'><strong><em>πρότερον</em></strong></span> <span class='ocrx_word' id='word_1_182' title='bbox 1726 2203 1836 2269; x_wconf 79' lang='grc' dir='ltr'><strong><em>καὶ</em></strong></span> <span class='ocrx_word' id='word_1_183' title='bbox 1884 2213 2017 2269; x_wconf 91' lang='grc' dir='ltr'><strong><em>νῦν</em></strong></span> <span class='ocrx_word' id='word_1_184' title='bbox 2062 2206 2403 2289; x_wconf 79' lang='grc' dir='ltr'><strong><em>ἐφρόνησα</em></strong></span> <span class='ocrx_word' id='word_1_185' title='bbox 2448 2204 2599 2290; x_wconf 79' lang='grc' dir='ltr'><strong><em>περὶ</em></strong></span> <span class='ocrx_word' id='word_1_186' title='bbox 2637 2215 2765 2271; x_wconf 91' lang='grc' dir='ltr'><strong><em>σοῦ</em></strong></span> <span class='ocrx_word' id='word_1_187' title='bbox 2800 2206 2917 2271; x_wconf 81' lang='grc' dir='ltr'><strong><em>καὶ</em></strong></span> 
     </span>
     <span class='ocr_line' id='line_1_21' title="bbox 608 2298 3015 2389; baseline 0.001 -22"><span class='ocrx_word' id='word_1_188' title='bbox 608 2313 888 2389; x_wconf 82' lang='grc' dir='ltr'><strong><em>φρονῶν</em></strong></span> <span class='ocrx_word' id='word_1_189' title='bbox 951 2298 1048 2367; x_wconf 78' lang='grc' dir='ltr'><strong><em>ἔτι</em></strong></span> <span class='ocrx_word' id='word_1_190' title='bbox 1111 2304 1318 2385; x_wconf 86' lang='grc' dir='ltr'><strong><em>μόνος</em></strong></span> <span class='ocrx_word' id='word_1_191' title='bbox 1379 2300 1735 2386; x_wconf 81' lang='grc' dir='ltr'><strong><em>ἀφικόμην.</em></strong></span> <span class='ocrx_word' id='word_1_192' title='bbox 1814 2301 1923 2368; x_wconf 81' lang='grc' dir='ltr'><strong><em>καὶ</em></strong></span> <span class='ocrx_word' id='word_1_193' title='bbox 1986 2302 2139 2386; x_wconf 83' lang='grc' dir='ltr'><strong><em>περὶ</em></strong></span> <span class='ocrx_word' id='word_1_194' title='bbox 2200 2300 2324 2385; x_wconf 70' lang='grc' dir='ltr'><strong><em>μὲν</em></strong></span> <span class='ocrx_word' id='word_1_195' title='bbox 2379 2304 2543 2388; x_wconf 81' lang='grc' dir='ltr'><strong><em>ἐμοῦ</em></strong></span> <span class='ocrx_word' id='word_1_196' title='bbox 2598 2313 2921 2387; x_wconf 87' lang='grc' dir='ltr'><strong><em>τοσαῦτα,</em></strong></span> <span class='ocrx_word' id='word_1_197' title='bbox 2950 2329 3015 2369; x_wconf 71' lang='lat' dir='ltr'><strong><em>so</em></strong></span> 
     </span>
     <span class='ocr_line' id='line_1_22' title="bbox 609 2398 2925 2487; baseline 0 -20"><span class='ocrx_word' id='word_1_198' title='bbox 609 2399 761 2486; x_wconf 75' lang='grc' dir='ltr'><strong><em>περὶ</em></strong></span> <span class='ocrx_word' id='word_1_199' title='bbox 817 2398 890 2465; x_wconf 73' lang='grc' dir='ltr'><strong><em>δὲ</em></strong></span> <span class='ocrx_word' id='word_1_200' title='bbox 953 2410 1090 2465; x_wconf 83' lang='grc' dir='ltr'><strong><em>τῶν</em></strong></span> <span class='ocrx_word' id='word_1_201' title='bbox 1154 2403 1377 2483; x_wconf 90' lang='grc' dir='ltr'><strong><em>φίλων</em></strong></span> <span class='ocrx_word' id='word_1_202' title='bbox 1437 2399 1547 2465; x_wconf 77' lang='grc' dir='ltr'><strong><em>καὶ</em></strong></span> <span class='ocrx_word' id='word_1_203' title='bbox 1611 2410 1735 2466; x_wconf 86' lang='grc' dir='ltr'><strong><em>τοῦ</em></strong></span> <span class='ocrx_word' id='word_1_204' title='bbox 1800 2412 2089 2482; x_wconf 87' lang='grc' dir='ltr'><strong><em>στρατοῦ</em></strong></span> <span class='ocrx_word' id='word_1_205' title='bbox 2150 2404 2423 2486; x_wconf 83' lang='grc' dir='ltr'><strong><em>παντός,</em></strong></span> <span class='ocrx_word' id='word_1_206' title='bbox 2488 2404 2553 2466; x_wconf 82' lang='grc' dir='ltr'><strong><em>εί</em></strong></span> <span class='ocrx_word' id='word_1_207' title='bbox 2610 2399 2735 2487; x_wconf 78' lang='grc' dir='ltr'><strong><em>μὲν</em></strong></span> <span class='ocrx_word' id='word_1_208' title='bbox 2790 2404 2925 2487; x_wconf 86' lang='grc' dir='ltr'><strong><em>οὐχ</em></strong></span> 
     </span>
     <span class='ocr_line' id='line_1_23' title="bbox 609 2496 2923 2585; baseline 0 -20"><span class='ocrx_word' id='word_1_209' title='bbox 609 2500 1052 2575; x_wconf 67' lang='grc' dir='ltr'><strong><em>ὑποπτεύσεις’</em></strong></span> <span class='ocrx_word' id='word_1_210' title='bbox 1094 2520 1174 2582; x_wconf 87' lang='grc' dir='ltr'><strong><em>με</em></strong></span> <span class='ocrx_word' id='word_1_211' title='bbox 1222 2496 1522 2581; x_wconf 84' lang='grc' dir='ltr'><strong><em>λέγοντα,</em></strong></span> <span class='ocrx_word' id='word_1_212' title='bbox 1569 2501 2007 2584; x_wconf 83' lang='grc' dir='ltr'><strong><em>συμβουλεύω</em></strong></span> <span class='ocrx_word' id='word_1_213' title='bbox 2055 2501 2137 2565; x_wconf 79' lang='grc' dir='ltr'><strong><em>τὰ</em></strong></span> <span class='ocrx_word' id='word_1_214' title='bbox 2182 2498 2287 2564; x_wconf 77' lang='grc' dir='ltr'><strong><em>σοὶ</em></strong></span> <span class='ocrx_word' id='word_1_215' title='bbox 2334 2501 2616 2579; x_wconf 79' lang='grc' dir='ltr'><strong><em>μάλιστα</em></strong></span> <span class='ocrx_word' id='word_1_216' title='bbox 2670 2501 2923 2585; x_wconf 82' lang='grc' dir='ltr'><strong><em>ὠφελι-</em></strong></span> 
     </span>
     <span class='ocr_line' id='line_1_24' title="bbox 607 2596 2926 2682; baseline 0 -20"><span class='ocrx_word' id='word_1_217' title='bbox 607 2598 902 2681; x_wconf 82' lang='grc' dir='ltr'><strong><em>μώτατα,</em></strong></span> <span class='ocrx_word' id='word_1_218' title='bbox 955 2596 1166 2680; x_wconf 83' lang='grc' dir='ltr'><strong><em>μηδὲν</em></strong></span> <span class='ocrx_word' id='word_1_219' title='bbox 1221 2597 1449 2661; x_wconf 86' lang='grc' dir='ltr'><strong><em>δεινὸν</em></strong></span> <span class='ocrx_word' id='word_1_220' title='bbox 1502 2596 1751 2675; x_wconf 85' lang='grc' dir='ltr'><strong><em>αὐτοὺς</em></strong></span> <span class='ocrx_word' id='word_1_221' title='bbox 1805 2596 2219 2680; x_wconf 72' lang='grc' dir='ltr'><strong><em>ἐργάσασθαι</em></strong></span> <span class='ocrx_word' id='word_1_222' title='bbox 2265 2599 2379 2663; x_wconf 80' lang='grc' dir='ltr'><strong><em>διὰ</em></strong></span> <span class='ocrx_word' id='word_1_223' title='bbox 2424 2598 2547 2681; x_wconf 85' lang='grc' dir='ltr'><strong><em>τὴν</em></strong></span> <span class='ocrx_word' id='word_1_224' title='bbox 2594 2597 2758 2682; x_wconf 79' lang='grc' dir='ltr'><strong><em>ἐμὴν</em></strong></span> <span class='ocrx_word' id='word_1_225' title='bbox 2804 2598 2926 2663; x_wconf 80' lang='grc' dir='ltr'><strong><em>καὶ</em></strong></span> 
     </span>
     <span class='ocr_line' id='line_1_25' title="bbox 611 2692 2921 2781; baseline 0 -20"><span class='ocrx_word' id='word_1_226' title='bbox 611 2696 785 2779; x_wconf 86' lang='grc' dir='ltr'><strong><em>[τὴν]</em></strong></span> <span class='ocrx_word' id='word_1_227' title='bbox 852 2696 979 2778; x_wconf 79' lang='grc' dir='ltr'><strong><em>σὴν</em></strong></span> <span class='ocrx_word' id='word_1_228' title='bbox 1023 2697 1466 2778; x_wconf 82' lang='grc' dir='ltr'><strong><em>φιλονεικίαν,</em></strong></span> <span class='ocrx_word' id='word_1_229' title='bbox 1510 2692 1677 2778; x_wconf 76' lang='grc' dir='ltr'><strong><em>μηδὲ</em></strong></span> <span class='ocrx_word' id='word_1_230' title='bbox 1724 2698 2093 2779; x_wconf 78' lang='grc' dir='ltr'><strong><em>ἄνθρωπον</em></strong></span> <span class='ocrx_word' id='word_1_231' title='bbox 2146 2699 2305 2762; x_wconf 73' lang='grc' dir='ltr'><strong><em>ὄντα</em></strong></span> <span class='ocrx_word' id='word_1_232' title='bbox 2358 2697 2469 2761; x_wconf 79' lang='grc' dir='ltr'><strong><em>καὶ</em></strong></span> <span class='ocrx_word' id='word_1_233' title='bbox 2522 2698 2687 2780; x_wconf 77' lang='grc' dir='ltr'><strong><em>τύχῃ</em></strong></span> <span class='ocrx_word' id='word_1_234' title='bbox 2740 2699 2921 2781; x_wconf 78' lang='grc' dir='ltr'><strong><em>χρώ-</em></strong></span> 
     </span>
     <span class='ocr_line' id='line_1_26' title="bbox 609 2793 3015 2879; baseline 0 -21"><span class='ocrx_word' id='word_1_235' title='bbox 609 2816 844 2879; x_wconf 90' lang='grc' dir='ltr'><strong><em>μενον,</em></strong></span> <span class='ocrx_word' id='word_1_236' title='bbox 909 2793 991 2858; x_wconf 85' lang='grc' dir='ltr'><strong><em>οὐ</em></strong></span> <span class='ocrx_word' id='word_1_237' title='bbox 1057 2795 1302 2879; x_wconf 77' lang='grc' dir='ltr'><strong><em>βεβαίῳ</em></strong></span> <span class='ocrx_word' id='word_1_238' title='bbox 1367 2793 1729 2877; x_wconf 74' lang='grc' dir='ltr'><strong><em>πράγματι,</em></strong></span> <span class='ocrx_word' id='word_1_239' title='bbox 1792 2799 2089 2859; x_wconf 86' lang='grc' dir='ltr'><strong><em>κωλῦσαι</em></strong></span> <span class='ocrx_word' id='word_1_240' title='bbox 2146 2798 2301 2869; x_wconf 86' lang='grc' dir='ltr'><strong><em>τοὺς</em></strong></span> <span class='ocrx_word' id='word_1_241' title='bbox 2356 2795 2785 2860; x_wconf 87' lang='grc' dir='ltr'><strong><em>κινδυνεύειν</em></strong></span> <span class='ocrx_word' id='word_1_242' title='bbox 2840 2794 2925 2859; x_wconf 81' lang='grc' dir='ltr'><strong><em>ἐν</em></strong></span> <span class='ocrx_word' id='word_1_243' title='bbox 2954 2819 3015 2859; x_wconf 65' lang='grc' dir='ltr'><strong><em>ιι</em></strong></span> 
     </span>
     <span class='ocr_line' id='line_1_27' title="bbox 610 2889 2929 2977; baseline 0 -21"><span class='ocrx_word' id='word_1_244' title='bbox 610 2893 840 2975; x_wconf 81' lang='grc' dir='ltr'><strong><em>τύχαις</em></strong></span> <span class='ocrx_word' id='word_1_245' title='bbox 895 2890 934 2973; x_wconf 79' lang='grc' dir='ltr'><em>ἢ</em></span> <span class='ocrx_word' id='word_1_246' title='bbox 991 2896 1241 2976; x_wconf 81' lang='grc' dir='ltr'><strong><em>χρείαις</em></strong></span> <span class='ocrx_word' id='word_1_247' title='bbox 1303 2890 1749 2972; x_wconf 75' lang='grc' dir='ltr'><strong><em>ἐθελήσοντάς</em></strong></span> <span class='ocrx_word' id='word_1_248' title='bbox 1802 2916 1958 2958; x_wconf 82' lang='grc' dir='ltr'><strong><em>ποτε</em></strong></span> <span class='ocrx_word' id='word_1_249' title='bbox 2016 2889 2183 2971; x_wconf 68' lang='grc' dir='ltr'><strong><em>ὑπὲρ</em></strong></span> <span class='ocrx_word' id='word_1_250' title='bbox 2237 2900 2391 2975; x_wconf 89' lang='grc' dir='ltr'><strong><em>σοῦ,</em></strong></span> <span class='ocrx_word' id='word_1_251' title='bbox 2446 2895 2787 2977; x_wconf 78' lang='grc' dir='ltr'><strong><em>μαθόντας</em></strong></span> <span class='ocrx_word' id='word_1_252' title='bbox 2844 2892 2929 2957; x_wconf 82' lang='grc' dir='ltr'><strong><em>ἐκ</em></strong></span> 
     </span>
     <span class='ocr_line' id='line_1_28' title="bbox 609 2988 2927 3073; baseline 0 -18"><span class='ocrx_word' id='word_1_253' title='bbox 609 2994 807 3055; x_wconf 81' lang='grc' dir='ltr'><strong><em>τοῦὸε</em></strong></span> <span class='ocrx_word' id='word_1_254' title='bbox 854 2997 977 3054; x_wconf 87' lang='grc' dir='ltr'><strong><em>τοῦ</em></strong></span> <span class='ocrx_word' id='word_1_255' title='bbox 1023 2999 1148 3053; x_wconf 87' lang='grc' dir='ltr'><strong><em>σοῦ</em></strong></span> <span class='ocrx_word' id='word_1_256' title='bbox 1195 2992 1408 3073; x_wconf 88' lang='grc' dir='ltr'><strong><em>νόμου</em></strong></span> <span class='ocrx_word' id='word_1_257' title='bbox 1456 2988 1901 3055; x_wconf 83' lang='grc' dir='ltr'><strong><em>δυσέλπιστον</em></strong></span> <span class='ocrx_word' id='word_1_258' title='bbox 1947 2988 2274 3069; x_wconf 79' lang='grc' dir='ltr'><strong><em>σώζεσθαι</em></strong></span> <span class='ocrx_word' id='word_1_259' title='bbox 2310 2992 2399 3073; x_wconf 88' lang='grc' dir='ltr'><strong><em>μὴ</em></strong></span> <span class='ocrx_word' id='word_1_260' title='bbox 2438 2998 2927 3073; x_wconf 86' lang='grc' dir='ltr'><strong><em>κατορθοῦσιν.</em></strong></span> 
     </span>
     <span class='ocr_line' id='line_1_29' title="bbox 609 3085 2925 3173; baseline 0 -20"><span class='ocrx_word' id='word_1_261' title='bbox 609 3091 673 3153; x_wconf 84' lang='grc' dir='ltr'><strong><em>εί</em></strong></span> <span class='ocrx_word' id='word_1_262' title='bbox 715 3085 788 3152; x_wconf 76' lang='grc' dir='ltr'><strong><em>δὲ</em></strong></span> <span class='ocrx_word' id='word_1_263' title='bbox 837 3086 1128 3162; x_wconf 80' lang='grc' dir='ltr'><strong><em>ὕποπτος</em></strong></span> <span class='ocrx_word' id='word_1_264' title='bbox 1173 3085 1214 3171; x_wconf 78' lang='grc' dir='ltr'>ἢ</span> <span class='ocrx_word' id='word_1_265' title='bbox 1262 3088 1538 3163; x_wconf 78' lang='grc' dir='ltr'><strong><em>ἄπιστος</em></strong></span> <span class='ocrx_word' id='word_1_266' title='bbox 1593 3088 1847 3172; x_wconf 81' lang='grc' dir='ltr'><strong><em>ἐχθροῦ</em></strong></span> <span class='ocrx_word' id='word_1_267' title='bbox 1903 3099 2081 3154; x_wconf 82' lang='grc' dir='ltr'><strong><em>πᾶσα</em></strong></span> <span class='ocrx_word' id='word_1_268' title='bbox 2136 3091 2510 3173; x_wconf 83' lang='grc' dir='ltr'><strong><em>συμβουλή,</em></strong></span> <span class='ocrx_word' id='word_1_269' title='bbox 2566 3090 2689 3153; x_wconf 76' lang='grc' dir='ltr'><strong><em>οὐκ</em></strong></span> <span class='ocrx_word' id='word_1_270' title='bbox 2734 3087 2925 3155; x_wconf 80' lang='grc' dir='ltr'><strong><em>ὀκνῶ</em></strong></span> 
     </span>
     <span class='ocr_line' id='line_1_30' title="bbox 611 3183 2929 3273; baseline 0 -23"><span class='ocrx_word' id='word_1_271' title='bbox 611 3183 722 3250; x_wconf 82' lang='grc' dir='ltr'><strong><em>καὶ</em></strong></span> <span class='ocrx_word' id='word_1_272' title='bbox 768 3187 1176 3268; x_wconf 81' lang='grc' dir='ltr'><strong><em>παρακαλεῖν</em></strong></span> <span class='ocrx_word' id='word_1_273' title='bbox 1223 3201 1297 3249; x_wconf 91' lang='grc' dir='ltr'><strong><em>σε</em></strong></span> <span class='ocrx_word' id='word_1_274' title='bbox 1341 3188 1430 3269; x_wconf 89' lang='grc' dir='ltr'><strong><em>μὴ</em></strong></span> <span class='ocrx_word' id='word_1_275' title='bbox 1477 3188 1637 3263; x_wconf 85' lang='grc' dir='ltr'><strong><em>τοὺς</em></strong></span> <span class='ocrx_word' id='word_1_276' title='bbox 1683 3191 1930 3269; x_wconf 88' lang='grc' dir='ltr'><strong><em>φίλους</em></strong></span> <span class='ocrx_word' id='word_1_277' title='bbox 1974 3190 2293 3253; x_wconf 85' lang='grc' dir='ltr'><strong><em>τίνυσθαι</em></strong></span> <span class='ocrx_word' id='word_1_278' title='bbox 2338 3196 2456 3270; x_wconf 86' lang='grc' dir='ltr'><strong><em>τῆς</em></strong></span> <span class='ocrx_word' id='word_1_279' title='bbox 2503 3187 2659 3273; x_wconf 83' lang='grc' dir='ltr'><strong><em>ἐμῆς</em></strong></span> <span class='ocrx_word' id='word_1_280' title='bbox 2704 3186 2929 3271; x_wconf 81' lang='grc' dir='ltr'><strong><em>ἆμαρ-</em></strong></span> 
     </span>
     <span class='ocr_line' id='line_1_31' title="bbox 611 3280 3019 3369; baseline 0.001 -21"><span class='ocrx_word' id='word_1_281' title='bbox 611 3287 756 3360; x_wconf 87' lang='grc' dir='ltr'><strong><em>τίας</em></strong></span> <span class='ocrx_word' id='word_1_282' title='bbox 810 3280 920 3347; x_wconf 85' lang='grc' dir='ltr'><strong><em>καὶ</em></strong></span> <span class='ocrx_word' id='word_1_283' title='bbox 976 3284 1176 3368; x_wconf 73' lang='grc' dir='ltr'><strong><em>τύχης</em></strong></span> <span class='ocrx_word' id='word_1_284' title='bbox 1231 3280 1366 3347; x_wconf 79' lang='grc' dir='ltr'><strong><em>ἀλλ’</em></strong></span> <span class='ocrx_word' id='word_1_285' title='bbox 1422 3282 1488 3360; x_wconf 79' lang='grc' dir='ltr'><strong><em>ἐς</em></strong></span> <span class='ocrx_word' id='word_1_286' title='bbox 1543 3280 1653 3368; x_wconf 71' lang='grc' dir='ltr'><strong><em>ἐμὲ</em></strong></span> <span class='ocrx_word' id='word_1_287' title='bbox 1718 3296 2127 3369; x_wconf 78' lang='grc' dir='ltr'><strong><em>συναγαγεῖν</em></strong></span> <span class='ocrx_word' id='word_1_288' title='bbox 2179 3287 2415 3365; x_wconf 77' lang='grc' dir='ltr'><strong><em>πάντα,</em></strong></span> <span class='ocrx_word' id='word_1_289' title='bbox 2471 3286 2592 3350; x_wconf 90' lang='grc' dir='ltr'><strong><em>τὸν</em></strong></span> <span class='ocrx_word' id='word_1_290' title='bbox 2644 3286 2928 3349; x_wconf 76' lang='grc' dir='ltr'><strong><em>πάντων</em></strong></span> <span class='ocrx_word' id='word_1_291' title='bbox 2958 3310 3019 3351; x_wconf 70' lang='grc' dir='ltr'><strong><em>ιο</em></strong></span> 
     </span>
     <span class='ocr_line' id='line_1_32' title="bbox 611 3375 2929 3469; baseline 0.001 -23"><span class='ocrx_word' id='word_1_292' title='bbox 611 3388 856 3446; x_wconf 76' lang='lat' dir='ltr'><em>alnov·</em></span> <span class='ocrx_word' id='word_1_293' title='bbox 904 3377 1010 3465; x_wconf 88' lang='grc' dir='ltr'><strong><em>ἀφ’</em></strong></span> <span class='ocrx_word' id='word_1_294' title='bbox 1065 3375 1143 3463; x_wconf 80' lang='grc' dir='ltr'><strong><em>ἧς</em></strong></span> <span class='ocrx_word' id='word_1_295' title='bbox 1191 3382 1273 3465; x_wconf 85' lang='grc' dir='ltr'><strong><em>δὴ</em></strong></span> <span class='ocrx_word' id='word_1_296' title='bbox 1313 3383 1580 3466; x_wconf 79' lang='grc' dir='ltr'><strong><em>γνώμης</em></strong></span> <span class='ocrx_word' id='word_1_297' title='bbox 1617 3383 1863 3462; x_wconf 87' lang='grc' dir='ltr'><strong><em>αὐτοὺς</em></strong></span> <span class='ocrx_word' id='word_1_298' title='bbox 1896 3385 2337 3469; x_wconf 81' lang='grc' dir='ltr'><strong><em>ὑπελιπόμην,</em></strong></span> <span class='ocrx_word' id='word_1_299' title='bbox 2376 3386 2487 3450; x_wconf 82' lang='grc' dir='ltr'><strong><em>ἵνα</em></strong></span> <span class='ocrx_word' id='word_1_300' title='bbox 2524 3386 2613 3469; x_wconf 84' lang='grc' dir='ltr'><strong><em>μὴ</em></strong></span> <span class='ocrx_word' id='word_1_301' title='bbox 2652 3382 2929 3467; x_wconf 81' lang='grc' dir='ltr'><strong><em>δόξαιμι</em></strong></span> 
     </span>
    </p>
   </div>
   <div class='ocr_carea' id='block_1_3' title="bbox 615 3546 977 3553">
    <p class='ocr_par' dir='ltr' id='par_1_3' title="bbox 615 3546 977 3553">
     <span class='ocr_line' id='line_1_33' title="bbox 615 3546 977 3553; baseline -0.003 0"><span class='ocrx_word' id='word_1_302' title='bbox 615 3548 623 3553; x_wconf 87' lang='grc'>-</span> <span class='ocrx_word' id='word_1_303' title='bbox 640 3548 761 3553; x_wconf 75' lang='lat'><strong><em>—-</em></strong></span> <span class='ocrx_word' id='word_1_304' title='bbox 836 3546 859 3552; x_wconf 76' lang='lat'><em>—</em></span> <span class='ocrx_word' id='word_1_305' title='bbox 912 3546 977 3553; x_wconf 69' lang='lat'>-.-—</span> 
     </span>
    </p>
   </div>
   <div class='ocr_carea' id='block_1_4' title="bbox 611 3640 2929 4343">
    <p class='ocr_par' dir='ltr' id='par_1_4' title="bbox 611 3640 2929 4343">
     <span class='ocr_line' id='line_1_34' title="bbox 793 3640 2927 3727; baseline 0.001 -22"><span class='ocrx_word' id='word_1_306' title='bbox 793 3650 849 3705; x_wconf 83' lang='lat'><strong><em>2.</em></strong></span> <span class='ocrx_word' id='word_1_307' title='bbox 903 3640 1170 3723; x_wconf 78' lang='grc' dir='ltr'><strong><em>(ταῦτα)</em></strong></span> <span class='ocrx_word' id='word_1_308' title='bbox 1211 3642 1494 3723; x_wconf 82' lang='grc' dir='ltr'><strong><em>γενέσθαι</em></strong></span> <span class='ocrx_word' id='word_1_309' title='bbox 1539 3650 1687 3706; x_wconf 76' lang='lat' dir='ltr'><strong><em>coni.</em></strong></span> <span class='ocrx_word' id='word_1_310' title='bbox 1725 3649 2141 3708; x_wconf 74' lang='lat' dir='ltr'><em>Mendelssohn</em></span> <span class='ocrx_word' id='word_1_311' title='bbox 2276 3650 2333 3707; x_wconf 87' lang='lat'><strong><em>3.</em></strong></span> <span class='ocrx_word' id='word_1_312' title='bbox 2380 3647 2587 3727; x_wconf 76' lang='grc' dir='ltr'><strong><em>ῥώμην</em></strong></span> <span class='ocrx_word' id='word_1_313' title='bbox 2630 3650 2927 3724; x_wconf 65' lang='lat' dir='ltr'><strong><em>Musyra-</em></strong></span> 
     </span>
     <span class='ocr_line' id='line_1_35' title="bbox 611 3731 2927 3817; baseline 0.002 -24"><span class='ocrx_word' id='word_1_314' title='bbox 611 3738 752 3795; x_wconf 73' lang='lat' dir='ltr'><strong><em>wius</em></strong></span> <span class='ocrx_word' id='word_1_315' title='bbox 928 3736 987 3793; x_wconf 84' lang='lat'><strong><em>4.</em></strong></span> <span class='ocrx_word' id='word_1_316' title='bbox 1033 3731 1148 3793; x_wconf 73' lang='grc' dir='ltr'><strong><em>κᾶν</em></strong></span> <span class='ocrx_word' id='word_1_317' title='bbox 1194 3731 1286 3794; x_wconf 86' lang='grc' dir='ltr'><strong><em>ἀν.</em></strong></span> <span class='ocrx_word' id='word_1_318' title='bbox 1333 3736 1429 3795; x_wconf 73' lang='lat' dir='ltr'><strong><em>uel</em></strong></span> <span class='ocrx_word' id='word_1_319' title='bbox 1473 3734 1572 3795; x_wconf 81' lang='grc' dir='ltr'><strong><em>καὶ</em></strong></span> <span class='ocrx_word' id='word_1_320' title='bbox 1624 3732 1980 3817; x_wconf 76' lang='grc' dir='ltr'><strong><em>ἀναγκάσειν</em></strong></span> <span class='ocrx_word' id='word_1_321' title='bbox 2026 3738 2340 3797; x_wconf 65' lang='grc' dir='ltr'><strong><em>ΣΙΙεπᾶάεε.</em></strong></span> <span class='ocrx_word' id='word_1_322' title='bbox 2499 3739 2553 3796; x_wconf 91' lang='grc'><strong><em>7.</em></strong></span> <span class='ocrx_word' id='word_1_323' title='bbox 2594 3734 2799 3817; x_wconf 84' lang='grc' dir='ltr'><strong><em>&lt;τῶν&gt;</em></strong></span> <span class='ocrx_word' id='word_1_324' title='bbox 2842 3736 2927 3798; x_wconf 78' lang='grc' dir='ltr'><strong><em>τὰ</em></strong></span> 
     </span>
     <span class='ocr_line' id='line_1_36' title="bbox 613 3821 2927 3907; baseline 0.001 -24"><span class='ocrx_word' id='word_1_325' title='bbox 613 3824 827 3884; x_wconf 77' lang='lat' dir='ltr'><strong><em>Nauck</em></strong></span> <span class='ocrx_word' id='word_1_326' title='bbox 967 3826 1066 3883; x_wconf 91' lang='lat'><strong><em>11.</em></strong></span> <span class='ocrx_word' id='word_1_327' title='bbox 1115 3821 1376 3902; x_wconf 80' lang='grc' dir='ltr'><strong><em>διέβαλες</em></strong></span> <span class='ocrx_word' id='word_1_328' title='bbox 1419 3826 1546 3885; x_wconf 77' lang='lat' dir='ltr'><strong><em>Vat.</em></strong></span> <span class='ocrx_word' id='word_1_329' title='bbox 1690 3828 1790 3887; x_wconf 86' lang='lat'><strong><em>13.</em></strong></span> <span class='ocrx_word' id='word_1_330' title='bbox 1835 3825 2259 3905; x_wconf 73' lang='grc' dir='ltr'><strong><em>κεκρατήκασιν</em></strong></span> <span class='ocrx_word' id='word_1_331' title='bbox 2304 3845 2339 3895; x_wconf 91' lang='grc' dir='ltr'><strong><em>ς</em></strong></span> <span class='ocrx_word' id='word_1_332' title='bbox 2484 3830 2586 3885; x_wconf 87' lang='grc'><strong><em>14.</em></strong></span> <span class='ocrx_word' id='word_1_333' title='bbox 2632 3822 2927 3907; x_wconf 77' lang='grc' dir='ltr'><strong><em>με&lt;δεῑν&gt;</em></strong></span> 
     </span>
     <span class='ocr_line' id='line_1_37' title="bbox 613 3914 2928 3991; baseline 0.002 -18"><span class='ocrx_word' id='word_1_334' title='bbox 613 3914 946 3988; x_wconf 75' lang='lat' dir='ltr'><strong><em>Stephanus</em></strong></span> <span class='ocrx_word' id='word_1_335' title='bbox 1087 3915 1187 3972; x_wconf 85' lang='lat'><strong><em>15.</em></strong></span> <span class='ocrx_word' id='word_1_336' title='bbox 1237 3922 1472 3991; x_wconf 79' lang='grc' dir='ltr'><strong><em>νικῆσαι</em></strong></span> <span class='ocrx_word' id='word_1_337' title='bbox 1521 3932 1560 3983; x_wconf 85' lang='grc' dir='ltr'><strong><em>ς</em></strong></span> <span class='ocrx_word' id='word_1_338' title='bbox 1605 3916 1837 3976; x_wconf 72' lang='lat' dir='ltr'><strong><em>lacunis</em></strong></span> <span class='ocrx_word' id='word_1_339' title='bbox 1880 3918 2020 3975; x_wconf 80' lang='lat' dir='ltr'><strong><em>haec</em></strong></span> <span class='ocrx_word' id='word_1_340' title='bbox 2064 3922 2341 3989; x_wconf 73' lang='lat' dir='ltr'><strong><em>corrupta</em></strong></span> <span class='ocrx_word' id='word_1_341' title='bbox 2384 3934 2506 3976; x_wconf 78' lang='lat' dir='ltr'><em>esse</em></span> <span class='ocrx_word' id='word_1_342' title='bbox 2542 3916 2753 3976; x_wconf 73' lang='lat' dir='ltr'><strong><em>Nauck</em></strong></span> <span class='ocrx_word' id='word_1_343' title='bbox 2795 3922 2928 3977; x_wconf 74' lang='lat' dir='ltr'><strong><em>sta-</em></strong></span> 
     </span>
     <span class='ocr_line' id='line_1_38' title="bbox 615 3998 2929 4085; baseline 0.001 -22"><span class='ocrx_word' id='word_1_344' title='bbox 615 4006 726 4063; x_wconf 64' lang='lat' dir='ltr'><strong><em>twa</em></strong></span> <span class='ocrx_word' id='word_1_345' title='bbox 911 4004 1010 4062; x_wconf 88' lang='grc'><strong><em>16.</em></strong></span> <span class='ocrx_word' id='word_1_346' title='bbox 1061 3998 1170 4079; x_wconf 78' lang='grc' dir='ltr'><strong><em>μὲν</em></strong></span> <span class='ocrx_word' id='word_1_347' title='bbox 1226 4002 1300 4063; x_wconf 82' lang='grc' dir='ltr'><strong><em>οὔ</em></strong></span> <span class='ocrx_word' id='word_1_348' title='bbox 1355 4002 1701 4082; x_wconf 83' lang='grc' dir='ltr'><strong><em>δυνηθέντα</em></strong></span> <span class='ocrx_word' id='word_1_349' title='bbox 1746 4022 1858 4065; x_wconf 85' lang='lat' dir='ltr'><strong><em>om.</em></strong></span> <span class='ocrx_word' id='word_1_350' title='bbox 1896 4022 1935 4073; x_wconf 84' lang='grc' dir='ltr'><strong><em>ς</em></strong></span> <span class='ocrx_word' id='word_1_351' title='bbox 2118 4008 2217 4065; x_wconf 86' lang='grc'><strong><em>19.</em></strong></span> <span class='ocrx_word' id='word_1_352' title='bbox 2272 4004 2557 4083; x_wconf 84' lang='grc' dir='ltr'><strong><em>πρότερον</em></strong></span> <span class='ocrx_word' id='word_1_353' title='bbox 2610 4002 2929 4085; x_wconf 74' lang='grc' dir='ltr'><strong><em>ἐφρόνησα</em></strong></span> 
     </span>
     <span class='ocr_line' id='line_1_39' title="bbox 615 4088 2927 4173; baseline 0.001 -20"><span class='ocrx_word' id='word_1_354' title='bbox 615 4090 748 4170; x_wconf 77' lang='grc' dir='ltr'><strong><em>περὶ</em></strong></span> <span class='ocrx_word' id='word_1_355' title='bbox 801 4100 912 4152; x_wconf 88' lang='grc' dir='ltr'><strong><em>σοῦ</em></strong></span> <span class='ocrx_word' id='word_1_356' title='bbox 968 4088 1068 4151; x_wconf 77' lang='grc' dir='ltr'><strong><em>καὶ</em></strong></span> <span class='ocrx_word' id='word_1_357' title='bbox 1123 4100 1238 4152; x_wconf 85' lang='grc' dir='ltr'><strong><em>νῦν</em></strong></span> <span class='ocrx_word' id='word_1_358' title='bbox 1294 4102 1541 4172; x_wconf 84' lang='grc' dir='ltr'><strong><em>φρονῶν</em></strong></span> <span class='ocrx_word' id='word_1_359' title='bbox 1595 4092 1680 4153; x_wconf 78' lang='grc' dir='ltr'><strong><em>ἔτι</em></strong></span> <span class='ocrx_word' id='word_1_360' title='bbox 1733 4095 1947 4154; x_wconf 81' lang='lat' dir='ltr'><strong><em>Nauck</em></strong></span> <span class='ocrx_word' id='word_1_361' title='bbox 2129 4096 2229 4153; x_wconf 90' lang='grc'><strong><em>22.</em></strong></span> <span class='ocrx_word' id='word_1_362' title='bbox 2282 4092 2703 4173; x_wconf 83' lang='grc' dir='ltr'><strong><em>συμβουλεύσω</em></strong></span> <span class='ocrx_word' id='word_1_363' title='bbox 2748 4096 2927 4156; x_wconf 77' lang='lat' dir='ltr'><em>codd.</em></span> 
     </span>
     <span class='ocr_line' id='line_1_40' title="bbox 613 4180 2927 4260; baseline 0.002 -19"><span class='ocrx_word' id='word_1_364' title='bbox 613 4182 878 4242; x_wconf 75' lang='lat' dir='ltr'><strong><em>meliores</em></strong></span> <span class='ocrx_word' id='word_1_365' title='bbox 1052 4183 1154 4241; x_wconf 84' lang='lat'><strong><em>24.</em></strong></span> <span class='ocrx_word' id='word_1_366' title='bbox 1201 4180 1312 4259; x_wconf 78' lang='grc' dir='ltr'><strong><em>τὴν</em></strong></span> <span class='ocrx_word' id='word_1_367' title='bbox 1357 4200 1466 4241; x_wconf 84' lang='lat' dir='ltr'><strong><em>om.</em></strong></span> <span class='ocrx_word' id='word_1_368' title='bbox 1505 4200 1545 4252; x_wconf 82' lang='grc' dir='ltr'><strong><em>ς</em></strong></span> <span class='ocrx_word' id='word_1_369' title='bbox 1719 4185 1819 4242; x_wconf 88' lang='grc'><strong><em>26.</em></strong></span> <span class='ocrx_word' id='word_1_370' title='bbox 1867 4181 2261 4260; x_wconf 77' lang='grc' dir='ltr'><strong><em>ἐθελήσαντάς</em></strong></span> <span class='ocrx_word' id='word_1_371' title='bbox 2304 4204 2445 4244; x_wconf 82' lang='grc' dir='ltr'><strong><em>ποτε</em></strong></span> <span class='ocrx_word' id='word_1_372' title='bbox 2490 4203 2525 4251; x_wconf 88' lang='grc' dir='ltr'><strong><em>ς</em></strong></span> <span class='ocrx_word' id='word_1_373' title='bbox 2700 4186 2803 4242; x_wconf 82' lang='grc'><strong><em>27.</em></strong></span> <span class='ocrx_word' id='word_1_374' title='bbox 2850 4184 2927 4246; x_wconf 87' lang='grc' dir='ltr'><strong><em>τὸ</em></strong></span> 
     </span>
     <span class='ocr_line' id='line_1_41' title="bbox 619 4270 1777 4343; baseline 0.001 -13"><span class='ocrx_word' id='word_1_375' title='bbox 619 4270 914 4343; x_wconf 83' lang='grc' dir='ltr'><strong><em>σώζεσθαι</em></strong></span> <span class='ocrx_word' id='word_1_376' title='bbox 959 4275 1106 4331; x_wconf 74' lang='lat' dir='ltr'><strong><em>coni.</em></strong></span> <span class='ocrx_word' id='word_1_377' title='bbox 1144 4272 1460 4331; x_wconf 73' lang='lat' dir='ltr'><strong><em>MendelsS.</em></strong></span> <span class='ocrx_word' id='word_1_378' title='bbox 1772 4296 1777 4301; x_wconf 93' lang='lat'><strong>·</strong></span> 
     </span>
    </p>
   </div>
  </div>
 </body>
</html>
