3234 5034
1026 362 1284 417 AELIVS
1319 362 1569 418 IVNIVS
1607 360 1893 418 CORDVS
2241 384 2603 433 chxxxm

302 530 490 591 babile
539 538 652 609 est,
697 539 826 593 tum
873 530 1123 592 eandem
1169 533 1387 592 seriem
1435 533 1864 611 imperatorum
1900 530 1974 591 ab
2008 530 2341 592 Alexandro
2378 532 2602 593 Seuero

303 647 488 709 usque
545 628 622 689 ad
677 646 846 691 suam
902 636 1156 691 aetatem
1213 622 1616 711 deduxisse.¹)
1692 647 1829 703 nam
1885 628 2042 709 quod
2108 647 2177 689 ex
2234 629 2354 690 illis
2418 630 2604 693 solius

303 726 490 789 Clodii
527 726 730 789 Albini
773 729 1060 789 memoria
1109 736 1310 807 restat,
1359 726 1432 789 de
1469 726 1564 788 his
1601 724 1919 789 Alexandri
1956 726 2290 789 oblitterata
2330 736 2439 807 est,
2484 746 2605 789 non

303 824 668 905 mirabimur,
717 844 854 887 cum
900 828 1142 887 omnino
1187 844 1364 887 nemo
1412 832 1652 906 praeter
1689 823 2087 906 Capitolinum
2133 844 2271 887 eum
2310 828 2603 906 citauerit‚

305 923 458 1005 quod
495 931 698 985 autem
735 924 976 1004 quidam
1025 943 1096 985 ex
1147 926 1212 984 fr.
1257 922 1288 984 l
1343 942 1476 985 eum
1517 926 1697 985 etiam
1736 922 2074 1003 Traianum,
2109 923 2300 1003 Pium,
2341 923 2603 985 Marcum

305 1030 590 1085 tractasse
638 1021 1024 1101 collegerunt,
1071 1021 1484 1084 declamatoris
1529 1040 1697 1085 more
1744 1022 2111 1103 Capitolinus
2156 1021 2608 1084 obscurioribus

303 1120 674 1201 principibus
719 1120 987 1200 exempla
1035 1119 1500 1183 clarissimorum
1547 1122 1842 1201 opposuit.

476 1218 644 1281 Hanc
700 1226 896 1280 autem
950 1220 1262 1281 materiam
1315 1238 1428 1300 per
1479 1238 1544 1281 se
1600 1219 1817 1281 exilem
1872 1219 2103 1281 Cordus
2159 1222 2321 1281 omni
2382 1238 2603 1299 genere

306 1335 502 1379 rerum
542 1316 804 1397 undique
844 1319 1312 1398 conquisitamm
1353 1326 1413 1379 et
1448 1326 1931 1381 coaceruatarum
1979 1320 2144 1380 auxit
2189 1326 2249 1381 et
2287 1336 2603 1397 exaggera-

303 1417 406 1494 uit,
461 1424 530 1477 ut
573 1415 878 1477 uolumina
935 1434 1041 1478 sua
1089 1415 1369 1497 expleret,
1415 1418 1779 1497 minimaque
1826 1434 2098 1497 quaeque
2146 1434 2209 1477 se
2256 1424 2602 1496 persecutu-

305 1532 434 1575 rum
493 1533 626 1576 esse
684 1516 812 1594 ipse
865 1514 1174 1595 professus
1228 1522 1320 1576 est
1375 1514 1493 1593 (fr.
1531 1516 1620 1590 1).
1696 1514 1953 1576 exsultat
2006 1516 2190 1593 igitur
2236 1512 2603 1594 Capitolinus

305 1612 394 1673 his
439 1612 812 1693 criminibuS,
859 1632 996 1674 cum
1042 1632 1180 1675 eum
1227 1612 1371 1674 dicit
1413 1630 1728 1675 enarrasse
1767 1613 1881 1692 (fr.
1913 1615 2003 1693 1),
2041 1612 2277 1693 quando
2322 1614 2603 1693 princeps

303 1710 468 1772 cibos
513 1714 809 1773 uariasset
845 1712 954 1789 (cf.
977 1712 1062 1789 fr.
1093 1714 1151 1773 4.
1180 1710 1251 1786 8)
1296 1718 1357 1773 et
1400 1710 1639 1791 quando
1684 1719 1914 1772 uestem
1961 1712 2315 1773 mutauisset
2359 1718 2419 1772 et
2455 1730 2604 1791 quos

303 1810 536 1889 quando
582 1811 983 1889 promouisset
1020 1810 1128 1889 (cs.
1158 1809 1242 1888 fr.
1283 1809 1415 1888 18),
1459 1818 1586 1871 tum
1634 1808 2017 1870 Maximinum
2074 1810 2367 1870 iuniorem
2417 1808 2601 1869 rebus

301 1906 566 1967 ueneriis
614 1913 674 1967 et
719 1906 1022 1967 amatoriis
1069 1910 1398 1985 aspersisse
1444 1908 1554 1987 (fr.
1594 1909 1698 1977 11,
1747 1907 1827 1986 cs.
1867 1909 1935 1982 1)
1984 1915 2046 1969 et
2098 1906 2281 1968 multa
2328 1902 2603 1967 ‘ridicule

303 2022 370 2065 ac
423 2004 606 2066 stulte
663 2006 1069 2083 composuisse
1129 2003 1201 2065 de
1259 2005 1665 2085 uoluptatibus
1724 2005 2066 2067 domesticis
2122 2007 2457 2084 ceterisque
2513 2006 2601 2065 in-

303 2104 457 2165 timis
505 2097 720 2163 rebus’
757 2100 1041 2164 Gordiani
1076 2104 1329 2165 iunioris
1368 2103 1483 2182 (fr.
1506 2103 1641 2184 18),
1682 2102 1935 2183 denique
1974 2120 2209 2165 omnem
2248 2104 2427 2164 iidem
2466 2119 2601 2164 eum

302 2203 634 2263 excessisse
681 2198 890 2263 ‘libros
937 2200 1328 2281 mythistoriis
1373 2198 1726 2281 replentem'
1770 2201 1877 2280 (fr.
1918 2203 1976 2261 1.
2016 2202 2103 2277 7).
2171 2200 2277 2262 sed
2322 2203 2468 2261 satis
2513 2202 2603 2261 in-

302 2298 618 2361 credibiles
666 2317 764 2360 res
810 2298 1175 2379 Capitolinus
1221 2300 1352 2379 ipse
1395 2301 1538 2361 uitis
1585 2301 1712 2361 suis
1758 2301 2015 2361 inseruit
2060 2300 2169 2377 (fr.
2198 2300 2257 2360 4.
2296 2298 2388 2377 8),
2444 2298 2601 2359 ultra

303 2416 446 2477 quas
499 2415 858 2478 quemquam
905 2400 1084 2460 etiam
1129 2396 1229 2458 illa
1276 2406 1467 2459 aetate
1523 2399 1586 2458 in
1634 2397 1977 2461 mentiendo
2026 2414 2413 2477 progressum
2469 2414 2601 2458 esse

303 2515 460 2559 nunc
505 2498 641 2577 quis
689 2493 935 2558 credet?
1007 2495 1216 2558 eadem
1271 2494 1516 2557 andacia
1568 2514 1717 2557 usus
1773 2505 1865 2558 est
1908 2498 1971 2557 in
2018 2494 2318 2557 ominibus
2366 2496 2598 2574 excogi-

303 2594 498 2656 tandis
535 2594 652 2671 (fr.
681 2595 742 2657 2.
773 2596 862 2675 7),
899 2612 1036 2655 cum
1073 2596 1136 2656 in
1173 2594 1448 2674 epistulis
1483 2597 1752 2674 actisque
1788 2593 2045 2674 publicis
2076 2596 2182 2672 (fr.
2213 2595 2273 2655 3.
2304 2594 2363 2654 5.
2396 2593 2455 2653 6.
2486 2592 2601 2665 16)

303 2692 564 2755 medium
610 2691 906 2772 quendam
949 2690 1144 2754 locum
1192 2692 1492 2755 obtineret
1537 2694 1697 2754 inter
1742 2699 1933 2754 artem
1978 2691 2337 2753 rhetoricam
2376 2690 2601 2769 fingen-

304 2789 364 2850 di
399 2798 463 2852 et
497 2789 739 2851 fallendi
778 2791 924 2864 (Die
961 2792 1094 2851 Ser.
1133 2793 1190 2852 h.
1231 2794 1304 2852 Α.
1328 2809 1397 2868 p.
1430 2791 1560 2852 199
1585 2783 1828 2874 sqq.)))
1904 2798 1995 2852 est
2038 2791 2223 2869 igitur
2269 2808 2379 2850 cur
2427 2790 2603 2849 etiam

301 2890 544 2950 nomina
589 2907 622 2949 a
669 2886 996 2967 Capitolino
1041 2888 1270 2968 prolata
1316 2908 1452 2950 cum
1499 2888 1829 2968 suspitione
1877 2890 2254 2967 recipiamus,
2300 2895 2366 2949 ut
2402 2887 2603 2947 Iuniae

303 2984 562 3048 Fadillae
610 2982 942 3067 ‘proneptis
998 2981 1313 3047 Antonini'
1350 2988 1466 3065 (fr.
1505 2986 1642 3066 12),
1696 3005 1891 3067 neque
1948 2985 2243 3066 dolemus,
2292 2985 2449 3066 quod
2500 3004 2604 3047 no-

301 3087 463 3146 mina
507 3086 722 3165 uiginti
769 3092 1112 3147 senatorum
1168 3083 1239 3145 ad
1286 3084 1605 3145 Maximum
1661 3084 1989 3164 legatorum
2037 3086 2279 3146 reticuit
2327 3084 2444 3161 (fr.
2484 3084 2601 3158 21)

301 3192 368 3244 ut
415 3182 529 3243 alia
567 3179 846 3262 ‘friuola’,
883 3182 1099 3262 quibus
1145 3181 1246 3245 ille
1293 3182 1575 3262 gloriatus
1624 3191 1753 3244 erat
1790 3182 1904 3261 (fr.
1944 3183 2044 3265 2);
2090 3200 2285 3262 neque
2334 3183 2493 3243 enim
2540 3181 2603 3242 id

301 3282 440 3361 egit,
484 3290 554 3342 ut
598 3283 906 3343 scientiam
964 3298 1170 3343 eorum
1217 3282 1321 3360 qui
1366 3280 1637 3360 legerent
1682 3279 1897 3342 ditaret
1950 3279 2057 3341 sed
2112 3288 2181 3342 ut
2235 3298 2449 3342 sensus
2506 3299 2602 3341 eo-

303 3398 440 3441 rum
483 3378 770 3441 titillaret.
844 3378 1188 3458 dispositam
1236 3386 1432 3440 autem
1478 3397 1590 3458 per
1634 3379 1866 3457 species
1914 3378 2067 3439 hanc
2112 3380 2421 3440 materiem
2470 3397 2601 3440 esse

301 3476 576 3557 exemplo
631 3495 865 3557 eorum,
910 3478 1014 3557 qui
1058 3484 1196 3539 ante
1242 3495 1379 3538 eum
1433 3478 1498 3537 in
1552 3476 1667 3537 hoc
1722 3476 2057 3538 litterarum
2102 3494 2323 3555 genere
2370 3480 2599 3538 uersati

301 3583 460 3654 sunt,
507 3584 568 3636 et
611 3594 723 3655 per
767 3594 832 3637 se
877 3573 1184 3654 probabile
1231 3581 1326 3636 est
1370 3583 1431 3636 et
1475 3576 1622 3636 satis
1668 3574 1871 3637 multis
1916 3576 2191 3653 uestigiis
2236 3577 2297 3634 in
2342 3576 2429 3635 eis
2466 3592 2599 3654 par-

299 3674 490 3755 tibus,
535 3692 684 3754 quas
730 3672 1096 3753 Capitolium
1152 3691 1288 3733 cum
1333 3671 1670 3735 Herodiano
1717 3674 2160 3751 contaminauit‚
2214 3671 2603 3734 confirmatur

299 3774 451 3847 (Die
488 3772 625 3833 Scr.
661 3774 719 3833 h.
757 3772 831 3833 A.
855 3789 925 3848 p.
964 3771 1096 3832 139
1119 3789 1208 3848 sq.
1261 3772 1496 3849 stupea
1530 3791 1598 3849 p.
1640 3772 1772 3846 10).

485 3913 538 3977 1)
574 3908 816 3964 Cordum
841 3906 1152 3962 Maximum
1187 3906 1475 3962 imitatum
1513 3922 1636 3961 esse
1674 3922 1741 3960 ex
1780 3923 2055 3961 consensu
2091 3906 2265 3960 etiam
2302 3906 2600 3961 uerborum

297 3989 360 4043 in
403 3988 656 4045 moribus
703 3987 1077 4059 depingendis
1124 3986 1504 4042 manufestum
1539 3989 1630 4041 est
1664 3986 1789 4057 (Die
1828 3986 1940 4041 Ser.
1970 3987 2026 4041 h.
2058 3988 2120 4042 A.
2151 4006 2206 4057 p.
2236 3990 2379 4057 240),
2416 4004 2599 4059 neque

299 4070 456 4125 enim
507 4072 662 4124 reete
708 4068 928 4139 Tropea.
973 4085 1028 4139 p.
1062 4074 1126 4122 15
1157 4085 1238 4138 sq.
1279 4066 1520 4123 Cordum
1575 4067 1749 4122 etiam
1807 4062 2107 4137 spartiano
2164 4069 2223 4121 et
2276 4066 2600 4138 Lampridio

297 4150 432 4205 usui
466 4148 644 4205 fuisse
679 4148 946 4220 opinatus
983 4151 1087 4204 est.

481 4232 535 4301 2)
573 4229 806 4285 Frustra.
851 4228 1108 4285 defendit
1151 4228 1259 4284 hoc
1304 4230 1516 4285 crimen
1561 4228 1782 4301 Tropes
1826 4247 1881 4299 p.
1912 4234 1945 4283 9
1993 4228 2171 4284 Cordo
2213 4230 2365 4295 ride;
2408 4246 2436 4284 e
2475 4247 2599 4286 rac-

296 4318 464 4367 conta
499 4310 546 4366 s‘l
578 4312 972 4383 noeraviqliosm
999 4310 1343 4383 J’esaqerato,
1379 4310 1556 4380 quello
1591 4310 1684 4364 che
1714 4312 1876 4379 piace
1916 4310 2021 4365 alle
2066 4326 2241 4365 masse
2284 4312 2601 4381 iynomnti;

299 4390 481 4448 Cordo
513 4392 724 4463 yhiyna
759 4398 810 4447 et
843 4409 891 4462 q.
919 4408 962 4447 s.

407 4499 534 4541 Em.
553 4499 683 4541 Bon.
701 4500 784 4541 tol.
800 4500 865 4550 11,
895 4500 965 4539 od.
994 4500 1175 4539 Potor.
2044 4476 2173 4533 xm
