<?xml version="1.0" encoding="UTF-8"?>
<!DOCTYPE html PUBLIC "-//W3C//DTD XHTML 1.0 Transitional//EN"
    "http://www.w3.org/TR/xhtml1/DTD/xhtml1-transitional.dtd">
<html xmlns="http://www.w3.org/1999/xhtml" xml:lang="en" lang="en">
 <head>
  <title>
</title>
<meta http-equiv="Content-Type" content="text/html;charset=utf-8" />
  <meta name='ocr-system' content='tesseract 3.04.00' />
  <meta name='ocr-capabilities' content='ocr_page ocr_carea ocr_par ocr_line ocrx_word'/>
</head>
<body>
  <div class='ocr_page' id='page_1' title='image "./historicorvmrom00petegoog_0162.png"; bbox 0 0 3234 5034; ppageno 0'>
   <div class='ocr_carea' id='block_1_1' title="bbox 1099 284 2649 345">
    <p class='ocr_par' dir='ltr' id='par_1_1' title="bbox 1099 284 2649 345">
     <span class='ocr_line' id='line_1_1' title="bbox 1099 284 2649 345; baseline -0.003 0"><span class='ocrx_word' id='word_1_1' title='bbox 1099 288 1156 345; x_wconf 87' lang='lat' dir='ltr'><strong><em>C.</em></strong></span> <span class='ocrx_word' id='word_1_2' title='bbox 1195 286 1482 345; x_wconf 81' lang='lat' dir='ltr'>PLINIVS</span> <span class='ocrx_word' id='word_1_3' title='bbox 1520 284 1897 343; x_wconf 80' lang='lat' dir='ltr'>SECVNDVS</span> <span class='ocrx_word' id='word_1_4' title='bbox 2532 292 2649 342; x_wconf 86' lang='lat' dir='ltr'><strong><em>CLI</em></strong></span> 
     </span>
    </p>
   </div>
   <div class='ocr_carea' id='block_1_2' title="bbox 331 458 2646 3499">
    <p class='ocr_par' dir='ltr' id='par_1_2' title="bbox 331 458 2646 2690">
     <span class='ocr_line' id='line_1_2' title="bbox 343 458 2645 535; baseline 0 -14"><span class='ocrx_word' id='word_1_5' title='bbox 343 478 473 521; x_wconf 87' lang='lat' dir='ltr'><strong><em>men</em></strong></span> <span class='ocrx_word' id='word_1_6' title='bbox 521 462 1010 522; x_wconf 73' lang='lat' dir='ltr'><strong><em>aestimantibus.</em></strong></span> <span class='ocrx_word' id='word_1_7' title='bbox 1081 459 1252 520; x_wconf 80' lang='lat' dir='ltr'><strong><em>XIX</em></strong></span> <span class='ocrx_word' id='word_1_8' title='bbox 1282 458 1370 518; x_wconf 79' lang='lat'><strong><em>24</em></strong></span> <span class='ocrx_word' id='word_1_9' title='bbox 1421 458 1564 519; x_wconf 86' lang='lat' dir='ltr'><strong><em>Vela</em></strong></span> <span class='ocrx_word' id='word_1_10' title='bbox 1601 476 1799 535; x_wconf 81' lang='lat' dir='ltr'><strong><em>nuper</em></strong></span> <span class='ocrx_word' id='word_1_11' title='bbox 1835 464 1894 517; x_wconf 88' lang='lat' dir='ltr'><strong><em>et</em></strong></span> <span class='ocrx_word' id='word_1_12' title='bbox 1929 461 2134 519; x_wconf 89' lang='lat' dir='ltr'><strong><em>colore</em></strong></span> <span class='ocrx_word' id='word_1_13' title='bbox 2171 461 2344 535; x_wconf 83' lang='lat' dir='ltr'><strong><em>caeli,</em></strong></span> <span class='ocrx_word' id='word_1_14' title='bbox 2388 462 2645 535; x_wconf 86' lang='lat' dir='ltr'><strong><em>stellata,</em></strong></span> 
     </span>
     <span class='ocr_line' id='line_1_3' title="bbox 331 552 2644 642; baseline 0 -23"><span class='ocrx_word' id='word_1_15' title='bbox 331 576 452 635; x_wconf 86' lang='lat' dir='ltr'><strong><em>per</em></strong></span> <span class='ocrx_word' id='word_1_16' title='bbox 485 560 777 619; x_wconf 83' lang='lat' dir='ltr'><strong><em>rudentis</em></strong></span> <span class='ocrx_word' id='word_1_17' title='bbox 804 562 932 619; x_wconf 87' lang='lat' dir='ltr'><strong><em>iere</em></strong></span> <span class='ocrx_word' id='word_1_18' title='bbox 960 555 1140 619; x_wconf 85' lang='lat' dir='ltr'><strong><em>etiam</em></strong></span> <span class='ocrx_word' id='word_1_19' title='bbox 1177 560 1242 618; x_wconf 88' lang='lat' dir='ltr'><strong><em>in</em></strong></span> <span class='ocrx_word' id='word_1_20' title='bbox 1283 558 1749 633; x_wconf 75' lang='lat' dir='ltr'><strong><em>amphitheatris</em></strong></span> <span class='ocrx_word' id='word_1_21' title='bbox 1771 560 2083 634; x_wconf 71' lang='lat' dir='ltr'><strong><em>principis</em></strong></span> <span class='ocrx_word' id='word_1_22' title='bbox 2118 552 2453 642; x_wconf 82' lang='lat' dir='ltr'><strong><em>Neronis.²)</em></strong></span> <span class='ocrx_word' id='word_1_23' title='bbox 2501 557 2644 639; x_wconf 89' lang='lat' dir='ltr'><strong><em>quid</em></strong></span> 
     </span>
     <span class='ocr_line' id='line_1_4' title="bbox 343 650 2644 740; baseline 0 -23"><span class='ocrx_word' id='word_1_24' title='bbox 343 656 500 737; x_wconf 87' lang='lat' dir='ltr'><strong><em>quod</em></strong></span> <span class='ocrx_word' id='word_1_25' title='bbox 545 656 796 717; x_wconf 77' lang='lat' dir='ltr'><strong><em>Tacitus</em></strong></span> <span class='ocrx_word' id='word_1_26' title='bbox 843 657 976 717; x_wconf 82' lang='lat' dir='ltr'><strong><em>XV</em></strong></span> <span class='ocrx_word' id='word_1_27' title='bbox 1003 656 1090 716; x_wconf 85' lang='lat'><strong><em>53</em></strong></span> <span class='ocrx_word' id='word_1_28' title='bbox 1134 655 1391 716; x_wconf 84' lang='lat' dir='ltr'><strong><em>Plinium</em></strong></span> <span class='ocrx_word' id='word_1_29' title='bbox 1440 656 1618 716; x_wconf 89' lang='lat' dir='ltr'><strong><em>etiam</em></strong></span> <span class='ocrx_word' id='word_1_30' title='bbox 1664 656 2013 715; x_wconf 86' lang='lat' dir='ltr'><strong><em>nominatim</em></strong></span> <span class='ocrx_word' id='word_1_31' title='bbox 2060 650 2505 740; x_wconf 80' lang='lat' dir='ltr'><strong><em>absurditatis&#39;)</em></strong></span> <span class='ocrx_word' id='word_1_32' title='bbox 2552 658 2644 717; x_wconf 89' lang='lat' dir='ltr'><strong><em>in-</em></strong></span> 
     </span>
     <span class='ocr_line' id='line_1_5' title="bbox 344 752 2645 833; baseline -0 -17"><span class='ocrx_word' id='word_1_33' title='bbox 344 762 512 816; x_wconf 85' lang='lat' dir='ltr'><strong><em>cusat</em></strong></span> <span class='ocrx_word' id='word_1_34' title='bbox 559 756 670 833; x_wconf 82' lang='lat' dir='ltr'><strong><em>(fr.</em></strong></span> <span class='ocrx_word' id='word_1_35' title='bbox 711 756 802 830; x_wconf 88' lang='grc'><strong><em>6).</em></strong></span> <span class='ocrx_word' id='word_1_36' title='bbox 877 752 982 815; x_wconf 87' lang='lat' dir='ltr'><strong><em>sed</em></strong></span> <span class='ocrx_word' id='word_1_37' title='bbox 1028 753 1220 815; x_wconf 89' lang='lat' dir='ltr'><strong><em>simile</em></strong></span> <span class='ocrx_word' id='word_1_38' title='bbox 1270 754 1400 814; x_wconf 91' lang='lat' dir='ltr'><strong><em>eius</em></strong></span> <span class='ocrx_word' id='word_1_39' title='bbox 1448 756 1566 813; x_wconf 88' lang='lat' dir='ltr'><strong><em>iam</em></strong></span> <span class='ocrx_word' id='word_1_40' title='bbox 1611 754 1675 813; x_wconf 91' lang='lat' dir='ltr'><strong><em>in</em></strong></span> <span class='ocrx_word' id='word_1_41' title='bbox 1722 752 1985 813; x_wconf 89' lang='lat' dir='ltr'><strong><em>historiis</em></strong></span> <span class='ocrx_word' id='word_1_42' title='bbox 2032 753 2145 815; x_wconf 80' lang='lat' dir='ltr'><strong><em>fuit</em></strong></span> <span class='ocrx_word' id='word_1_43' title='bbox 2188 753 2495 833; x_wconf 85' lang='lat' dir='ltr'><strong><em>iudicium,</em></strong></span> <span class='ocrx_word' id='word_1_44' title='bbox 2542 754 2645 816; x_wconf 86' lang='lat' dir='ltr'><strong><em>uhi</em></strong></span> 
     </span>
     <span class='ocr_line' id='line_1_6' title="bbox 345 852 2645 934; baseline -0 -18"><span class='ocrx_word' id='word_1_45' title='bbox 345 853 696 933; x_wconf 83' lang='lat' dir='ltr'><strong><em>dignitatem</em></strong></span> <span class='ocrx_word' id='word_1_46' title='bbox 723 853 1010 914; x_wconf 78' lang='lat' dir='ltr'><strong><em>historiae</em></strong></span> <span class='ocrx_word' id='word_1_47' title='bbox 1040 859 1243 914; x_wconf 84' lang='lat' dir='ltr'><strong><em>contra</em></strong></span> <span class='ocrx_word' id='word_1_48' title='bbox 1273 854 1659 913; x_wconf 82' lang='lat' dir='ltr'><strong><em>minutiarum</em></strong></span> <span class='ocrx_word' id='word_1_49' title='bbox 1689 859 1981 913; x_wconf 87' lang='lat' dir='ltr'><strong><em>amatores</em></strong></span> <span class='ocrx_word' id='word_1_50' title='bbox 2011 852 2335 915; x_wconf 77' lang='lat' dir='ltr'><strong><em>defendens</em></strong></span> <span class='ocrx_word' id='word_1_51' title='bbox 2364 855 2462 932; x_wconf 85' lang='lat' dir='ltr'><strong><em>ita,</em></strong></span> <span class='ocrx_word' id='word_1_52' title='bbox 2486 853 2645 934; x_wconf 83' lang='lat' dir='ltr'><strong><em>quod</em></strong></span> 
     </span>
     <span class='ocr_line' id='line_1_7' title="bbox 341 951 2643 1033; baseline 0 -20"><span class='ocrx_word' id='word_1_53' title='bbox 341 954 470 1033; x_wconf 89' lang='lat' dir='ltr'><strong><em>ipse</em></strong></span> <span class='ocrx_word' id='word_1_54' title='bbox 517 951 859 1033; x_wconf 84' lang='lat' dir='ltr'><strong><em>prodigium</em></strong></span> <span class='ocrx_word' id='word_1_55' title='bbox 906 953 1290 1031; x_wconf 84' lang='lat' dir='ltr'><strong><em>narrauisset,</em></strong></span> <span class='ocrx_word' id='word_1_56' title='bbox 1339 953 1647 1013; x_wconf 82' lang='lat' dir='ltr'><strong><em>excusauit</em></strong></span> <span class='ocrx_word' id='word_1_57' title='bbox 1684 952 1792 1024; x_wconf 89' lang='lat' dir='ltr'><strong><em>(II</em></strong></span> <span class='ocrx_word' id='word_1_58' title='bbox 1820 952 1935 1025; x_wconf 87' lang='lat'><strong><em>50)</em></strong></span> <span class='ocrx_word' id='word_1_59' title='bbox 1948 971 1968 1011; x_wconf 92' lang='lat'><strong><em>.·</em></strong></span> <span class='ocrx_word' id='word_1_60' title='bbox 2021 960 2089 1012; x_wconf 90' lang='lat' dir='ltr'><strong><em>ut</em></strong></span> <span class='ocrx_word' id='word_1_61' title='bbox 2136 956 2503 1029; x_wconf 81' lang='lat' dir='ltr'><strong><em>conquirere</em></strong></span> <span class='ocrx_word' id='word_1_62' title='bbox 2542 952 2643 1030; x_wconf 83' lang='lat' dir='ltr'><strong><em>fa·</em></strong></span> 
     </span>
     <span class='ocr_line' id='line_1_8' title="bbox 343 1053 2646 1129; baseline -0 -16"><span class='ocrx_word' id='word_1_63' title='bbox 343 1054 558 1113; x_wconf 81' lang='lat' dir='ltr'><strong><em>bulosa</em></strong></span> <span class='ocrx_word' id='word_1_64' title='bbox 623 1060 684 1113; x_wconf 85' lang='lat' dir='ltr'><strong><em>et</em></strong></span> <span class='ocrx_word' id='word_1_65' title='bbox 740 1054 908 1126; x_wconf 81' lang='lat' dir='ltr'><strong><em>fictis</em></strong></span> <span class='ocrx_word' id='word_1_66' title='bbox 969 1053 1278 1112; x_wconf 82' lang='lat' dir='ltr'><strong><em>oblectare</em></strong></span> <span class='ocrx_word' id='word_1_67' title='bbox 1339 1053 1665 1126; x_wconf 61' lang='lat' dir='ltr'><strong><em>mentium</em></strong></span> <span class='ocrx_word' id='word_1_68' title='bbox 1739 1054 2013 1111; x_wconf 78' lang='lat' dir='ltr'><strong><em>animos·</em></strong></span> <span class='ocrx_word' id='word_1_69' title='bbox 2037 1054 2271 1129; x_wconf 85' lang='lat' dir='ltr'><strong><em>procul</em></strong></span> <span class='ocrx_word' id='word_1_70' title='bbox 2326 1054 2646 1127; x_wconf 60' lang='lat' dir='ltr'><strong><em>grauitate</em></strong></span> 
     </span>
     <span class='ocr_line' id='line_1_9' title="bbox 344 1150 2643 1228; baseline 0 -17"><span class='ocrx_word' id='word_1_71' title='bbox 344 1154 546 1228; x_wconf 89' lang='lat' dir='ltr'><strong><em>coepti</em></strong></span> <span class='ocrx_word' id='word_1_72' title='bbox 595 1154 802 1227; x_wconf 83' lang='lat' dir='ltr'><strong><em>operis</em></strong></span> <span class='ocrx_word' id='word_1_73' title='bbox 847 1152 1243 1224; x_wconf 80' lang='lat' dir='ltr'><strong><em>crediderim,</em></strong></span> <span class='ocrx_word' id='word_1_74' title='bbox 1299 1152 1389 1210; x_wconf 85' lang='lat' dir='ltr'><strong><em>ita</em></strong></span> <span class='ocrx_word' id='word_1_75' title='bbox 1443 1152 1717 1224; x_wconf 71' lang='lat' dir='ltr'><strong><em>uulqatis</em></strong></span> <span class='ocrx_word' id='word_1_76' title='bbox 1771 1151 2135 1225; x_wconf 77' lang='lat' dir='ltr'><strong><em>traditisque</em></strong></span> <span class='ocrx_word' id='word_1_77' title='bbox 2180 1150 2421 1211; x_wconf 86' lang='lat' dir='ltr'><strong><em>demere</em></strong></span> <span class='ocrx_word' id='word_1_78' title='bbox 2458 1153 2643 1224; x_wconf 76' lang='lat' dir='ltr'><strong><em>fidem</em></strong></span> 
     </span>
     <span class='ocr_line' id='line_1_10' title="bbox 343 1245 2642 1326; baseline -0 -16"><span class='ocrx_word' id='word_1_79' title='bbox 343 1264 464 1311; x_wconf 81' lang='lat' dir='ltr'><strong><em>non</em></strong></span> <span class='ocrx_word' id='word_1_80' title='bbox 527 1253 744 1309; x_wconf 84' lang='lat' dir='ltr'><strong><em>ausim.</em></strong></span> <span class='ocrx_word' id='word_1_81' title='bbox 835 1248 1143 1309; x_wconf 86' lang='lat' dir='ltr'><strong><em>inuenitur</em></strong></span> <span class='ocrx_word' id='word_1_82' title='bbox 1195 1248 1418 1326; x_wconf 80' lang='lat' dir='ltr'><strong><em>quippe</em></strong></span> <span class='ocrx_word' id='word_1_83' title='bbox 1473 1248 1653 1307; x_wconf 87' lang='lat' dir='ltr'><strong><em>etiam</em></strong></span> <span class='ocrx_word' id='word_1_84' title='bbox 1708 1246 1821 1307; x_wconf 90' lang='lat' dir='ltr'><strong><em>hoc</em></strong></span> <span class='ocrx_word' id='word_1_85' title='bbox 1874 1245 2211 1326; x_wconf 79' lang='lat' dir='ltr'><strong><em>prodigium</em></strong></span> <span class='ocrx_word' id='word_1_86' title='bbox 2265 1248 2329 1308; x_wconf 91' lang='lat' dir='ltr'><strong><em>in</em></strong></span> <span class='ocrx_word' id='word_1_87' title='bbox 2386 1247 2642 1309; x_wconf 87' lang='lat' dir='ltr'><strong><em>naturali</em></strong></span> 
     </span>
     <span class='ocr_line' id='line_1_11' title="bbox 345 1345 2641 1425; baseline 0 -18"><span class='ocrx_word' id='word_1_88' title='bbox 345 1348 592 1409; x_wconf 86' lang='lat' dir='ltr'><strong><em>historia</em></strong></span> <span class='ocrx_word' id='word_1_89' title='bbox 625 1348 725 1421; x_wconf 84' lang='lat' dir='ltr'><strong><em>(X</em></strong></span> <span class='ocrx_word' id='word_1_90' title='bbox 755 1346 900 1406; x_wconf 85' lang='lat'><em>135.</em></span> <span class='ocrx_word' id='word_1_91' title='bbox 941 1364 998 1407; x_wconf 85' lang='lat' dir='ltr'><strong><em>u.</em></strong></span> <span class='ocrx_word' id='word_1_92' title='bbox 1038 1346 1342 1423; x_wconf 80' lang='lat' dir='ltr'><strong><em>Detlessen</em></strong></span> <span class='ocrx_word' id='word_1_93' title='bbox 1383 1347 1536 1407; x_wconf 82' lang='lat' dir='ltr'><strong><em>Phil.</em></strong></span> <span class='ocrx_word' id='word_1_94' title='bbox 1575 1345 1665 1405; x_wconf 79' lang='lat'><strong><em>34</em></strong></span> <span class='ocrx_word' id='word_1_95' title='bbox 1697 1364 1763 1422; x_wconf 90' lang='lat' dir='ltr'><strong><em>p.</em></strong></span> <span class='ocrx_word' id='word_1_96' title='bbox 1805 1345 1936 1419; x_wconf 76' lang='lat'><em>42).</em></span> <span class='ocrx_word' id='word_1_97' title='bbox 2000 1352 2125 1407; x_wconf 88' lang='lat' dir='ltr'><strong><em>tum</em></strong></span> <span class='ocrx_word' id='word_1_98' title='bbox 2171 1363 2317 1406; x_wconf 86' lang='lat' dir='ltr'><strong><em>uero</em></strong></span> <span class='ocrx_word' id='word_1_99' title='bbox 2364 1345 2641 1425; x_wconf 85' lang='lat' dir='ltr'><strong><em>Plinium,</em></strong></span> 
     </span>
     <span class='ocr_line' id='line_1_12' title="bbox 345 1441 2644 1524; baseline 0 -18"><span class='ocrx_word' id='word_1_100' title='bbox 345 1448 457 1507; x_wconf 87' lang='lat' dir='ltr'><strong><em>etsi</em></strong></span> <span class='ocrx_word' id='word_1_101' title='bbox 517 1447 662 1506; x_wconf 89' lang='lat' dir='ltr'><strong><em>item</em></strong></span> <span class='ocrx_word' id='word_1_102' title='bbox 719 1462 836 1507; x_wconf 91' lang='lat' dir='ltr'><strong><em>non</em></strong></span> <span class='ocrx_word' id='word_1_103' title='bbox 893 1446 1243 1523; x_wconf 88' lang='lat' dir='ltr'><strong><em>nominauit,</em></strong></span> <span class='ocrx_word' id='word_1_104' title='bbox 1299 1452 1498 1505; x_wconf 89' lang='lat' dir='ltr'><strong><em>tamen</em></strong></span> <span class='ocrx_word' id='word_1_105' title='bbox 1545 1444 1690 1504; x_wconf 88' lang='lat' dir='ltr'><strong><em>satis</em></strong></span> <span class='ocrx_word' id='word_1_106' title='bbox 1738 1450 1940 1523; x_wconf 86' lang='lat' dir='ltr'><strong><em>aperte</em></strong></span> <span class='ocrx_word' id='word_1_107' title='bbox 1988 1444 2349 1523; x_wconf 79' lang='lat' dir='ltr'><strong><em>significauit</em></strong></span> <span class='ocrx_word' id='word_1_108' title='bbox 2392 1444 2445 1506; x_wconf 91' lang='lat' dir='ltr'><strong><em>Il</em></strong></span> <span class='ocrx_word' id='word_1_109' title='bbox 2498 1441 2644 1524; x_wconf 90' lang='lat'><strong><em>101,</em></strong></span> 
     </span>
     <span class='ocr_line' id='line_1_13' title="bbox 341 1540 2643 1624; baseline 0 -19"><span class='ocrx_word' id='word_1_110' title='bbox 341 1544 446 1605; x_wconf 81' lang='lat' dir='ltr'><strong><em>uhi</em></strong></span> <span class='ocrx_word' id='word_1_111' title='bbox 493 1550 814 1624; x_wconf 84' lang='lat' dir='ltr'><strong><em>postquam</em></strong></span> <span class='ocrx_word' id='word_1_112' title='bbox 860 1545 925 1604; x_wconf 77' lang='lat' dir='ltr'><strong><em>A.</em></strong></span> <span class='ocrx_word' id='word_1_113' title='bbox 955 1541 1243 1603; x_wconf 77' lang='lat' dir='ltr'><strong><em>Caecinae</em></strong></span> <span class='ocrx_word' id='word_1_114' title='bbox 1291 1550 1350 1603; x_wconf 90' lang='lat' dir='ltr'><strong><em>et</em></strong></span> <span class='ocrx_word' id='word_1_115' title='bbox 1395 1540 1610 1604; x_wconf 83' lang='lat' dir='ltr'><strong><em>Lucilii</em></strong></span> <span class='ocrx_word' id='word_1_116' title='bbox 1657 1541 1825 1603; x_wconf 82' lang='lat' dir='ltr'><strong><em>Bassi</em></strong></span> <span class='ocrx_word' id='word_1_117' title='bbox 1874 1560 1904 1603; x_wconf 92' lang='lat' dir='ltr'><strong><em>a</em></strong></span> <span class='ocrx_word' id='word_1_118' title='bbox 1943 1541 2176 1603; x_wconf 88' lang='lat' dir='ltr'><strong><em>Vitellio</em></strong></span> <span class='ocrx_word' id='word_1_119' title='bbox 2216 1542 2287 1604; x_wconf 86' lang='lat' dir='ltr'><strong><em>ad</em></strong></span> <span class='ocrx_word' id='word_1_120' title='bbox 2327 1542 2643 1605; x_wconf 81' lang='lat' dir='ltr'><strong><em>Flauianos</em></strong></span> 
     </span>
     <span class='ocr_line' id='line_1_14' title="bbox 345 1638 2643 1719; baseline 0 -16"><span class='ocrx_word' id='word_1_121' title='bbox 345 1642 740 1704; x_wconf 79' lang='lat' dir='ltr'><strong><em>defectionem</em></strong></span> <span class='ocrx_word' id='word_1_122' title='bbox 798 1642 1093 1719; x_wconf 84' lang='lat' dir='ltr'><strong><em>narrauit,</em></strong></span> <span class='ocrx_word' id='word_1_123' title='bbox 1149 1642 1236 1701; x_wconf 87' lang='lat' dir='ltr'><strong><em>sic</em></strong></span> <span class='ocrx_word' id='word_1_124' title='bbox 1297 1638 1514 1701; x_wconf 83' lang='lat' dir='ltr'><strong><em>librum</em></strong></span> <span class='ocrx_word' id='word_1_125' title='bbox 1578 1639 1821 1702; x_wconf 89' lang='lat' dir='ltr'><strong><em>clausit:</em></strong></span> <span class='ocrx_word' id='word_1_126' title='bbox 1884 1641 2231 1718; x_wconf 84' lang='lat' dir='ltr'><strong><em>Scriptores</em></strong></span> <span class='ocrx_word' id='word_1_127' title='bbox 2291 1649 2643 1719; x_wconf 85' lang='lat' dir='ltr'><strong><em>temporum,</em></strong></span> 
     </span>
     <span class='ocr_line' id='line_1_15' title="bbox 343 1741 2641 1819; baseline 0 -17"><span class='ocrx_word' id='word_1_128' title='bbox 343 1746 450 1817; x_wconf 77' lang='lat' dir='ltr'><strong><em>qm·</em></strong></span> <span class='ocrx_word' id='word_1_129' title='bbox 483 1745 765 1819; x_wconf 84' lang='lat' dir='ltr'><strong><em>potiente</em></strong></span> <span class='ocrx_word' id='word_1_130' title='bbox 808 1758 1018 1801; x_wconf 87' lang='lat' dir='ltr'><strong><em>rerum</em></strong></span> <span class='ocrx_word' id='word_1_131' title='bbox 1064 1741 1288 1800; x_wconf 72' lang='lat' dir='ltr'><strong><em>Hauia</em></strong></span> <span class='ocrx_word' id='word_1_132' title='bbox 1325 1742 1500 1801; x_wconf 86' lang='lat' dir='ltr'><strong><em>domo</em></strong></span> <span class='ocrx_word' id='word_1_133' title='bbox 1554 1748 1941 1801; x_wconf 82' lang='lat' dir='ltr'><strong><em>monumenta</em></strong></span> <span class='ocrx_word' id='word_1_134' title='bbox 1996 1741 2139 1801; x_wconf 82' lang='lat' dir='ltr'><strong><em>belli</em></strong></span> <span class='ocrx_word' id='word_1_135' title='bbox 2180 1741 2437 1803; x_wconf 87' lang='lat' dir='ltr'><strong><em>huiusce</em></strong></span> <span class='ocrx_word' id='word_1_136' title='bbox 2484 1758 2641 1802; x_wconf 88' lang='lat' dir='ltr'><strong><em>com-</em></strong></span> 
     </span>
     <span class='ocr_line' id='line_1_16' title="bbox 331 1840 2641 1917; baseline 0 -16"><span class='ocrx_word' id='word_1_137' title='bbox 331 1847 709 1917; x_wconf 83' lang='lat' dir='ltr'><strong><em>posuerunt,</em></strong></span> <span class='ocrx_word' id='word_1_138' title='bbox 766 1856 982 1900; x_wconf 86' lang='lat' dir='ltr'><strong><em>curam</em></strong></span> <span class='ocrx_word' id='word_1_139' title='bbox 1015 1842 1201 1915; x_wconf 82' lang='lat' dir='ltr'><strong><em>pacis</em></strong></span> <span class='ocrx_word' id='word_1_140' title='bbox 1254 1844 1313 1899; x_wconf 88' lang='lat' dir='ltr'><strong><em>et</em></strong></span> <span class='ocrx_word' id='word_1_141' title='bbox 1369 1855 1635 1899; x_wconf 88' lang='lat' dir='ltr'><strong><em>amorem</em></strong></span> <span class='ocrx_word' id='word_1_142' title='bbox 1690 1842 1786 1899; x_wconf 87' lang='lat' dir='ltr'><strong><em>rei</em></strong></span> <span class='ocrx_word' id='word_1_143' title='bbox 1816 1840 2137 1915; x_wconf 81' lang='lat' dir='ltr'><strong><em>publicae,</em></strong></span> <span class='ocrx_word' id='word_1_144' title='bbox 2196 1848 2524 1917; x_wconf 89' lang='lat' dir='ltr'><strong><em>corruptas</em></strong></span> <span class='ocrx_word' id='word_1_145' title='bbox 2578 1845 2641 1902; x_wconf 88' lang='lat' dir='ltr'><strong><em>in</em></strong></span> 
     </span>
     <span class='ocr_line' id='line_1_17' title="bbox 343 1938 2644 2013; baseline 0 -14"><span class='ocrx_word' id='word_1_146' title='bbox 343 1941 763 2000; x_wconf 76' lang='lat' dir='ltr'><strong><em>adulationem</em></strong></span> <span class='ocrx_word' id='word_1_147' title='bbox 811 1954 1050 2012; x_wconf 79' lang='lat' dir='ltr'><strong><em>causas,</em></strong></span> <span class='ocrx_word' id='word_1_148' title='bbox 1105 1938 1438 1998; x_wconf 86' lang='lat' dir='ltr'><strong><em>tradidere.</em></strong></span> <span class='ocrx_word' id='word_1_149' title='bbox 1512 1938 1687 1998; x_wconf 82' lang='lat' dir='ltr'><strong><em>nobis</em></strong></span> <span class='ocrx_word' id='word_1_150' title='bbox 1738 1954 1923 2013; x_wconf 83' lang='lat' dir='ltr'><strong><em>super</em></strong></span> <span class='ocrx_word' id='word_1_151' title='bbox 1960 1940 2205 1998; x_wconf 85' lang='lat' dir='ltr'><strong><em>insitam</em></strong></span> <span class='ocrx_word' id='word_1_152' title='bbox 2240 1940 2549 1999; x_wconf 87' lang='lat' dir='ltr'><strong><em>leuitatem</em></strong></span> <span class='ocrx_word' id='word_1_153' title='bbox 2586 1946 2644 2000; x_wconf 88' lang='lat' dir='ltr'><strong><em>et</em></strong></span> 
     </span>
     <span class='ocr_line' id='line_1_18' title="bbox 331 2037 2643 2116; baseline 0 -18"><span class='ocrx_word' id='word_1_154' title='bbox 331 2039 590 2114; x_wconf 85' lang='lat' dir='ltr'><strong><em>prodito</em></strong></span> <span class='ocrx_word' id='word_1_155' title='bbox 644 2038 839 2097; x_wconf 83' lang='lat' dir='ltr'><strong><em>Galba</em></strong></span> <span class='ocrx_word' id='word_1_156' title='bbox 893 2038 1074 2097; x_wconf 87' lang='lat' dir='ltr'><strong><em>uilem</em></strong></span> <span class='ocrx_word' id='word_1_157' title='bbox 1127 2053 1270 2097; x_wconf 77' lang='lat' dir='ltr'><strong><em>mox</em></strong></span> <span class='ocrx_word' id='word_1_158' title='bbox 1319 2037 1504 2110; x_wconf 80' lang='lat' dir='ltr'><strong><em>fidem</em></strong></span> <span class='ocrx_word' id='word_1_159' title='bbox 1560 2038 1969 2097; x_wconf 85' lang='lat' dir='ltr'><strong><em>aemulatione</em></strong></span> <span class='ocrx_word' id='word_1_160' title='bbox 2026 2039 2210 2097; x_wconf 87' lang='lat' dir='ltr'><strong><em>etiam</em></strong></span> <span class='ocrx_word' id='word_1_161' title='bbox 2266 2039 2643 2116; x_wconf 81' lang='lat' dir='ltr'><strong><em>inuidiaque,</em></strong></span> 
     </span>
     <span class='ocr_line' id='line_1_19' title="bbox 342 2135 2641 2213; baseline 0 -17"><span class='ocrx_word' id='word_1_162' title='bbox 342 2155 418 2197; x_wconf 85' lang='lat' dir='ltr'><strong><em>ne</em></strong></span> <span class='ocrx_word' id='word_1_163' title='bbox 464 2138 546 2197; x_wconf 77' lang='lat' dir='ltr'><strong><em>ab</em></strong></span> <span class='ocrx_word' id='word_1_164' title='bbox 592 2138 738 2196; x_wconf 86' lang='lat' dir='ltr'><strong><em>aliis</em></strong></span> <span class='ocrx_word' id='word_1_165' title='bbox 782 2136 954 2211; x_wconf 88' lang='lat' dir='ltr'><strong><em>apud</em></strong></span> <span class='ocrx_word' id='word_1_166' title='bbox 1010 2135 1304 2196; x_wconf 86' lang='lat' dir='ltr'><strong><em>Vitellium</em></strong></span> <span class='ocrx_word' id='word_1_167' title='bbox 1344 2139 1748 2208; x_wconf 86' lang='lat' dir='ltr'><strong><em>anteirentur‚</em></strong></span> <span class='ocrx_word' id='word_1_168' title='bbox 1781 2138 2164 2211; x_wconf 86' lang='lat' dir='ltr'><strong><em>peruertisse</em></strong></span> <span class='ocrx_word' id='word_1_169' title='bbox 2200 2139 2392 2213; x_wconf 85' lang='lat' dir='ltr'><strong><em>ipsum</em></strong></span> <span class='ocrx_word' id='word_1_170' title='bbox 2432 2138 2641 2197; x_wconf 87' lang='lat' dir='ltr'><strong><em>uiden·</em></strong></span> 
     </span>
     <span class='ocr_line' id='line_1_20' title="bbox 345 2231 2643 2313; baseline 0 -20"><span class='ocrx_word' id='word_1_171' title='bbox 345 2241 462 2295; x_wconf 83' lang='lat' dir='ltr'><strong><em>tur.</em></strong></span> <span class='ocrx_word' id='word_1_172' title='bbox 579 2232 938 2313; x_wconf 85' lang='lat' dir='ltr'><strong><em>cosdemque</em></strong></span> <span class='ocrx_word' id='word_1_173' title='bbox 1013 2240 1348 2312; x_wconf 83' lang='lat' dir='ltr'><strong><em>temporum</em></strong></span> <span class='ocrx_word' id='word_1_174' title='bbox 1432 2231 1849 2293; x_wconf 81' lang='lat' dir='ltr'><strong><em>Flauianorum</em></strong></span> <span class='ocrx_word' id='word_1_175' title='bbox 1924 2234 2253 2313; x_wconf 82' lang='lat' dir='ltr'><strong><em>scriptores</em></strong></span> <span class='ocrx_word' id='word_1_176' title='bbox 2318 2234 2379 2294; x_wconf 90' lang='lat' dir='ltr'><strong><em>in</em></strong></span> <span class='ocrx_word' id='word_1_177' title='bbox 2444 2234 2643 2295; x_wconf 89' lang='lat' dir='ltr'><strong><em>animo</em></strong></span> 
     </span>
     <span class='ocr_line' id='line_1_21' title="bbox 345 2329 2645 2411; baseline 0 -19"><span class='ocrx_word' id='word_1_178' title='bbox 345 2330 525 2393; x_wconf 87' lang='lat' dir='ltr'><strong><em>habet</em></strong></span> <span class='ocrx_word' id='word_1_179' title='bbox 579 2334 644 2392; x_wconf 91' lang='lat' dir='ltr'><strong><em>in</em></strong></span> <span class='ocrx_word' id='word_1_180' title='bbox 701 2331 912 2393; x_wconf 85' lang='lat' dir='ltr'><strong><em>ultimo</em></strong></span> <span class='ocrx_word' id='word_1_181' title='bbox 961 2332 1152 2411; x_wconf 83' lang='lat' dir='ltr'><strong><em>capite</em></strong></span> <span class='ocrx_word' id='word_1_182' title='bbox 1200 2332 1570 2411; x_wconf 87' lang='lat' dir='ltr'><strong><em>insequentis</em></strong></span> <span class='ocrx_word' id='word_1_183' title='bbox 1622 2329 1763 2391; x_wconf 81' lang='lat' dir='ltr'><strong><em>libri</em></strong></span> <span class='ocrx_word' id='word_1_184' title='bbox 1811 2330 1954 2404; x_wconf 89' lang='lat' dir='ltr'><strong><em>(III</em></strong></span> <span class='ocrx_word' id='word_1_185' title='bbox 1980 2329 2129 2404; x_wconf 79' lang='lat'><em>86).·</em></span> <span class='ocrx_word' id='word_1_186' title='bbox 2186 2332 2307 2392; x_wconf 83' lang='lat' dir='ltr'><strong><em>Rei</em></strong></span> <span class='ocrx_word' id='word_1_187' title='bbox 2348 2334 2645 2410; x_wconf 81' lang='lat' dir='ltr'><strong><em>publicae</em></strong></span> 
     </span>
     <span class='ocr_line' id='line_1_22' title="bbox 342 2430 2643 2508; baseline 0 -16"><span class='ocrx_word' id='word_1_188' title='bbox 342 2434 518 2493; x_wconf 86' lang='lat' dir='ltr'><strong><em>haud</em></strong></span> <span class='ocrx_word' id='word_1_189' title='bbox 572 2433 757 2493; x_wconf 82' lang='lat' dir='ltr'><strong><em>dubie</em></strong></span> <span class='ocrx_word' id='word_1_190' title='bbox 811 2434 1114 2492; x_wconf 86' lang='lat' dir='ltr'><strong><em>intererat</em></strong></span> <span class='ocrx_word' id='word_1_191' title='bbox 1173 2431 1471 2491; x_wconf 81' lang='lat' dir='ltr'><strong><em>Vitellium</em></strong></span> <span class='ocrx_word' id='word_1_192' title='bbox 1529 2433 1725 2503; x_wconf 85' lang='lat' dir='ltr'><strong><em>uinci,</em></strong></span> <span class='ocrx_word' id='word_1_193' title='bbox 1788 2430 1901 2489; x_wconf 87' lang='lat' dir='ltr'><strong><em>sed</em></strong></span> <span class='ocrx_word' id='word_1_194' title='bbox 1960 2431 2267 2507; x_wconf 87' lang='lat' dir='ltr'><strong><em>imputare</em></strong></span> <span class='ocrx_word' id='word_1_195' title='bbox 2307 2433 2643 2508; x_wconf 81' lang='lat' dir='ltr'><strong><em>perfidiam</em></strong></span> 
     </span>
     <span class='ocr_line' id='line_1_23' title="bbox 345 2529 2644 2607; baseline 0 -17"><span class='ocrx_word' id='word_1_196' title='bbox 345 2546 466 2592; x_wconf 82' lang='lat' dir='ltr'><strong><em>non</em></strong></span> <span class='ocrx_word' id='word_1_197' title='bbox 498 2537 765 2607; x_wconf 87' lang='lat' dir='ltr'><strong><em>possunt</em></strong></span> <span class='ocrx_word' id='word_1_198' title='bbox 811 2532 918 2604; x_wconf 81' lang='lat' dir='ltr'><strong><em>qui</em></strong></span> <span class='ocrx_word' id='word_1_199' title='bbox 976 2530 1274 2590; x_wconf 86' lang='lat' dir='ltr'><strong><em>Vitellium</em></strong></span> <span class='ocrx_word' id='word_1_200' title='bbox 1335 2529 1705 2606; x_wconf 76' lang='lat' dir='ltr'><strong><em>Vespasiano</em></strong></span> <span class='ocrx_word' id='word_1_201' title='bbox 1739 2530 2107 2605; x_wconf 83' lang='lat' dir='ltr'><strong><em>prodidere,</em></strong></span> <span class='ocrx_word' id='word_1_202' title='bbox 2165 2546 2301 2589; x_wconf 87' lang='lat' dir='ltr'><strong><em>cum</em></strong></span> <span class='ocrx_word' id='word_1_203' title='bbox 2357 2548 2397 2589; x_wconf 91' lang='lat' dir='ltr'><strong><em>a</em></strong></span> <span class='ocrx_word' id='word_1_204' title='bbox 2450 2530 2644 2591; x_wconf 82' lang='lat' dir='ltr'><strong><em>Galba</em></strong></span> 
     </span>
     <span class='ocr_line' id='line_1_24' title="bbox 347 2631 764 2690; baseline -0.005 -1"><span class='ocrx_word' id='word_1_205' title='bbox 347 2631 764 2690; x_wconf 86' lang='lat' dir='ltr'><strong><em>desciuissent.</em></strong></span> 
     </span>
    </p>

    <p class='ocr_par' dir='ltr' id='par_1_3' title="bbox 341 2722 2643 3499">
     <span class='ocr_line' id='line_1_25' title="bbox 523 2722 2639 2805; baseline 0 -19"><span class='ocrx_word' id='word_1_206' title='bbox 523 2725 730 2804; x_wconf 86' lang='lat' dir='ltr'><strong><em>ltaque</em></strong></span> <span class='ocrx_word' id='word_1_207' title='bbox 776 2724 1038 2803; x_wconf 78' lang='lat' dir='ltr'><strong><em>TacituS,</em></strong></span> <span class='ocrx_word' id='word_1_208' title='bbox 1091 2740 1448 2805; x_wconf 87' lang='lat' dir='ltr'><strong><em>quamquam</em></strong></span> <span class='ocrx_word' id='word_1_209' title='bbox 1505 2722 1947 2785; x_wconf 84' lang='lat' dir='ltr'><strong><em>multitudinem</em></strong></span> <span class='ocrx_word' id='word_1_210' title='bbox 2004 2727 2267 2788; x_wconf 86' lang='lat' dir='ltr'><strong><em>ominum</em></strong></span> <span class='ocrx_word' id='word_1_211' title='bbox 2328 2726 2639 2787; x_wconf 85' lang='lat' dir='ltr'><strong><em>miraculo-</em></strong></span> 
     </span>
     <span class='ocr_line' id='line_1_26' title="bbox 345 2818 2641 2906; baseline 0 -21"><span class='ocrx_word' id='word_1_212' title='bbox 345 2842 620 2904; x_wconf 81' lang='lat' dir='ltr'><strong><em>rumque,</em></strong></span> <span class='ocrx_word' id='word_1_213' title='bbox 658 2822 874 2903; x_wconf 88' lang='lat' dir='ltr'><strong><em>quibus</em></strong></span> <span class='ocrx_word' id='word_1_214' title='bbox 901 2823 1260 2903; x_wconf 76' lang='lat' dir='ltr'><strong><em>Vespasiano</em></strong></span> <span class='ocrx_word' id='word_1_215' title='bbox 1289 2825 1608 2905; x_wconf 86' lang='lat' dir='ltr'><strong><em>imperium</em></strong></span> <span class='ocrx_word' id='word_1_216' title='bbox 1636 2830 1977 2903; x_wconf 81' lang='lat' dir='ltr'><strong><em>portentum</em></strong></span> <span class='ocrx_word' id='word_1_217' title='bbox 2008 2830 2136 2884; x_wconf 85' lang='lat' dir='ltr'><strong><em>erat</em></strong></span> <span class='ocrx_word' id='word_1_218' title='bbox 2155 2818 2227 2906; x_wconf 83' lang='lat'><strong><em>⁸),</em></strong></span> <span class='ocrx_word' id='word_1_219' title='bbox 2248 2842 2367 2885; x_wconf 91' lang='lat' dir='ltr'><strong><em>non</em></strong></span> <span class='ocrx_word' id='word_1_220' title='bbox 2396 2827 2641 2887; x_wconf 91' lang='lat' dir='ltr'><strong><em>omnino</em></strong></span> 
     </span>
     <span class='ocr_line' id='line_1_27' title="bbox 343 2921 2639 3005; baseline -0 -21"><span class='ocrx_word' id='word_1_221' title='bbox 343 2922 584 2985; x_wconf 86' lang='lat' dir='ltr'><strong><em>silentio</em></strong></span> <span class='ocrx_word' id='word_1_222' title='bbox 631 2924 887 2983; x_wconf 85' lang='lat' dir='ltr'><strong><em>transire</em></strong></span> <span class='ocrx_word' id='word_1_223' title='bbox 935 2923 1126 3001; x_wconf 82' lang='lat' dir='ltr'><strong><em>potuit</em></strong></span> <span class='ocrx_word' id='word_1_224' title='bbox 1173 2923 1346 2994; x_wconf 88' lang='lat' dir='ltr'><strong><em>(hist.</em></strong></span> <span class='ocrx_word' id='word_1_225' title='bbox 1380 2923 1484 2984; x_wconf 83' lang='lat' dir='ltr'><strong><em>IV</em></strong></span> <span class='ocrx_word' id='word_1_226' title='bbox 1510 2921 1596 2983; x_wconf 88' lang='grc'><strong><em>82</em></strong></span> <span class='ocrx_word' id='word_1_227' title='bbox 1615 2940 1702 2999; x_wconf 81' lang='lat' dir='ltr'><strong><em>sq.</em></strong></span> <span class='ocrx_word' id='word_1_228' title='bbox 1752 2922 1831 2982; x_wconf 88' lang='lat' dir='ltr'><strong><em>II</em></strong></span> <span class='ocrx_word' id='word_1_229' title='bbox 1861 2922 1973 2997; x_wconf 88' lang='grc'><strong><em>78)</em></strong></span> <span class='ocrx_word' id='word_1_230' title='bbox 2021 2940 2133 2983; x_wconf 88' lang='lat' dir='ltr'><strong><em>nec</em></strong></span> <span class='ocrx_word' id='word_1_231' title='bbox 2170 2922 2424 2983; x_wconf 88' lang='lat' dir='ltr'><strong><em>Othonis</em></strong></span> <span class='ocrx_word' id='word_1_232' title='bbox 2470 2940 2639 3005; x_wconf 83' lang='lat' dir='ltr'><strong><em>prae·</em></strong></span> 
     </span>
     <span class='ocr_line' id='line_1_28' title="bbox 344 3020 2643 3102; baseline 0 -20"><span class='ocrx_word' id='word_1_233' title='bbox 344 3024 504 3102; x_wconf 80' lang='lat' dir='ltr'><strong><em>sagia</em></strong></span> <span class='ocrx_word' id='word_1_234' title='bbox 569 3022 782 3083; x_wconf 86' lang='lat' dir='ltr'><strong><em>mortis</em></strong></span> <span class='ocrx_word' id='word_1_235' title='bbox 839 3022 913 3094; x_wconf 89' lang='lat' dir='ltr'><strong><em>(I</em></strong></span> <span class='ocrx_word' id='word_1_236' title='bbox 939 3020 1082 3100; x_wconf 84' lang='grc'><strong><em>86),</em></strong></span> <span class='ocrx_word' id='word_1_237' title='bbox 1138 3028 1336 3082; x_wconf 86' lang='lat' dir='ltr'><strong><em>tamen</em></strong></span> <span class='ocrx_word' id='word_1_238' title='bbox 1399 3028 1461 3080; x_wconf 83' lang='lat' dir='ltr'><strong><em>et</em></strong></span> <span class='ocrx_word' id='word_1_239' title='bbox 1513 3020 1692 3081; x_wconf 91' lang='lat' dir='ltr'><strong><em>Plinii</em></strong></span> <span class='ocrx_word' id='word_1_240' title='bbox 1752 3022 2113 3083; x_wconf 79' lang='lat' dir='ltr'><strong><em>curiositatis</em></strong></span> <span class='ocrx_word' id='word_1_241' title='bbox 2180 3028 2522 3102; x_wconf 85' lang='lat' dir='ltr'><strong><em>contemptu</em></strong></span> <span class='ocrx_word' id='word_1_242' title='bbox 2582 3030 2643 3083; x_wconf 79' lang='lat' dir='ltr'><strong><em>et</em></strong></span> 
     </span>
     <span class='ocr_line' id='line_1_29' title="bbox 343 3118 2641 3201; baseline 0 -20"><span class='ocrx_word' id='word_1_243' title='bbox 343 3121 688 3183; x_wconf 83' lang='lat' dir='ltr'><strong><em>Flauiorum</em></strong></span> <span class='ocrx_word' id='word_1_244' title='bbox 735 3122 796 3181; x_wconf 90' lang='lat' dir='ltr'><strong><em>in</em></strong></span> <span class='ocrx_word' id='word_1_245' title='bbox 835 3118 1154 3181; x_wconf 83' lang='lat' dir='ltr'><strong><em>Domitiani</em></strong></span> <span class='ocrx_word' id='word_1_246' title='bbox 1190 3120 1500 3180; x_wconf 86' lang='lat' dir='ltr'><strong><em>saeuitiam</em></strong></span> <span class='ocrx_word' id='word_1_247' title='bbox 1547 3120 1889 3181; x_wconf 82' lang='lat' dir='ltr'><strong><em>exeuntium</em></strong></span> <span class='ocrx_word' id='word_1_248' title='bbox 1936 3120 2195 3199; x_wconf 86' lang='lat' dir='ltr'><strong><em>partium</em></strong></span> <span class='ocrx_word' id='word_1_249' title='bbox 2240 3118 2376 3181; x_wconf 88' lang='lat' dir='ltr'><strong><em>odio</em></strong></span> <span class='ocrx_word' id='word_1_250' title='bbox 2413 3122 2641 3201; x_wconf 83' lang='lat' dir='ltr'><strong><em>iraque,</em></strong></span> 
     </span>
     <span class='ocr_line' id='line_1_30' title="bbox 345 3215 2641 3299; baseline 0 -18"><span class='ocrx_word' id='word_1_251' title='bbox 345 3218 604 3299; x_wconf 83' lang='lat' dir='ltr'><strong><em>denique</em></strong></span> <span class='ocrx_word' id='word_1_252' title='bbox 653 3218 974 3280; x_wconf 88' lang='lat' dir='ltr'><strong><em>ambitione</em></strong></span> <span class='ocrx_word' id='word_1_253' title='bbox 1019 3220 1276 3279; x_wconf 85' lang='lat' dir='ltr'><strong><em>maxime</em></strong></span> <span class='ocrx_word' id='word_1_254' title='bbox 1315 3234 1446 3279; x_wconf 88' lang='lat' dir='ltr'><strong><em>esse</em></strong></span> <span class='ocrx_word' id='word_1_255' title='bbox 1483 3217 1776 3297; x_wconf 88' lang='lat' dir='ltr'><strong><em>impulsus</em></strong></span> <span class='ocrx_word' id='word_1_256' title='bbox 1812 3215 2072 3295; x_wconf 85' lang='lat' dir='ltr'><strong><em>uidetur,</em></strong></span> <span class='ocrx_word' id='word_1_257' title='bbox 2116 3225 2183 3279; x_wconf 87' lang='lat' dir='ltr'><strong><em>ut</em></strong></span> <span class='ocrx_word' id='word_1_258' title='bbox 2230 3236 2328 3279; x_wconf 84' lang='lat' dir='ltr'><strong><em>res</em></strong></span> <span class='ocrx_word' id='word_1_259' title='bbox 2375 3218 2447 3280; x_wconf 90' lang='lat' dir='ltr'><strong><em>ab</em></strong></span> <span class='ocrx_word' id='word_1_260' title='bbox 2486 3237 2641 3281; x_wconf 88' lang='lat' dir='ltr'><strong><em>anno</em></strong></span> 
     </span>
     <span class='ocr_line' id='line_1_31' title="bbox 343 3314 2641 3398; baseline 0 -19"><span class='ocrx_word' id='word_1_261' title='bbox 343 3314 604 3397; x_wconf 77' lang='lat' dir='ltr'><em>69s822</em></span> <span class='ocrx_word' id='word_1_262' title='bbox 668 3324 864 3396; x_wconf 82' lang='lat' dir='ltr'><strong><em>gestas</em></strong></span> <span class='ocrx_word' id='word_1_263' title='bbox 921 3315 1156 3395; x_wconf 83' lang='lat' dir='ltr'><strong><em>dignius</em></strong></span> <span class='ocrx_word' id='word_1_264' title='bbox 1217 3318 1574 3397; x_wconf 86' lang='lat' dir='ltr'><strong><em>grauiusque</em></strong></span> <span class='ocrx_word' id='word_1_265' title='bbox 1632 3315 1877 3377; x_wconf 86' lang='lat' dir='ltr'><strong><em>historia</em></strong></span> <span class='ocrx_word' id='word_1_266' title='bbox 1926 3326 2404 3396; x_wconf 67' lang='lat' dir='ltr'><strong><em>persequemur.</em></strong></span> <span class='ocrx_word' id='word_1_267' title='bbox 2497 3317 2641 3398; x_wconf 86' lang='lat' dir='ltr'><strong><em>quid</em></strong></span> 
     </span>
     <span class='ocr_line' id='line_1_32' title="bbox 341 3408 2640 3499; baseline 0 -21"><span class='ocrx_word' id='word_1_268' title='bbox 341 3416 502 3497; x_wconf 86' lang='lat' dir='ltr'><strong><em>qnod</em></strong></span> <span class='ocrx_word' id='word_1_269' title='bbox 550 3434 626 3477; x_wconf 91' lang='lat' dir='ltr'><strong><em>ne</em></strong></span> <span class='ocrx_word' id='word_1_270' title='bbox 673 3414 902 3477; x_wconf 84' lang='lat' dir='ltr'><strong><em>Plinius</em></strong></span> <span class='ocrx_word' id='word_1_271' title='bbox 950 3413 1192 3495; x_wconf 86' lang='lat' dir='ltr'><strong><em>quidem</em></strong></span> <span class='ocrx_word' id='word_1_272' title='bbox 1239 3417 1437 3476; x_wconf 86' lang='lat' dir='ltr'><strong><em>minor</em></strong></span> <span class='ocrx_word' id='word_1_273' title='bbox 1471 3414 1664 3476; x_wconf 86' lang='lat' dir='ltr'><strong><em>Taciti</em></strong></span> <span class='ocrx_word' id='word_1_274' title='bbox 1701 3413 1863 3475; x_wconf 88' lang='lat' dir='ltr'><strong><em>laudi</em></strong></span> <span class='ocrx_word' id='word_1_275' title='bbox 1901 3414 2120 3477; x_wconf 85' lang='lat' dir='ltr'><strong><em>inuidit</em></strong></span> <span class='ocrx_word' id='word_1_276' title='bbox 2158 3414 2265 3477; x_wconf 86' lang='lat' dir='ltr'><strong><em>sed</em></strong></span> <span class='ocrx_word' id='word_1_277' title='bbox 2302 3416 2452 3477; x_wconf 83' lang='lat' dir='ltr'><strong><em>fauit</em></strong></span> <span class='ocrx_word' id='word_1_278' title='bbox 2490 3408 2640 3499; x_wconf 85' lang='lat' dir='ltr'><strong><em>(tam</em></strong></span> 
     </span>
    </p>
   </div>
   <div class='ocr_carea' id='block_1_3' title="bbox 756 3540 826 3547">
    <p class='ocr_par' dir='ltr' id='par_1_4' title="bbox 756 3540 826 3547">
     <span class='ocr_line' id='line_1_33' title="bbox 756 3540 826 3547; baseline 0 -1"><span class='ocrx_word' id='word_1_279' title='bbox 756 3540 826 3547; x_wconf 72' lang='lat'><strong><em>——-</em></strong></span> 
     </span>
    </p>
   </div>
   <div class='ocr_carea' id='block_1_4' title="bbox 343 3540 747 3549">
    <p class='ocr_par' dir='ltr' id='par_1_5' title="bbox 343 3540 747 3549">
     <span class='ocr_line' id='line_1_34' title="bbox 343 3540 747 3549; baseline 0 1485"><span class='ocrx_word' id='word_1_280' title='bbox 343 3540 747 3549; x_wconf 95' lang='lat' dir='ltr'><strong><em> </em></strong></span> 
     </span>
    </p>
   </div>
   <div class='ocr_carea' id='block_1_5' title="bbox 337 3592 2639 4158">
    <p class='ocr_par' dir='ltr' id='par_1_6' title="bbox 337 3592 2639 4055">
     <span class='ocr_line' id='line_1_35' title="bbox 523 3592 2639 3667; baseline 0 -16"><span class='ocrx_word' id='word_1_281' title='bbox 523 3600 576 3667; x_wconf 90' lang='lat'><strong><em>1)</em></strong></span> <span class='ocrx_word' id='word_1_282' title='bbox 617 3594 868 3651; x_wconf 81' lang='lat' dir='ltr'><strong><em>Similem</em></strong></span> <span class='ocrx_word' id='word_1_283' title='bbox 898 3595 1282 3651; x_wconf 74' lang='lat' dir='ltr'><strong><em>curiositatem</em></strong></span> <span class='ocrx_word' id='word_1_284' title='bbox 1311 3592 1539 3650; x_wconf 75' lang='lat' dir='ltr'><strong><em>Tacitus</em></strong></span> <span class='ocrx_word' id='word_1_285' title='bbox 1577 3594 1772 3667; x_wconf 77' lang='lat' dir='ltr'><strong><em>ignoto</em></strong></span> <span class='ocrx_word' id='word_1_286' title='bbox 1810 3594 1983 3651; x_wconf 81' lang='lat' dir='ltr'><strong><em>alicui</em></strong></span> <span class='ocrx_word' id='word_1_287' title='bbox 2022 3594 2123 3650; x_wconf 90' lang='lat' dir='ltr'><strong><em>XV</em></strong></span> <span class='ocrx_word' id='word_1_288' title='bbox 2152 3601 2217 3651; x_wconf 76' lang='lat'><strong><em>41</em></strong></span> <span class='ocrx_word' id='word_1_289' title='bbox 2250 3596 2639 3667; x_wconf 76' lang='lat' dir='ltr'><strong><em>exprobrauit:</em></strong></span> 
     </span>
     <span class='ocr_line' id='line_1_36' title="bbox 337 3676 2639 3747; baseline -0 -13"><span class='ocrx_word' id='word_1_290' title='bbox 337 3679 492 3744; x_wconf 76' lang='lat' dir='ltr'><strong><em>fuere</em></strong></span> <span class='ocrx_word' id='word_1_291' title='bbox 520 3679 620 3747; x_wconf 76' lang='lat' dir='ltr'><strong><em>qui</em></strong></span> <span class='ocrx_word' id='word_1_292' title='bbox 646 3678 978 3733; x_wconf 75' lang='lat' dir='ltr'><strong><em>adnotarent</em></strong></span> <span class='ocrx_word' id='word_1_293' title='bbox 1005 3678 1211 3733; x_wconf 84' lang='lat' dir='ltr'><strong><em>XIIII</em></strong></span> <span class='ocrx_word' id='word_1_294' title='bbox 1231 3676 1339 3731; x_wconf 79' lang='lat' dir='ltr'><strong><em>kal.</em></strong></span> <span class='ocrx_word' id='word_1_295' title='bbox 1359 3678 1588 3733; x_wconf 78' lang='lat' dir='ltr'><strong><em>Sextiles</em></strong></span> <span class='ocrx_word' id='word_1_296' title='bbox 1607 3677 1953 3747; x_wconf 79' lang='lat' dir='ltr'><strong><em>principium</em></strong></span> <span class='ocrx_word' id='word_1_297' title='bbox 1980 3676 2226 3733; x_wconf 81' lang='lat' dir='ltr'><strong><em>incendii</em></strong></span> <span class='ocrx_word' id='word_1_298' title='bbox 2250 3678 2418 3733; x_wconf 78' lang='lat' dir='ltr'><strong><em>huius</em></strong></span> <span class='ocrx_word' id='word_1_299' title='bbox 2443 3686 2639 3745; x_wconf 78' lang='lat' dir='ltr'><strong><em>ortmn,</em></strong></span> 
     </span>
     <span class='ocr_line' id='line_1_37' title="bbox 340 3757 2636 3829; baseline -0 -15"><span class='ocrx_word' id='word_1_300' title='bbox 340 3775 446 3828; x_wconf 69' lang='lat' dir='ltr'><strong><em>quo</em></strong></span> <span class='ocrx_word' id='word_1_301' title='bbox 491 3764 545 3814; x_wconf 78' lang='lat' dir='ltr'><strong><em>et</em></strong></span> <span class='ocrx_word' id='word_1_302' title='bbox 580 3758 816 3813; x_wconf 80' lang='lat' dir='ltr'><strong><em>Senones</em></strong></span> <span class='ocrx_word' id='word_1_303' title='bbox 859 3764 1078 3827; x_wconf 77' lang='lat' dir='ltr'><strong><em>captam</em></strong></span> <span class='ocrx_word' id='word_1_304' title='bbox 1122 3760 1308 3813; x_wconf 81' lang='lat' dir='ltr'><strong><em>urbem</em></strong></span> <span class='ocrx_word' id='word_1_305' title='bbox 1353 3758 1838 3826; x_wconf 76' lang='lat' dir='ltr'><strong><em>inflamnmuerint.</em></strong></span> <span class='ocrx_word' id='word_1_306' title='bbox 1894 3757 2000 3811; x_wconf 82' lang='lat' dir='ltr'><strong><em>alii</em></strong></span> <span class='ocrx_word' id='word_1_307' title='bbox 2043 3774 2103 3813; x_wconf 86' lang='lat' dir='ltr'><strong><em>eo</em></strong></span> <span class='ocrx_word' id='word_1_308' title='bbox 2143 3775 2307 3829; x_wconf 77' lang='lat' dir='ltr'><strong><em>usque</em></strong></span> <span class='ocrx_word' id='word_1_309' title='bbox 2342 3776 2479 3813; x_wconf 84' lang='lat' dir='ltr'><strong><em>cura</em></strong></span> <span class='ocrx_word' id='word_1_310' title='bbox 2506 3775 2636 3829; x_wconf 84' lang='lat' dir='ltr'><strong><em>pro-</em></strong></span> 
     </span>
     <span class='ocr_line' id='line_1_38' title="bbox 337 3837 2639 3910; baseline -0.001 -13"><span class='ocrx_word' id='word_1_311' title='bbox 337 3840 512 3910; x_wconf 63' lang='lat' dir='ltr'><strong><em>gressi</em></strong></span> <span class='ocrx_word' id='word_1_312' title='bbox 554 3844 703 3905; x_wconf 79' lang='lat' dir='ltr'><strong><em>sunt,</em></strong></span> <span class='ocrx_word' id='word_1_313' title='bbox 748 3844 810 3892; x_wconf 78' lang='lat' dir='ltr'><strong><em>ut</em></strong></span> <span class='ocrx_word' id='word_1_314' title='bbox 857 3838 1076 3893; x_wconf 77' lang='lat' dir='ltr'><strong><em>totidem</em></strong></span> <span class='ocrx_word' id='word_1_315' title='bbox 1123 3854 1299 3893; x_wconf 77' lang='lat' dir='ltr'><strong><em>annos</em></strong></span> <span class='ocrx_word' id='word_1_316' title='bbox 1344 3854 1649 3907; x_wconf 74' lang='lat' dir='ltr'><strong><em>muscaque</em></strong></span> <span class='ocrx_word' id='word_1_317' title='bbox 1695 3843 1745 3892; x_wconf 79' lang='lat' dir='ltr'><strong><em>et</em></strong></span> <span class='ocrx_word' id='word_1_318' title='bbox 1780 3837 1897 3893; x_wconf 82' lang='lat' dir='ltr'><strong><em>dies</em></strong></span> <span class='ocrx_word' id='word_1_319' title='bbox 1932 3838 2077 3893; x_wconf 77' lang='lat' dir='ltr'><strong><em>inter</em></strong></span> <span class='ocrx_word' id='word_1_320' title='bbox 2112 3842 2343 3909; x_wconf 73' lang='lat' dir='ltr'><strong><em>utraque</em></strong></span> <span class='ocrx_word' id='word_1_321' title='bbox 2384 3839 2639 3894; x_wconf 81' lang='lat' dir='ltr'><strong><em>incendia</em></strong></span> 
     </span>
     <span class='ocr_line' id='line_1_39' title="bbox 339 3916 2637 3988; baseline 0 -15"><span class='ocrx_word' id='word_1_322' title='bbox 339 3924 638 3975; x_wconf 69' lang='lat' dir='ltr'><strong><em>numerent.</em></strong></span> <span class='ocrx_word' id='word_1_323' title='bbox 703 3918 856 3987; x_wconf 84' lang='lat' dir='ltr'><strong><em>quod</em></strong></span> <span class='ocrx_word' id='word_1_324' title='bbox 901 3916 1104 3971; x_wconf 82' lang='lat' dir='ltr'><strong><em>Nissen</em></strong></span> <span class='ocrx_word' id='word_1_325' title='bbox 1149 3936 1204 3987; x_wconf 88' lang='lat' dir='ltr'><strong><em>p.</em></strong></span> <span class='ocrx_word' id='word_1_326' title='bbox 1235 3922 1339 3972; x_wconf 86' lang='lat'><strong><em>280</em></strong></span> <span class='ocrx_word' id='word_1_327' title='bbox 1377 3920 1434 3971; x_wconf 74' lang='lat' dir='ltr'><strong><em>et</em></strong></span> <span class='ocrx_word' id='word_1_328' title='bbox 1471 3916 1685 3971; x_wconf 82' lang='lat' dir='ltr'><strong><em>Gercke</em></strong></span> <span class='ocrx_word' id='word_1_329' title='bbox 1720 3936 1773 3988; x_wconf 88' lang='lat' dir='ltr'><strong><em>p.</em></strong></span> <span class='ocrx_word' id='word_1_330' title='bbox 1806 3923 1911 3972; x_wconf 90' lang='grc'><strong><em>208</em></strong></span> <span class='ocrx_word' id='word_1_331' title='bbox 1957 3916 2093 3972; x_wconf 79' lang='lat' dir='ltr'><strong><em>item</em></strong></span> <span class='ocrx_word' id='word_1_332' title='bbox 2142 3918 2215 3971; x_wconf 83' lang='lat' dir='ltr'><strong><em>ad</em></strong></span> <span class='ocrx_word' id='word_1_333' title='bbox 2262 3916 2507 3972; x_wconf 87' lang='lat' dir='ltr'><strong><em>Plinium</em></strong></span> <span class='ocrx_word' id='word_1_334' title='bbox 2553 3934 2637 3973; x_wconf 86' lang='lat' dir='ltr'><strong><em>re-</em></strong></span> 
     </span>
     <span class='ocr_line' id='line_1_40' title="bbox 339 4000 2447 4055; baseline -0.001 -2"><span class='ocrx_word' id='word_1_335' title='bbox 339 4000 546 4055; x_wconf 71' lang='lat' dir='ltr'><strong><em>ferunt.</em></strong></span> <span class='ocrx_word' id='word_1_336' title='bbox 599 4032 604 4037; x_wconf 85' lang='lat'>-</span> <span class='ocrx_word' id='word_1_337' title='bbox 2422 4010 2447 4037; x_wconf 89' lang='lat'><strong>·</strong></span> 
     </span>
    </p>

    <p class='ocr_par' dir='ltr' id='par_1_7' title="bbox 517 4086 2638 4158">
     <span class='ocr_line' id='line_1_41' title="bbox 517 4086 2638 4158; baseline 0 -16"><span class='ocrx_word' id='word_1_338' title='bbox 517 4092 574 4157; x_wconf 88' lang='grc'><strong><em>2)</em></strong></span> <span class='ocrx_word' id='word_1_339' title='bbox 611 4086 783 4142; x_wconf 78' lang='lat' dir='ltr'><strong><em>Notio</em></strong></span> <span class='ocrx_word' id='word_1_340' title='bbox 811 4089 1001 4142; x_wconf 79' lang='lat' dir='ltr'><strong><em>tamen</em></strong></span> <span class='ocrx_word' id='word_1_341' title='bbox 1031 4086 1152 4142; x_wconf 84' lang='lat' dir='ltr'><strong><em>eius</em></strong></span> <span class='ocrx_word' id='word_1_342' title='bbox 1177 4087 1444 4143; x_wconf 81' lang='lat' dir='ltr'><strong><em>uocabuli</em></strong></span> <span class='ocrx_word' id='word_1_343' title='bbox 1473 4088 1626 4158; x_wconf 83' lang='lat' dir='ltr'><strong><em>apud</em></strong></span> <span class='ocrx_word' id='word_1_344' title='bbox 1653 4087 1913 4142; x_wconf 72' lang='lat' dir='ltr'><strong><em>Tacitum</em></strong></span> <span class='ocrx_word' id='word_1_345' title='bbox 1940 4087 2119 4143; x_wconf 76' lang='lat' dir='ltr'><strong><em>multo</em></strong></span> <span class='ocrx_word' id='word_1_346' title='bbox 2144 4086 2327 4142; x_wconf 87' lang='lat' dir='ltr'><strong><em>leuior</em></strong></span> <span class='ocrx_word' id='word_1_347' title='bbox 2353 4091 2440 4142; x_wconf 78' lang='lat' dir='ltr'><strong><em>est</em></strong></span> <span class='ocrx_word' id='word_1_348' title='bbox 2467 4106 2638 4157; x_wconf 85' lang='lat' dir='ltr'><strong><em>quam</em></strong></span> 
     </span>
    </p>
   </div>
   <div class='ocr_carea' id='block_1_6' title="bbox 339 4166 2635 4311">
    <p class='ocr_par' dir='ltr' id='par_1_8' title="bbox 339 4166 2635 4311">
     <span class='ocr_line' id='line_1_42' title="bbox 339 4166 896 4239; baseline -0.002 -16"><span class='ocrx_word' id='word_1_349' title='bbox 339 4168 514 4239; x_wconf 83' lang='lat' dir='ltr'><strong><em>uulgo</em></strong></span> <span class='ocrx_word' id='word_1_350' title='bbox 549 4166 702 4223; x_wconf 68' lang='lat' dir='ltr'><strong><em>uerti</em></strong></span> <span class='ocrx_word' id='word_1_351' title='bbox 738 4167 896 4223; x_wconf 76' lang='lat' dir='ltr'><strong><em>solet.</em></strong></span> 
     </span>
     <span class='ocr_line' id='line_1_43' title="bbox 513 4238 2635 4311; baseline -0.001 -16"><span class='ocrx_word' id='word_1_352' title='bbox 513 4246 568 4311; x_wconf 78' lang='grc'><strong><em>3)</em></strong></span> <span class='ocrx_word' id='word_1_353' title='bbox 605 4240 776 4310; x_wconf 81' lang='lat' dir='ltr'><strong><em>Apud</em></strong></span> <span class='ocrx_word' id='word_1_354' title='bbox 815 4256 1164 4295; x_wconf 83' lang='lat' dir='ltr'><strong><em>communem</em></strong></span> <span class='ocrx_word' id='word_1_355' title='bbox 1211 4243 1496 4295; x_wconf 75' lang='lat' dir='ltr'><strong><em>auctorem</em></strong></span> <span class='ocrx_word' id='word_1_356' title='bbox 1542 4239 1715 4295; x_wconf 75' lang='lat' dir='ltr'><strong><em>etiam</em></strong></span> <span class='ocrx_word' id='word_1_357' title='bbox 1772 4238 1887 4296; x_wconf 76' lang='lat' dir='ltr'><strong><em>alia</em></strong></span> <span class='ocrx_word' id='word_1_358' title='bbox 1942 4238 2227 4310; x_wconf 66' lang='lat' dir='ltr'><strong><em>descripta</em></strong></span> <span class='ocrx_word' id='word_1_359' title='bbox 2281 4243 2469 4308; x_wconf 75' lang='lat' dir='ltr'><strong><em>erant,</em></strong></span> <span class='ocrx_word' id='word_1_360' title='bbox 2518 4239 2635 4294; x_wconf 88' lang='lat' dir='ltr'><strong><em>uid.</em></strong></span> 
     </span>
    </p>
   </div>
   <div class='ocr_carea' id='block_1_7' title="bbox 342 4320 1345 4391">
    <p class='ocr_par' dir='ltr' id='par_1_9' title="bbox 342 4320 1345 4391">
     <span class='ocr_line' id='line_1_44' title="bbox 342 4320 1345 4391; baseline 0.002 -18"><span class='ocrx_word' id='word_1_361' title='bbox 342 4320 590 4391; x_wconf 74' lang='lat' dir='ltr'><strong><em>Wagner</em></strong></span> <span class='ocrx_word' id='word_1_362' title='bbox 618 4321 708 4375; x_wconf 85' lang='lat' dir='ltr'><strong><em>De</em></strong></span> <span class='ocrx_word' id='word_1_363' title='bbox 742 4320 1018 4375; x_wconf 81' lang='lat' dir='ltr'><strong><em>ominibus</em></strong></span> <span class='ocrx_word' id='word_1_364' title='bbox 1053 4338 1106 4389; x_wconf 87' lang='lat' dir='ltr'><strong><em>p.</em></strong></span> <span class='ocrx_word' id='word_1_365' title='bbox 1137 4324 1204 4374; x_wconf 77' lang='grc'><strong><em>29</em></strong></span> <span class='ocrx_word' id='word_1_366' title='bbox 1225 4338 1345 4389; x_wconf 87' lang='lat' dir='ltr'><strong><em>sqq.</em></strong></span> 
     </span>
    </p>
   </div>
  </div>
 </body>
</html>
