3234 5034
888 325 959 378 M.
991 324 1351 378 VALERIVS
1389 325 1768 380 MESSALLA
1805 325 2170 380 CORVINVS
2381 346 2678 394 Lxxvnn

356 493 521 552 enim
580 493 971 571 potissimum
1030 494 1159 554 eius
1208 492 1477 554 doctrina
1522 495 1787 572 pertinet
1839 501 1908 554 ut
1953 489 2252 554 ‘oratoris’
2297 493 2456 556 dicti.
2521 512 2682 554 nunc

363 591 631 652 sufficiet
679 609 871 670 pauca
917 592 1253 652 testimonia
1298 593 1567 652 uirorum
1616 593 1772 652 acris
1817 590 2026 652 iudicii
2072 591 2408 670 collegisse,
2465 591 2681 672 quibus

370 707 549 770 quam
600 688 924 767 diligenter
966 691 1027 748 in
1074 691 1222 768 ipsis
1268 689 1475 750 uerbis
1520 689 1812 769 eligendis
1860 689 2302 769 elaborauisset,
2349 690 2682 770 adpareret,

372 791 451 849 ita
504 796 577 850 ut
632 806 755 849 non
812 787 1003 848 solum
1062 786 1259 849 dedita
1314 806 1495 867 opera
1553 788 1624 849 de
1689 790 1754 849 ui
1817 787 2190 868 quorundam
2253 787 2682 850 uocabulorum

374 887 711 966 disputaret
767 884 874 946 sed
919 887 1099 947 etiam
1148 885 1221 947 de
1267 885 1485 948 litteris
1532 885 1888 966 quibusdam
1927 887 2144 964 (Brief
2170 891 2235 948 in
2273 889 2330 948 d.
2359 895 2508 948 ro'm.
2541 887 2680 948 Litt.

361 1004 429 1064 p.
458 985 623 1058 218)
634 1006 657 1045 .·
698 985 911 1046 Senec.
942 995 1135 1046 contr.
1168 985 1245 1044 II
1274 986 1317 1044 4
1352 985 1516 1060 (12),
1546 985 1588 1044 8
1655 987 1798 1046 Fuit
1843 986 2114 1046 Messala
2169 989 2547 1046 exactissimi
2591 990 2682 1046 in-

370 1088 547 1160 qenii
592 1085 837 1159 quidem
883 1087 945 1144 in
986 1087 1177 1144 omnis
1222 1085 1563 1144 studiorum
1594 1091 1834 1160 partes,
1881 1084 2092 1144 Latini
2137 1087 2348 1160 utique
2389 1088 2684 1145 sermonis

374 1184 744 1243 obseruator
800 1182 1309 1255 diligentissimus,
1392 1181 1529 1242 Tac.
1569 1183 1714 1242 dial.
1746 1181 1831 1240 18
1887 1183 2182 1242 Cicerone
2217 1186 2427 1243 mitior
2470 1183 2682 1244 Corui-

372 1299 489 1340 nus
546 1287 607 1340 et
654 1281 899 1340 dulcior
944 1288 1003 1339 et
1049 1283 1113 1340 in
1162 1281 1369 1340 uerbis
1414 1283 1609 1355 mayis
1657 1282 2022 1340 elaboratus.
2115 1279 2317 1352 Quint.
2355 1281 2426 1341 Χ
2467 1281 2524 1356 1,
2554 1280 2686 1340 113

374 1379 647 1439 Messala
676 1378 908 1438 nitidus
936 1385 997 1437 et
1024 1379 1329 1438 candidus
1358 1385 1417 1438 et
1444 1379 1708 1453 quodam
1736 1380 1912 1440 modo
1927 1378 2301 1455 praeferens
2328 1383 2392 1440 in
2423 1380 2686 1440 dicendo

374 1479 755 1538 nobilitatem
790 1493 982 1550 suam,
1020 1477 1260 1536 uiribus
1294 1479 1511 1536 minor.
1570 1474 1677 1536 sed
1705 1493 1780 1536 ne
1809 1474 1956 1536 illud
1983 1475 2224 1556 quidem
2263 1483 2512 1555 constat,
2547 1484 2684 1537 utro

374 1591 657 1634 sermone
688 1573 751 1632 in
781 1575 1227 1635 commentariis
1254 1576 1398 1649 suis,
1420 1575 1523 1652 qui
1552 1575 1608 1635 ei
1639 1591 1798 1634 nunc
1827 1573 1983 1654 apud
2010 1591 2119 1635 nos
2148 1573 2344 1634 locum
2375 1572 2684 1652 dederunt,

371 1691 521 1733 usus
562 1673 661 1732 sit.
698 1689 835 1732 nam
874 1679 935 1731 et
968 1669 1177 1731 Latine
1216 1679 1277 1732 et
1314 1670 1537 1732 Graece
1572 1673 1707 1750 pari
1744 1671 2026 1732 facilitate
2065 1674 2323 1752 scripsit,
2369 1680 2684 1752 postquam

374 1769 733 1831 adulescens
762 1769 963 1830 Crassi
992 1768 1417 1848 Ciceronisque
1449 1769 1718 1849 exempla
1755 1777 1996 1831 secutus
2035 1771 2476 1832 exercitationis
2511 1788 2686 1832 causa

374 1879 651 1929 oratores
708 1865 965 1928 Graecos
1021 1869 1085 1927 in
1140 1885 1477 1928 sermonem
1526 1866 1801 1928 Latinum
1859 1870 2044 1928 uertit
2091 1861 2349 1951 (summa
2402 1885 2538 1929 cum
2585 1867 2684 1929 ad-

377 1968 699 2028 miratione
727 1964 1097 2043 Quintiliani,
1126 1967 1197 2026 Χ
1226 1967 1287 2041 5,
1306 1959 1399 2049 2),
1426 1967 1509 2026 ita
1548 1973 1615 2026 ut
1653 1968 1830 2026 etiam
1869 1968 2132 2028 carmina
2165 1965 2430 2027 bucolica
2461 1964 2684 2027 Graece

377 2063 791 2144 componenda
856 2063 972 2124 sibi
1036 2073 1325 2142 sumeret,
1391 2082 1542 2143 quae
1589 2063 1886 2142 Vergilius
1949 2065 2052 2144 qui
2118 2064 2337 2126 dicitur
2399 2067 2462 2125 in
2519 2063 2684 2126 catal.

376 2165 451 2236 (9
477 2157 663 2243 [11])
710 2161 1101 2222 uehementer
1164 2161 1441 2224 laudauit.
1526 2160 1599 2222 ad
1665 2161 2040 2242 eundemque
2101 2180 2440 2224 sermonem
2502 2162 2685 2240 ducit,

376 2260 539 2341 quod
586 2263 649 2321 in
698 2262 1137 2320 commentariis
1186 2259 1455 2320 Cassium
1502 2279 1573 2321 eo
1620 2267 1886 2322 utentem
1935 2261 2074 2322 facit
2120 2261 2242 2338 (fr.
2283 2262 2370 2336 1).

560 2358 753 2418 Vitam
814 2360 945 2418 eius
1000 2357 1317 2419 admodum
1379 2361 1609 2420 uariam
1675 2359 1860 2420 fuisse
1924 2367 2171 2420 constat.
2255 2377 2392 2420 uam
2458 2378 2506 2420 a.
2559 2359 2684 2420 fere

377 2452 643 2538 64s690
688 2451 927 2540 natus¹)
968 2475 1017 2518 a.
1046 2451 1303 2536 45s709
1352 2455 1686 2518 studiorum
1723 2475 1900 2518 causa
1938 2457 2197 2518 Athenas
2235 2475 2300 2518 se
2339 2456 2588 2518 contulit
2625 2465 2688 2518 et

378 2573 537 2616 anno
592 2562 729 2634 post
788 2556 849 2614 in
906 2553 1117 2615 urbem
1174 2572 1457 2616 reuersus
1516 2557 1632 2616 iam
1691 2555 1930 2617 dicendi
1983 2554 2156 2616 laude
2217 2555 2492 2634 florebat,
2549 2574 2683 2616 cum

376 2652 672 2714 inuidiam
720 2654 1171 2714 triumuirorum
1218 2651 1314 2714 uel
1362 2660 1644 2732 expertus
1691 2653 1790 2714 uel
1837 2655 2056 2714 timens
2111 2653 2185 2715 ad
2239 2653 2490 2714 Brutum
2547 2673 2686 2714 con·

380 2751 535 2830 fugit
590 2751 961 2829 Antonioque
1020 2758 1262 2812 auctore
1316 2753 1690 2831 proscriptus
1747 2759 1853 2812 est.
1927 2751 2034 2812 sed
2090 2753 2310 2812 artiore
2371 2759 2686 2813 consuetu-

384 2849 523 2910 dine
570 2849 841 2910 Cassium
896 2848 1203 2928 amplexus
1258 2857 1351 2910 est
1396 2850 1505 2927 (cf.
1544 2851 1664 2910 Dio
1710 2851 1815 2925 47,
1853 2851 1989 2928 24),
2036 2869 2214 2930 quem
2265 2845 2712 2930 imperatorem'

382 2965 561 3008 suum
617 2946 817 3008 dicere
874 2946 1083 3008 solitus
1140 2955 1231 3008 est
1287 2948 1402 3025 (fr.
1432 2948 1523 3026 4),
1576 2966 1842 3027 ususque
1907 2949 2037 3010 eius
2103 2956 2194 3009 est
2257 2946 2548 3027 colloquio
2615 2967 2685 3008 eo

382 3063 659 3124 uespere,
704 3047 807 3124 qui
854 3062 1087 3124 pugnae
1126 3045 1493 3125 Philippensi
1541 3044 1928 3107 antecedebat
1965 3047 2079 3123 (fr.
2119 3048 2209 3124 1),
2257 3047 2320 3106 in
2367 3065 2500 3126 qua,
2547 3065 2683 3106 cum

385 3140 473 3204 ‘in
512 3143 727 3204 castris
756 3141 924 3203 Bruti
953 3142 1263 3222 Cassiique
1300 3145 1607 3223 proximus
1645 3140 2005 3205 auctoritati’
2047 3152 2206 3205 esset
2235 3145 2416 3217 (Vell.
2449 3145 2527 3204 II
2555 3145 2686 3224 71),

384 3260 521 3304 cum
578 3241 763 3302 Bruto
828 3243 1023 3302 uictor
1078 3241 1351 3302 Caesaris
1414 3251 1607 3302 castra
1673 3244 2004 3322 occupauit.
2087 3250 2214 3302 tum
2279 3259 2424 3304 uero
2482 3242 2686 3304 Cassio

382 3339 689 3419 Brutoque
744 3340 1023 3417 mortuiS,
1078 3357 1215 3400 cum
1272 3341 1389 3400 iam
1448 3348 1585 3400 ante
1643 3349 1767 3401 tres
1821 3342 1943 3401 uiri
1996 3340 2069 3402 ad
2115 3348 2316 3420 partes
2363 3357 2501 3402 suas
2547 3359 2684 3401 eum

384 3438 623 3499 trahere
670 3439 866 3499 conati
912 3445 1139 3516 essent,
1188 3447 1389 3518 spreta
1443 3457 1675 3499 summa
1721 3440 1962 3518 imperii
2003 3441 2198 3517 primo
2245 3438 2320 3499 ad
2365 3439 2686 3500 Antonium

384 3537 649 3612 transiit,
694 3543 823 3596 tum
878 3543 1123 3615 propter
1168 3534 1514 3616 Cleopatrae
1560 3535 1858 3596 luxuriam
1905 3536 1979 3597 ad
2025 3535 2442 3616 Octauianum,
2489 3555 2522 3596 a
2569 3555 2686 3616 quo

385 3633 711 3694 honorifice
767 3640 1046 3712 acceptus
1101 3632 1273 3695 bellis
1330 3642 1390 3695 et
1444 3633 1725 3695 ciuilibus
1781 3641 1840 3696 et
1895 3635 2158 3696 externis
2221 3652 2460 3714 operam
2518 3653 2686 3696 suam

388 3733 712 3811 praestitit,
777 3733 957 3791 etiam
1020 3733 1081 3791 in
1137 3749 1333 3811 pugna
1388 3733 1652 3812 Actiaca,
1707 3735 1771 3794 in
1827 3751 1942 3812 qua
1999 3735 2130 3794 eius
2185 3731 2363 3792 classi
2410 3733 2686 3812 praefuit,

385 3829 666 3908 idemque
701 3827 921 3889 litteris
958 3830 1088 3890 eius
1127 3847 1365 3890 causam
1400 3829 1665 3892 defendit
1695 3832 1894 3904 (Rom.
1915 3831 2101 3908 Brief
2114 3848 2180 3908 p.
2202 3829 2381 3905 218).
2430 3830 2685 3910 denique

388 3931 505 3987 iam
559 3933 731 3988 antea
786 3929 851 3986 in
901 3945 1193 4006 augurum
1242 3927 1555 4007 collegium
1602 3937 1912 4008 cooptatus
1955 3947 2101 4008 pace
2150 3930 2424 3990 restituta
2471 3947 2520 3990 a.
2559 3929 2684 3990 fere

391 4019 857 4105 28s‘126-26s
866 4021 991 4086 728
1040 4027 1271 4104 primus
1308 4027 1646 4106 praefectus
1682 4026 1850 4088 urhis
1886 4027 2077 4088 factus
2114 4034 2224 4105 est,
2261 4047 2294 4088 a
2331 4045 2449 4107 quo
2486 4035 2686 4089 tamen

787 4165 869 4173 ..—

570 4252 624 4318 1)
670 4248 763 4303 Sic
809 4249 1081 4322 Borghesi
1129 4251 1320 4306 Oeuvr.
1352 4251 1376 4302 I
1412 4269 1467 4321 p.
1498 4255 1603 4306 490
1625 4269 1705 4320 sq.
1745 4253 1803 4306 et
1846 4250 2061 4306 Dessau
2101 4251 2328 4322 Prosop.
2363 4251 2440 4304 ΠΙ
2475 4270 2530 4321 p.
2562 4257 2684 4319 364,

394 4327 454 4382 in
473 4343 583 4398 qua
600 4344 749 4399 quae
767 4345 935 4400 supra
963 4333 1275 4398 sequuntur
1300 4331 1475 4386 habes
1504 4331 1666 4386 breui
1694 4335 1996 4401 conspectu
2023 4330 2362 4388 testimoniis
2390 4332 2682 4388 instructa.
