3234 5034
621 304 736 349 LVI
1107 281 1205 335 DE
1244 279 1705 336 SCRIPTORVM
1742 283 1931 336 VITIS
1968 283 2061 337 ET
2100 282 2417 338 SCRIPTIS

621 450 814 512 denuo
869 460 1005 529 post
1059 451 1189 509 eius
1245 457 1495 510 mortem
1545 442 1863 534 (32s722)
1921 458 1981 510 et
2034 452 2347 512 uictoriam
2403 451 2727 530 Actiacam,
2784 469 2917 512 cum

618 547 980 610 Octauianus
1035 550 1152 608 iam
1209 549 1533 626 imperator
1589 547 1783 608 dictus
1832 556 1991 609 esset
2036 551 2187 620 (Att.
2220 549 2323 624 19,
2352 550 2443 623 2),
2492 549 2759 610 nondum
2804 550 2919 609 Au-

618 654 854 725 gustus,
913 649 950 707 i.
998 666 1047 706 e.
1096 647 1254 706 inter
1309 663 1496 726 annos
1552 642 1809 724 31s723
1868 655 1927 706 et
1980 641 2264 726 27s727‚
2319 647 2562 708 adnexis
2626 647 2921 726 capitibus

618 745 842 825 aliquot
882 738 1226 828 (19—22)‚
1265 744 1482 823 quibus
1527 744 1799 804 ultimam
1845 754 2073 824 partem
2117 746 2279 805 uitae
2331 754 2702 824 mortemque
2748 763 2921 806 enar-

621 846 794 921 rauit‚
841 862 1017 922 quam
1065 842 1307 922 quidem
1356 841 1600 903 alteram
1650 841 1969 902 editionem
2018 842 2335 922 descripsit
2370 844 2655 904 Aemilius
2690 842 2923 904 Probus

621 945 706 1014 (u.
735 961 780 1002 S.
799 962 866 1019 p.
907 945 1146 1015 xxxxz).

801 1038 915 1100 Sed
963 1041 1236 1118 quamuis
1282 1039 1486 1099 multis
1533 1038 1841 1098 erroribus
1886 1038 1948 1098 hi
2006 1037 2145 1098 libri
2200 1037 2593 1118 abundarent,
2652 1041 2779 1118 ipsa
2840 1050 2923 1100 te-

619 1140 816 1199 nuitas
864 1136 1213 1198 elocutionis
1261 1145 1320 1197 et
1365 1137 1630 1198 breuitas
1678 1145 1739 1198 et
1784 1137 2133 1215 antiquariis
2190 1145 2249 1196 et
2306 1137 2645 1198 rhetoribus
2692 1137 2923 1198 adrisit.

619 1244 688 1297 ut
732 1239 916 1315 igitur
952 1239 1191 1296 omnino
1231 1235 1426 1314 Nepos
1467 1234 1686 1295 litteris
1732 1236 1984 1312 insignis
2030 1233 2267 1294 habitus
2304 1243 2413 1314 est,
2459 1254 2573 1315 qua
2623 1235 2695 1296 de
2744 1253 2922 1296 causa

620 1335 958 1395 Herennius
987 1334 1247 1394 Seuerus
1279 1331 1398 1394 ‘uir
1437 1327 1849 1394 doctissimus'
1876 1334 2045 1393 initio
2084 1330 2331 1393 alterius
2370 1334 2590 1394 saeculi
2629 1353 2685 1413 p.
2707 1333 2845 1394 Chr.
2866 1352 2922 1393 n.

623 1436 750 1494 eius
797 1434 1115 1510 imaginem
1162 1434 1224 1491 in
1270 1430 1627 1492 bibliotheca
1674 1450 1779 1492 sua
1826 1432 2027 1510 posuit
2073 1432 2259 1502 (Ptin.
2309 1450 2399 1508 ep.
2432 1433 2531 1492 IV
2561 1433 2666 1507 28,
2700 1433 2790 1511 1),
2838 1434 2924 1492 sic

623 1531 826 1592 eadem
876 1539 1066 1593 aetate
1114 1530 1432 1591 Suetonius
1479 1530 1586 1591 hos
1636 1529 1817 1590 libros
1864 1529 2009 1589 adiit
2048 1528 2164 1605 (fr.
2205 1530 2306 1589 11.
2351 1530 2451 1590 12.
2490 1530 2593 1590 16.
2637 1530 2769 1608 18),
2816 1548 2926 1609 per

623 1649 799 1709 quem
849 1648 982 1690 eum
1031 1631 1198 1690 nouit
1244 1630 1506 1689 imitator
1550 1627 1944 1707 Hieronymus
1994 1628 2185 1698 (Pr-ol.
2217 1629 2305 1687 ad
2340 1629 2643 1688 Dextrum
2680 1633 2745 1688 in
2786 1631 2925 1689 libr.

624 1732 701 1790 de
737 1733 857 1788 uir.
889 1732 970 1789 ill.
1002 1729 1080 1788 II
1095 1748 1163 1805 p.
1193 1727 1321 1787 821
1369 1728 1563 1804 Van),
1601 1729 1706 1805 qui
1752 1728 1911 1786 inter
1958 1745 2077 1803 e0S‚
2125 1725 2227 1803 qui
2276 1723 2348 1785 de
2395 1727 2544 1786 uiris
2590 1725 2927 1787 illustribus

623 1828 994 1905 scripserint,
1041 1833 1350 1886 enumerat
1397 1821 1575 1904 ‘apud
1624 1824 1862 1884 Latinos
1899 1823 2241 1900 Varronem,
2290 1822 2579 1900 Santram,
2620 1823 2927 1904 Nepotem,

623 1924 916 2003 Hyginum
937 1919 966 1984 ’.
1035 1943 1186 1984 num
1240 1923 1590 1984 Plutarchus
1649 1922 1935 2001 Nepotem
1993 1923 2186 1999 ipsum
2244 1923 2575 2000 inspexerit
2621 1924 2730 2000 (sr.
2772 1925 2831 1984 6.
2870 1924 2923 1982 7.

625 2026 684 2083 9.
725 2023 856 2099 10),
913 2022 1060 2082 mihi
1119 2021 1360 2082 dubium
1419 2030 1534 2099 est,
1590 2023 1843 2081 maxime
1901 2027 2145 2098 propter
2200 2019 2541 2079 societatem
2600 2029 2927 2098 auctorum,

631 2119 986 2200 quibuscum
1033 2119 1102 2178 fr.
1143 2116 1184 2179 6
1233 2121 1631 2198 coniungitur,
1680 2126 1738 2178 et
1784 2125 2029 2196 propter
2066 2116 2360 2176 Valerium
2398 2115 2736 2197 Maximum,
2782 2139 2927 2198 quo-

631 2237 764 2279 cum
805 2219 874 2281 sr.
908 2215 964 2278 7.
1039 2227 1164 2278 tum
1203 2216 1428 2278 Gellius
1465 2216 1683 2277 librum
1725 2215 1797 2276 de
1834 2215 2134 2275 historicis
2172 2213 2398 2274 Latinis
2437 2215 2544 2292 (fr.
2579 2217 2710 2294 14),
2748 2220 2925 2278 etiam

627 2317 874 2377 Seruius
922 2314 1232 2376 ‘inlustres
1287 2313 1472 2375 uiros'
1525 2316 1731 2376 citauit
1777 2316 1885 2390 (fr.
1924 2313 1995 2387 8)
2044 2320 2103 2372 et
2160 2311 2231 2371 de
2286 2311 2467 2372 rebus
2526 2317 2928 2390 grammaticis

629 2415 931 2475 Charisius
980 2423 1040 2475 et
1083 2413 1397 2474 Diomedes
1436 2414 1542 2491 (fr.
1575 2415 1797 2491 1-4),
1835 2411 2051 2490 quibus
2098 2417 2341 2488 propter
2388 2419 2582 2470 certos
2630 2412 2791 2474 locos
2838 2415 2926 2473 in·

631 2513 853 2574 dicatos
892 2514 1114 2591 primos
1151 2530 1433 2573 numeros
1480 2511 1680 2572 tribui.
1746 2509 2078 2589 Ampelium
2124 2515 2323 2567 autem
2362 2516 2422 2567 et
2457 2509 2761 2572 Aurelium
2799 2511 2927 2572 Vic-

631 2620 837 2688 torem,
886 2629 1020 2670 cum
1069 2613 1147 2670 de
1193 2615 1310 2670 uir.
1350 2614 1430 2671 ill.
1471 2607 1689 2670 librum
1736 2611 1863 2687 ipse
1904 2606 2211 2682 scriberet,
2250 2604 2637 2670 similitudine
2680 2628 2927 2688 operum

630 2707 702 2768 ad
751 2727 886 2769 eum
925 2707 1209 2769 adduc-tos
1249 2727 1380 2768 esse
1418 2727 1714 2769 consensu
1754 2704 2125 2786 quorundam
2161 2702 2427 2765 locorum
2466 2704 2925 2792 confirmatur.¹)

630 2805 888 2886 denique
943 2809 1006 2866 in
1065 2805 1232 2866 libris
1287 2825 1466 2866 manu
1519 2808 1760 2884 scriptis
1808 2822 1927 2865 non
1975 2803 2165 2864 solum
2215 2809 2371 2862 totus
2418 2801 2569 2864 liber
2617 2805 2689 2866 de
2738 2806 2928 2868 excel-

629 2903 891 2966 lentibus
948 2902 1199 2965 ducibus
1257 2912 1592 2965 exterarum
1650 2906 1913 2982 gentium
1962 2901 2069 2962 sed
2114 2901 2290 2960 etiam
2337 2911 2577 2978 praeter
2620 2907 2777 2966 uitas
2824 2905 2929 2966 Ca·

630 3004 788 3063 tonis
844 3011 899 3062 et
956 3003 1136 3063 Attici
1193 3021 1262 3062 ex
1319 3000 1486 3063 libris
1545 3001 1616 3063 de
1683 3001 1984 3062 historicis
2040 3001 2267 3062 Latinis
2332 3006 2392 3058 et
2456 3000 2527 3062 de
2594 3002 2929 3064 oratoribus

632 3100 857 3160 Latinis
913 3099 1165 3160 frustula
1213 3099 1499 3179 quaedam
1544 3119 1737 3180 usque
1784 3099 1857 3160 ad
1902 3103 2251 3161 memoriam
2298 3111 2563 3162 nostram
2609 3111 2931 3181 propagata

631 3206 772 3259 sunt
808 3198 914 3275 (fr.
949 3199 1049 3257 17.
1082 3192 1271 3281 15).²)

815 3427 864 3492 1)
903 3423 1266 3476 Rosenhauer
1311 3423 1594 3492 symbolae
1642 3423 1718 3475 ad
1753 3428 1954 3490 quaest.
1985 3423 2051 3477 de
2085 3425 2331 3490 fontibus
2367 3424 2464 3492 qui
2508 3424 2835 3478 inscribitur
2870 3425 2935 3478 de

632 3505 776 3558 uiris
811 3505 889 3558 ill.
921 3504 1074 3558 urbis
1112 3504 1336 3569 Romae,
1367 3507 1520 3557 1882.

816 3586 869 3652 2)
907 3583 990 3637 De
1019 3583 1084 3637 fr.
1119 3590 1184 3636 15
1221 3583 1336 3636 uid.
1359 3600 1530 3652 supra.
1556 3601 1608 3651 p.
1628 3603 1823 3636 xxxxv.
1850 3615 1914 3623 —
1942 3581 2075 3636 Sine
2102 3599 2274 3637 causa
2303 3584 2377 3635 ad
2396 3583 2447 3636 N
2452 3587 2679 3652 epobem
2708 3583 2935 3638 rettulit,

633 3663 673 3716 I.
705 3661 949 3726 Coi-tese,
987 3678 1133 3731 quae
1171 3663 1229 3715 in
1269 3663 1487 3717 cartula
1524 3663 1774 3730 quadam
1814 3664 1882 3716 de
1911 3664 1976 3716 A.
2010 3663 2295 3717 Postumio
2332 3663 2646 3728 inuenerat,
2687 3663 2756 3717 cf.
2789 3663 2930 3718 Bue-

635 3744 823 3798 cheler
857 3761 929 3798 m.
961 3742 1136 3797 Rhen.
1171 3749 1238 3796 39
1276 3761 1329 3812 p.
1363 3749 1481 3799 623.
