3234 5034
1145 322 1424 378 MARIVS
1461 322 1802 377 MAXIMVS
2284 322 2621 371 CLXXXVII

305 495 366 553 in
422 510 490 553 re
546 490 788 571 publica
843 497 1041 552 autem
1097 489 1592 568 administranda,
1638 489 1701 551 id
1758 488 1916 569 quod
1961 508 2033 549 ex
2080 506 2285 550 rerum
2330 489 2620 549 memoria

307 598 486 670 patet,
525 599 588 650 et
625 588 728 649 ille
767 596 826 649 et
862 589 1201 668 praefectus
1237 588 1408 649 urbis
1445 588 1941 649 consuetudinem
1978 586 2273 667 quandam
2312 605 2389 649 ne
2424 587 2619 648 uitare

307 686 552 768 quidem
617 694 959 767 potuerunt.
1034 689 1234 765 itaque
1299 705 1420 748 non
1485 693 1602 765 est,
1668 705 1778 747 cur
1834 704 1971 747 cum
2022 684 2307 746 Muellero
2355 687 2447 763 (p.
2488 686 2620 745 170

307 786 558 859 -174)
609 786 968 864 scriptorem
1025 782 1282 845 eundem
1337 802 1470 845 esse
1527 792 1704 864 atque
1759 784 2129 863 praesectum
2179 782 2369 844 Cassii
2413 781 2621 843 Dionis

309 883 413 945 sed
459 882 612 944 nihil
661 900 799 943 cum
843 881 1036 943 titulis
1084 899 1398 944 commune
1444 881 1667 943 habere
1714 890 2043 943 statuamus
2091 888 2193 942 aut
2228 898 2365 943 cum
2401 880 2620 942 Plewio

311 984 502 1055 (Krit.
542 982 736 1042 Beitr.
774 1001 836 1041 z.
875 983 931 1042 d.
973 982 1108 1041 Ser.
1147 983 1204 1042 h.
1243 983 1317 1041 Α.
1341 998 1410 1057 p.
1448 980 1536 1041 29
1566 981 1726 1056 sqq.)
1776 979 1847 1041 de
1896 988 2061 1039 certo
2107 978 2331 1040 iudicio
2378 981 2620 1040 omnino

311 1079 718 1159 desperemus,
763 1080 1118 1157 praesertim
1157 1097 1294 1139 cum
1333 1077 1492 1157 quod
1527 1077 1697 1139 illum
1734 1077 2103 1157 praesectum
2142 1077 2253 1139 sub
2290 1076 2621 1139 Alexandro

312 1185 502 1238 aetate
578 1180 698 1237 iam
770 1184 1001 1237 tantum
1075 1184 1430 1255 prouectum
1499 1193 1631 1236 esse
1700 1175 1924 1237 dictum
1990 1184 2107 1254 est,
2172 1183 2240 1236 ut
2305 1174 2621 1237 scribendo

311 1294 552 1355 operam
603 1274 743 1335 dare
791 1292 910 1335 non
956 1282 1186 1353 posset,
1235 1272 1424 1335 Cassii
1471 1272 1675 1335 Dionis
1723 1273 1995 1354 exemplo
2044 1274 2355 1335 refutetur.
2440 1275 2623 1334 immo

311 1375 481 1453 sequi
537 1390 860 1452 pergamus
914 1371 1308 1452 Borghesium
1375 1390 1509 1433 cum
1575 1371 1856 1433 Henzeno
1904 1374 2020 1446 (ad
2062 1378 2249 1434 inser.
2298 1372 2477 1434 Orell.
2519 1374 2633 1434 ΙΙΙ

301 1491 366 1549 p.
403 1472 508 1533 97.
556 1473 644 1532 ad
693 1472 754 1531 C.
798 1472 846 1532 I.
885 1471 954 1531 L.
1000 1471 1090 1532 VI
1118 1471 1156 1532 1
1191 1489 1260 1548 p.
1299 1472 1492 1549 317),
1557 1470 1952 1531 Wilmannsio
2000 1472 2227 1544 (Im-cr.
2268 1471 2313 1531 I
2334 1489 2405 1547 p.
2443 1471 2623 1546 399),

313 1568 676 1631 Mommseuo
725 1570 958 1642 (Herm.
1007 1569 1096 1629 22
1144 1587 1212 1646 p.
1249 1570 1430 1648 311),
1495 1567 1783 1629 Dessauio
1833 1570 2060 1641 (Ins-cr.
2107 1572 2211 1630 sel.
2259 1570 2304 1630 I
2341 1587 2409 1646 p.
2459 1570 2620 1643 573)

313 1667 581 1747 aliisque.

486 1764 650 1827 Ordo
716 1766 901 1843 igitur
965 1766 1124 1826 uitae
1188 1763 1363 1826 Marii
1427 1764 1694 1843 Maximi,
1750 1773 1818 1826 ut
1874 1766 2105 1826 minora
2162 1772 2625 1845 praetereamuS‚

312 1864 408 1925 hic
453 1857 664 1945 fi1it21)

488 1962 660 2023 Anno
717 1961 843 2023 fere
904 1956 1059 2040 155,
1114 1969 1183 2022 ut
1237 1960 1503 2039 uidetur,
1561 1969 1763 2039 natus,
1820 1961 2127 2023 tribunatu
2183 1961 2429 2023 militari
2488 1981 2624 2042 per·

313 2060 554 2121 functus
609 2067 891 2139 quaestor
944 2058 1210 2121 urbanus
1267 2066 1326 2119 et
1381 2058 1664 2121 tribunus
1720 2058 1913 2139 plebis
1964 2059 2315 2121 candidatus
2363 2070 2423 2122 et
2467 2063 2628 2122 inter

313 2160 647 2239 praetorios
703 2157 950 2219 allectus
1005 2156 1224 2218 Romae
1284 2156 1446 2237 degit
1491 2159 1612 2230 (tit.
1654 2159 1743 2235 1),
1798 2156 1904 2217 ubi
1968 2165 2173 2218 contra
2238 2156 2625 2219 Commodum

311 2274 528 2318 uersus
573 2255 862 2336 quosdam
911 2255 1155 2334 scripsit
1200 2255 1440 2333 (Lamp.
1487 2256 1707 2316 Comm.
1748 2256 1850 2331 13,
1888 2254 1980 2333 2),
2026 2262 2155 2316 tum
2202 2253 2275 2315 ad
2326 2258 2626 2317 exercitus

313 2354 598 2416 reductus
661 2352 890 2432 legatus
955 2351 1128 2414 bellis
1193 2351 1350 2432 apud
1412 2352 1763 2432 Byzantium
1830 2345 1910 2435 (a.
1963 2346 2290 2437 195s196)
2349 2361 2409 2414 et
2470 2353 2627 2433 apud

314 2450 712 2531 Lugudunum
750 2445 831 2534 (a.
876 2444 1034 2535 197)
1073 2451 1347 2512 interfuit
1393 2459 1451 2512 et
1498 2459 1635 2530 post
1680 2450 2053 2511 consulatum
2106 2451 2420 2511 suffectum
2469 2454 2628 2531 anni,
2700 2516 2711 2529 ,

311 2558 380 2611 ut
429 2548 702 2629 uidetur,
773 2545 898 2610 198
966 2550 1298 2629 prouinciis
1356 2547 1729 2620 Germaniae,
1788 2548 2071 2628 deinceps
2127 2548 2332 2628 Syriae
2396 2548 2627 2629 Coelae,

313 2646 636 2727 proconsul
691 2646 949 2725 Africae,
1004 2664 1115 2727 per
1167 2645 1314 2708 duos
1361 2664 1547 2708 annos
1597 2640 1752 2729 (fere
1801 2641 2188 2731 214—215)
2238 2648 2410 2708 Asiae
2455 2666 2627 2727 prae·

313 2746 439 2825 fuit,
488 2763 644 2806 anno
680 2739 812 2806 218
859 2743 998 2805 urbi
1044 2747 1161 2824 ipsi
1209 2745 1550 2824 praefectus
1589 2746 1790 2818 (Cass,
1820 2746 1938 2806 Dio
1976 2749 2013 2805 l.
2041 2748 2138 2821 3.),
2192 2744 2449 2825 denique
2497 2746 2628 2807 Ale-

313 2842 540 2905 xandro
570 2842 796 2903 Seuero
823 2843 1185 2922 imperatore
1215 2843 1359 2904 uitis
1389 2841 1725 2903 scribendis
1766 2859 2008 2921 operam
2048 2859 2215 2902 suam
2246 2841 2630 2923 studiumque

311 2943 559 3003 nauauit
606 2943 692 3015 (u.
727 2944 823 3015 3.).

492 3038 862 3118 Quamquam
937 3038 1269 3117 fragmenta
1334 3038 1504 3100 Marii
1568 3038 1808 3099 Maximi
1881 3044 2123 3117 praeter
2186 3055 2400 3116 unum,
2470 3038 2629 3118 quod

313 3140 518 3199 nescio
557 3156 675 3217 quo
713 3155 856 3197 casu
894 3139 958 3197 in
994 3136 1295 3197 quenalis
1331 3136 1554 3199 scholia
1593 3138 1889 3216 peruenit⁷
1928 3136 2127 3195 omnia
2174 3134 2331 3214 apud
2379 3136 2628 3216 scripto-

313 3254 413 3297 res
458 3236 748 3296 historiae
794 3235 1093 3313 Augustae
1143 3242 1403 3313 exstant,
1457 3242 1657 3295 tamen
1707 3237 1886 3295 etiam
1933 3231 2090 3312 apud
2140 3242 2371 3295 ceteros
2418 3253 2631 3313 magna

314 3336 670 3395 auctoritate
715 3332 934 3413 floruit,
981 3340 1049 3394 ut
1093 3334 1522 3412 imperatorum
1570 3350 1813 3393 suorum
1864 3332 2035 3411 quasi
2083 3330 2403 3393 Suetonius
2449 3332 2629 3393 habe-

315 3440 510 3513 retur3
551 3450 688 3491 nam
718 3430 791 3491 ab
822 3450 892 3492 eo
923 3448 1171 3491 exorsus
1200 3430 1410 3493 lunius
1441 3429 1671 3491 Cordus
1700 3448 1849 3509 opus
1879 3447 2073 3509 suum,
2110 3448 2229 3508 quo
2257 3432 2414 3491 uitas
2443 3432 2629 3510 impe-

315 3531 570 3590 ratorias
615 3530 790 3609 quasi
836 3529 1119 3609 expleret,
1165 3530 1500 3608 composuit
1537 3531 1625 3603 (u.
1665 3528 1837 3605 infra
1868 3545 1938 3604 p.
1972 3547 2266 3588 ozxxxxtz
2284 3530 2419 3605 sq),
2460 3527 2629 3589 Lam-

315 3626 552 3708 pridius
582 3645 722 3688 eum
753 3646 786 3687 a
805 3625 1192 3687 Constantino
1219 3626 1439 3687 lectum
1470 3644 1603 3687 esse
1633 3626 2035 3705 praesumpsit
2055 3628 2210 3700 (uid.
2228 3630 2404 3687 Alex.
2422 3628 2525 3706 65,
2537 3628 2629 3706 4),

313 3724 608 3805 Vopiscus
654 3726 814 3785 inter
859 3723 1128 3803 exempla
1175 3742 1282 3785 sua
1330 3727 1708 3785 enumerauit
1755 3726 1972 3798 (Firm.
2013 3725 2072 3799 1,
2113 3725 2171 3786 1.
2220 3725 2401 3785 stol).
2440 3724 2500 3805 2,
2540 3726 2630 3803 7),

313 3824 664 3885 AmmIauus
701 3822 1079 3883 Marcellinus
1125 3840 1267 3883 suae
1316 3824 1525 3883 aetatis
1573 3821 1950 3884 senatoribus
1998 3820 2318 3883 lectionem
2355 3822 2630 3903 frequen-

315 3929 439 3983 tem
479 3919 693 3982 acerbe
732 3919 1115 4000 exprobrauit
1145 3912 1232 4003 (u.
1259 3939 1307 3981 s.
1342 3923 1658 4001 ccxxxm),
1697 3923 1761 3980 in
1797 3919 2166 3999 historiaque
2201 3921 2463 3999 Augusta
2501 3922 2632 3982 eius

315 4038 496 4081 usum
525 4025 759 4079 constat
784 4018 942 4079 ultra
971 4036 1073 4080 eos
1102 4017 1266 4079 locos
1295 4018 1467 4098 longe
1498 4028 1721 4098 patere,
1743 4016 1961 4098 quihus
1992 4020 2208 4079 citatus
2239 4026 2347 4079 est.
2396 4027 2631 4079 contro-

499 4243 552 4312 1)
592 4241 749 4309 Quae
787 4259 960 4313 supra.
995 4243 1338 4297 testimoniis
1386 4243 1692 4312 adscriptis
1738 4246 1951 4311 carent,
1996 4242 2185 4297 titulis
2224 4243 2447 4297 firmata
2485 4246 2633 4311 sunt,

313 4324 435 4379 m'd.
465 4322 694 4394 Prosop.
725 4322 780 4375 Π
812 4340 870 4393 p.
902 4328 1005 4377 346
1025 4340 1108 4392 sq.
1137 4342 1192 4378 n.
1223 4328 1342 4378 233.
