3234 5034
609 320 737 384 152
883 318 1104 375 VITAE
1141 318 1349 374 AVCT.
1380 320 1431 373 A
1467 316 1871 374 TREBELLIO
1908 316 2004 372 ΕΤ
2041 318 2092 371 A
2126 315 2429 372 VOPISCO
2466 313 2645 370 Nom.

445 486 549 536 2⁷8
605 488 809 567 regina
865 489 1112 548 orientis
1165 485 1480 548 Aureliano
1535 484 1817 565 Augusto.
1888 503 2062 548 nemo
2127 484 2319 547 adhuc
2377 491 2618 565 praeter
2671 491 2733 545 te
2786 483 2903 546 boc

430 576 566 625 ¹⁰²⁶
605 585 763 666 quod
797 587 1016 666 posciS,
1053 585 1268 646 litteris
1304 586 1470 664 petit.
1529 585 1754 645 uirtute
1795 583 2130 646 faciendum
2166 592 2259 645 est
2292 582 2579 664 quidquid
2614 585 2681 644 in
2718 581 2901 644 rebus

603 682 834 745 bellicis
873 692 964 744 est
999 682 1341 763 gerendum.
1409 682 1769 745 deditionem
1804 701 1999 744 meam
2036 683 2209 764 petie,
2254 685 2425 763 quasi
2460 682 2694 744 nescias
2732 680 2899 744 Cleo·

602 792 831 864 patram
891 783 1155 862 reginam
1208 783 1408 862 perire
1463 780 1746 843 maluisse
1802 800 1978 862 quam
2032 782 2095 843 in
2146 780 2408 862 qualibet
2450 782 2659 842 uiuere
2708 779 2900 860 digni-

603 891 738 944 tate.
787 881 982 943 nobis.
1003 881 1319 942 Persarum
1357 879 1573 941 auxilia
1608 898 1729 941 non
1777 879 2010 957 desunt,
2056 899 2205 961 quae
2250 882 2369 941 iam
2414 897 2745 960 speramuS,
2788 897 2901 959 pro
2956 901 2985 943 ε

605 980 776 1042 nobis
824 987 964 1041 sunt
1010 978 1307 1058 Saraceni,
1351 997 1461 1058 pro
1507 977 1681 1041 nobis
1726 979 2006 1041 Armenii.
2079 978 2339 1041 latrones
2385 977 2519 1059 Syri
2569 979 2899 1040 exercitum

603 1090 789 1160 tuum,
827 1077 1157 1156 Aureliane,
1193 1079 1501 1139 uicerunt:
1549 1074 1739 1156 quid?
1784 1079 1835 1138 si
1872 1078 2057 1157 igitur
2092 1076 2193 1138 illa
2228 1079 2467 1139 uenerit
2500 1095 2710 1138 manus
2748 1095 2900 1156 quae

601 1178 865 1258 undique
931 1184 1232 1257 speratur,
1297 1195 1482 1256 pones
1547 1176 1812 1255 profecto
1876 1175 2291 1256 supercilium,
2354 1195 2471 1256 quo
2536 1193 2697 1236 nunc
2750 1175 2899 1236 mibi

604 1275 982 1355 deditionem,
1039 1276 1206 1355 quasi
1272 1274 1644 1335 omnifariam
1708 1275 1928 1353 uictor,
1990 1270 2293 1354 imperas?
2364 1273 2531 1335 Hanc
2584 1271 2898 1354 epistulam

603 1373 996 1435 Nicomachus
1053 1392 1118 1434 se
1173 1373 1551 1434 transtulisse
1607 1373 1671 1433 in
1718 1371 2009 1434 Graecum
2057 1391 2128 1433 ex
2176 1372 2377 1452 lingua
2422 1371 2706 1452 Syrorum
2755 1371 2900 1432 dicit
2928 1398 2985 1438 ιο

601 1471 674 1532 al)
729 1473 860 1552 ipsa
915 1470 1172 1532 Zenobia
1233 1470 1526 1532 dictatam.
1609 1489 1749 1532 nam
1810 1469 1910 1532 illa
1976 1473 2250 1551 superior
2310 1469 2611 1532 Aureliani
2675 1468 2897 1531 Graeca

601 1571 783 1632 missa
829 1579 938 1631 est.

1409 1745 2090 1822 ASCLEPIODOTI

785 1901 850 1972 l.
909 1911 1142 1987 Vopisc.
1183 1910 1334 1971 Aur.
1377 1909 1491 1984 44,
1528 1909 1570 1969 2
1636 1907 2001 1971 Verconnius
2064 1907 2496 1988 HerennianuS,
2557 1908 2899 1988 praefectus

601 2008 884 2089 praetorii
919 2007 1287 2086 Diocletiani,
1325 2013 1476 2067 teste
1513 2005 1925 2086 Asclepiodoto
1974 2025 2152 2088 saepe
2201 2005 2432 2067 dicebat
2464 2005 2897 2068 Diocletianum

603 2109 947 2186 frequenter
1022 2104 1269 2184 dixisse,
1344 2123 1480 2165 cum
1554 2103 1892 2165 Maximiani
1964 2105 2345 2185 asperitatem
2414 2103 2899 2185 reprehenderet,
2925 2129 2982 2170 ιι

600 2202 1066 2264 Aurelianum
1115 2205 1302 2281 magis
1351 2202 1561 2263 ducem
1608 2220 1741 2264 esse
1790 2201 2067 2264 debuisse
2115 2222 2291 2283 quam
2335 2204 2685 2283 principem.
2762 2220 2899 2264 nam

601 2303 732 2362 eius
787 2303 970 2362 nimia
1018 2302 1294 2361 ferocitas
1351 2299 1543 2361 eidem
1594 2298 1961 2381 displicebat.
2034 2300 2305 2362 mirabile
2360 2301 2611 2361 fortasse
2656 2300 2901 2362 uidetur

601 2397 759 2479 quod
806 2406 1156 2478 conpertum
1201 2397 1564 2460 Diocletiano
1612 2397 2063 2478 Asclepiodotus
2110 2396 2345 2459 Celsino
2402 2397 2741 2460 consiliario
2790 2416 2898 2459 suo

602 2497 822 2557 dixisse
886 2497 1184 2576 perhibet,
1249 2495 1355 2558 sed
1413 2495 1485 2558 de
1540 2496 1654 2558 hoc
1712 2499 1938 2577 posteri
2000 2495 2366 2558 iudicabunt.
2440 2494 2673 2557 dicebat
2736 2497 2899 2557 enim

600 2593 854 2675 quodam
901 2604 1168 2675 tempore
1205 2594 1585 2656 Aurelianum
1625 2594 1955 2656 Gallicanas
1993 2593 2366 2657 consuluisse
2404 2593 2653 2674 dryadas
2690 2595 2899 2655 scisci·
2925 2619 2985 2659 eo

599 2700 842 2772 tantem,
901 2700 1102 2754 utrum
1169 2693 1324 2774 apud
1384 2694 1514 2753 eius
1572 2700 1845 2773 posteros
1908 2694 2226 2774 imperium
2290 2699 2696 2773 permaneret,
2760 2711 2899 2754 cum

598 2790 730 2850 illas
769 2790 1148 2871 respondisse
1187 2789 1338 2852 dixit
1382 2789 1604 2852 nullius
1652 2791 1868 2853 clarius
1907 2793 1968 2852 in
2008 2809 2074 2852 re
2112 2810 2167 2871 p.
2198 2809 2414 2852 nomen
2450 2808 2627 2871 quam
2667 2789 2899 2853 Claudii

597 2897 972 2969 posterorum
1021 2889 1302 2952 futurum.

1329 3139 1727 3214 AVRELII
1781 3138 2162 3214 FESTIVI

781 3293 845 3363 1.
905 3302 1046 3378 Vop.
1086 3302 1274 3363 Fir-m.
1313 3303 1372 3378 6,
1412 3301 1450 3361 1
1534 3299 1695 3362 Haec
1748 3318 1859 3362 nos
1914 3299 1987 3361 de
2042 3299 2276 3362 Firmo
2332 3302 2683 3380 cognouisse
2739 3303 2897 3362 scire

602 3396 884 3477 debuisti,
949 3397 1054 3460 sed
1121 3398 1296 3478 digna
1349 3407 1699 3460 memoratu.
1774 3417 1908 3459 nam
1965 3417 2061 3478 ea,
2117 3416 2269 3479 quae
2337 3397 2409 3460 de
2464 3398 2565 3459 illo
2620 3396 2897 3461 Aurelius
2924 3429 2977 3470 ss

597 3495 873 3556 Festinus
919 3495 1170 3558 libertus
1216 3496 1516 3558 Aureliani
1563 3494 1905 3576 singillatim
1953 3495 2206 3576 rettulit,
2262 3498 2315 3557 si
2368 3498 2462 3558 uis
2520 3515 2897 3576 cognoscere,

598 3592 852 3655 eundem
909 3603 1143 3675 oportet
1198 3595 1376 3675 legas,
1431 3596 1687 3656 maxime
1738 3613 1873 3656 cum
1924 3593 2080 3656 dicat
2124 3594 2390 3657 Firmum
2436 3593 2693 3656 eundem
2740 3597 2899 3656 inter

777 3783 835 3839 1.
875 3785 962 3838 De
1000 3785 1378 3855 Asclepiodoto
1421 3785 1539 3840 uid.
1579 3787 1806 3855 stosop.
1846 3785 1889 3838 Ι
1919 3801 1979 3855 p.
2020 3789 2129 3840 190
2172 3801 2225 3840 n.
2256 3789 2386 3852 158,
2432 3784 2498 3840 do
2538 3785 2895 3854 Vei-connum
3006 3831 3013 3836 .

597 3857 732 3910 Her.
763 3857 1034 3926 Borghesi
1073 3857 1169 3926 Op.
1201 3857 1264 3912 X
1288 3874 1350 3928 p.
1380 3861 1505 3912 147.
1563 3857 1677 3912 Die
1715 3857 1912 3927 Script.
1942 3858 2065 3912 hist.
2095 3858 2238 3930 Aug.
2262 3874 2322 3926 p.
2354 3862 2505 3926 θος,
2530 3873 2707 3926 supra
2724 3873 2787 3927 p.
2822 3879 2893 3912 cc.

777 4053 834 4110 4.
873 4051 1228 4126 captiuitate
1256 4054 1560 4114 Baehrens
1589 4071 1730 4112 ann.
1754 4055 1882 4112 133
1898 4071 1965 4128 p.
1985 4055 2119 4114 223
2258 4056 2357 4114 10.
2396 4053 2819 4114 nichomachus
2844 4054 2901 4112 P

779 4133 846 4220 l,
898 4142 997 4200 18.
1043 4137 1166 4220 (a.)
1193 4141 1383 4204 Diocl.
1411 4144 1743 4203 Mommsen
1772 4143 1975 4203 Herm.
1999 4143 2193 4203 XXV
2210 4161 2277 4219 p.
2306 4143 2441 4202 258
2625 4146 2725 4206 19.
2763 4161 2891 4220 per·

595 4229 836 4289 hibetur
871 4231 929 4288 P
1164 4232 1266 4290 20.
1314 4231 1657 4292 aurelianus
1684 4231 1744 4291 P
1950 4231 2289 4293 Gallizenas
2323 4231 2399 4292 L.
2428 4230 2587 4292 Paul
2612 4233 2889 4294 erkeis.

597 4337 736 4378 aom.
771 4319 988 4393 1451».
1022 4321 1150 4380 795
1177 4337 1260 4396 aq.
1442 4323 1542 4379 22.
1588 4339 1684 4380 res
1728 4313 1769 4395 f>
1819 4321 1877 4380 P
