3234 5034
1279 282 1343 348 Q.
1383 281 1690 336 DELLIVS
2390 301 2639 348 vaml

325 449 675 511 Sallustium
705 450 815 524 (II
843 451 913 524 2)
945 469 1077 512 esse
1114 458 1467 530 prosecutus
1505 448 1748 510 uidetur
1775 452 1863 523 (u.
1885 451 2187 527 Porphyr.
2218 458 2277 510 et
2306 451 2634 526 Kiessliny.

324 551 412 611 ad
445 550 525 610 II
553 551 648 622 3).
696 551 934 628 saepius
972 551 1034 610 in
1063 550 1300 610 Antonii
1339 548 1584 609 historia
1625 556 2140 626 commemoratur,
2170 549 2341 608 cuius
2378 554 2439 607 et
2478 549 2636 608 inter

324 646 612 708 delicatos
671 647 854 709 fuisse
913 648 1131 708 dicitur
1178 649 1325 722 (Dio
1365 647 1469 722 49,
1507 647 1613 722 39,
1642 647 1713 720 2)
1763 655 1824 707 et
1876 655 2081 726 postea
2128 642 2439 724 Cleopatra
2497 665 2633 706 cum

323 745 605 806 omnibus
661 744 964 806 illecebris
1009 747 1073 807 in
1119 745 1387 806 Ciliciam
1432 743 1721 824 perducta
1770 747 1957 818 (Plut.
1989 747 2129 806 Ant.
2158 745 2273 818 25)
2324 745 2455 804 eius
2500 742 2633 803 libi-

324 843 565 904 dinibus
613 845 826 904 seruiit
863 837 974 926 (cf.
1014 844 1248 920 Ioseph.
1288 853 1414 904 ant.
1453 845 1588 904 Iud.
1630 843 1763 903 XV
1791 844 1851 920 2,
1881 844 1923 902 5
1950 847 2125 919 sqq.)
2190 841 2297 903 sed
2345 844 2523 903 etiam
2570 844 2631 902 iu

321 941 678 1003 ludaeorum
744 940 924 1003 rebus
988 941 1335 1002 ordinandis
1400 943 1458 1003 ei
1519 940 1843 1002 sollertiam
1909 958 2078 1002 suam
2142 948 2203 1000 et
2260 940 2630 1002 dicacitatem

319 1035 684 1124 praebuit1),
739 1043 994 1101 maxime
1049 1047 1250 1100 tamen
1307 1041 1372 1099 in
1425 1038 1582 1099 bello
1638 1038 1940 1116 Parthico,
1997 1040 2095 1099 cui
2153 1037 2321 1099 ducis
2380 1057 2630 1100 munere

320 1147 568 1198 ornatus
616 1138 890 1200 interfuit
938 1139 1046 1216 (fr.
1087 1139 1175 1213 1).

499 1236 694 1296 Huius
739 1236 1103 1298 uberrimam
1151 1239 1555 1298 narrationem
1599 1235 1889 1297 habemus
1936 1235 2094 1314 apud
2133 1234 2517 1297 Plutarchum
2565 1238 2629 1296 in

316 1336 442 1395 uita
489 1335 732 1395 Antonii
781 1354 829 1395 c.
869 1331 1137 1396 33—34
1183 1343 1246 1395 et
1291 1327 1643 1418 37—54.2)
1719 1335 1883 1413 atqui
1932 1333 2169 1412 Strabo,
2218 1336 2321 1413 qui
2368 1335 2431 1393 in
2478 1332 2628 1395 Cau-

319 1435 442 1493 casi
491 1431 896 1511 descriptione
943 1451 976 1492 a
1020 1431 1382 1512 Theophane
1428 1433 1745 1492 maximam
1793 1439 2022 1511 partem
2069 1431 2291 1511 pendet
2303 1427 2376 1516 ⁸),
2424 1451 2455 1494 a
2493 1432 2625 1493 Del-

317 1530 398 1590 lio
444 1531 559 1591 hoc
607 1529 830 1592 bellum
879 1529 1245 1610 descriptum
1286 1549 1418 1591 esse
1457 1528 1703 1590 tradidit
1740 1531 1857 1608 (fr.
1889 1530 1958 1603 1)
1998 1537 2059 1590 et
2096 1529 2258 1590 idem
2297 1530 2626 1591 stadiorum

317 1631 578 1708 spatium
637 1629 958 1690 Antonium
1024 1647 1336 1690 emensum
1401 1645 1534 1689 esse
1606 1647 1638 1688 a
1700 1627 2017 1707 Zeugmate
2080 1646 2272 1708 usque
2337 1627 2410 1689 ad
2476 1630 2627 1690 fines

315 1725 628 1787 Medorum
676 1729 812 1802 (XI
851 1727 954 1804 13,
983 1728 1074 1805 4),
1131 1725 1290 1807 quod
1343 1726 1697 1787 Plutarchus
1752 1728 2100 1805 priusquam
2156 1726 2229 1787 ad
2284 1727 2625 1788 Armeniam

313 1828 668 1904 perueniret
715 1819 796 1908 (c.
835 1825 940 1902 38,
997 1844 1068 1886 ex
1130 1825 1478 1886 confusione
1533 1818 1795 1908 opinor),
1861 1832 1921 1884 et
1984 1823 2241 1886 eundem
2306 1843 2624 1886 numerum

315 1925 587 2002 equitum
641 1926 1000 1985 ferratorum
1055 1926 1112 1984 ei
1162 1922 1551 1984 Artauasdem
1603 1922 1951 2003 praebuisse
2000 1924 2135 1996 (XI
2174 1924 2277 1999 14,
2307 1924 2397 2002 9),
2445 1943 2623 2003 quem

311 2020 669 2082 Plutarchus
717 2025 797 2095 (c.
836 2016 1040 2106 37)⁴),
1099 2030 1226 2083 tum
1281 2030 1534 2100 uterque
1592 2020 1803 2081 eodem
1858 2020 1988 2081 loco
2042 2021 2203 2082 hunc
2258 2040 2459 2101 regem
2516 2025 2621 2083 Ar-

312 2122 548 2181 meniae
606 2129 665 2180 et
711 2129 1014 2182 auctorem
1063 2121 1332 2181 funestae
1379 2118 1564 2179 cladis
1611 2117 1947 2198 proditione
1995 2138 2099 2181 sua
2148 2120 2331 2180 fuisse
2381 2127 2441 2182 et
2486 2139 2621 2182 sero

311 2219 444 2278 eins
490 2235 716 2296 poenas
761 2217 1032 2279 soluisse.
1045 2211 1100 2302 ⁶)
1169 2217 1426 2296 denique
1471 2216 1825 2278 Plutarchus
1874 2216 2099 2278 dictum
2147 2219 2275 2278 eius
2324 2218 2619 2297 quoddam

311 2317 392 2376 ita
429 2315 653 2393 adfert,
687 2324 756 2376 ut
792 2316 1104 2377 historiam
1142 2319 1199 2377 ei
1238 2317 1533 2394 cognitam
1573 2316 1757 2376 fuisse
1797 2314 2077 2394 adpareat
2116 2308 2259 2398 (etsi
2298 2334 2443 2378 num
2482 2336 2621 2379 eum

308 2412 506 2474 locum
565 2421 727 2474 recte
779 2415 844 2474 in
891 2414 1360 2492 fragmentorum
1405 2431 1740 2492 numerum,
1793 2408 1851 2491 2,
1899 2415 2248 2493 receperim,
2298 2409 2549 2499 dubito).
2564 2410 2616 2501 ⁶)

307 2512 512 2591 itaque
561 2514 680 2572 iam
727 2512 1060 2574 Heerenius
1106 2531 1162 2592 p.
1197 2509 1320 2572 181
1345 2530 1432 2591 sq.
1472 2529 1610 2572 eum
1651 2513 1717 2570 in
1753 2511 1865 2571 hac
1908 2512 2287 2591 expeditione
2325 2513 2617 2576 narranda

305 2607 566 2670 Dellium
619 2619 888 2672 secutum
938 2628 1071 2672 esse
1127 2611 1410 2688 coniecit,
1458 2611 1556 2670 cui
1601 2611 1731 2689 ipse
1778 2607 2067 2671 adsensus
2114 2629 2247 2670 sum
2295 2612 2519 2684 (Duell.
2559 2615 2615 2673 d.

307 2709 464 2769 Plut.
491 2727 563 2784 p.
606 2708 737 2767 144
753 2712 890 2786 ψῃ),
937 2707 1175 2788 aliique,
1222 2706 1580 2769 Buercklein
1628 2715 1689 2768 et
1725 2707 2041 2786 Fennema,
2088 2708 2201 2768 hoc
2247 2712 2615 2786 argumentis

305 2807 836 2866 confirmauerunt.
912 2805 1056 2885 quid
1103 2804 1261 2886 quod
1308 2807 1504 2867 omnis
1551 2808 1681 2866 eius
1727 2808 2033 2884 memoria,
2080 2825 2257 2885 quam
2304 2825 2465 2868 nunc
2512 2807 2613 2868 ha-

275 2903 547 2982 ·bemuS,
606 2903 680 2964 ad
734 2922 874 2964 eum
927 2903 1128 2965 redire
1175 2903 1442 2982 uidetur,
1489 2905 1596 2990 ita·
1620 2911 1837 2982 tamen,
1883 2911 1949 2964 ut
1994 2905 2121 2982 ipsa
2170 2906 2433 2982 materia,
2479 2905 2613 2966 Del·

303 3001 458 3062 liana
507 3003 741 3081 opinor,
788 3020 821 3062 a
859 3001 1050 3080 Liuio,
1097 3019 1274 3082 quem
1314 3003 1375 3062 in
1412 3003 1766 3062 uniuersum
1802 3003 1949 3062 satis
1988 3019 2060 3061 ex
2108 2999 2359 3062 adseclis
2398 3021 2612 3082 cogno-

301 3117 485 3124 —-—-—-
616 3118 653 3122 —

485 3177 538 3235 1)
577 3173 802 3243 Joseph.
836 3175 950 3226 ant.
981 3171 1108 3226 XIV
1149 3179 1232 3240 15,
1265 3179 1312 3226 1.
1373 3171 1473 3225 XV
1511 3178 1560 3241 2,
1592 3178 1642 3227 5.
1682 3171 1813 3226 bell.
1844 3172 1963 3227 Iud.
1992 3171 2019 3226 I
2058 3178 2141 3238 15,
2172 3178 2219 3226 3.
2278 3172 2364 3227 De
2401 3173 2609 3229 dicaci·

297 3257 422 3308 tate
459 3253 534 3307 ef.
563 3253 632 3306 fr.
663 3261 712 3308 2.
772 3253 985 3307 Seneca
1023 3269 1169 3306 snas.
1203 3259 1250 3320 1,
1283 3259 1330 3306 7.

480 3339 538 3404 2)
576 3333 704 3388 Vid.
735 3335 802 3387 A.
832 3332 1170 3387 Buercklein
1204 3334 1428 3404 Quellen
1463 3351 1518 3388 u.
1553 3333 1907 3402 Ohronoloyie
1934 3333 2030 3387 der
2056 3336 2413 3402 ro'maparth.
2442 3336 2608 3390 Feta-

293 3421 432 3486 aeft'qe
471 3418 784 3470 713—718.
842 3413 988 3468 Disa.
1019 3414 1167 3484 Lipa.
1203 3418 1356 3468 1879.
1414 3413 1481 3467 Η.
1522 3411 1641 3466 Ten
1688 3411 1825 3467 Cate
1872 3413 2155 3467 Fennema
2194 3414 2432 3484 Quaestt.
2464 3415 2608 3470 Par-

295 3497 492 3562 thicae,
531 3494 678 3548 Diss.
707 3495 884 3566 Lugd.
919 3499 1075 3549 1882.

477 3579 533 3646 3)
573 3575 703 3629 Vid.
733 3575 824 3630 W.
865 3573 1156 3630 Fabricius
1211 3575 1564 3643 Theophanes
1608 3591 1715 3629 von
1764 3575 2031 3644 Mytilene
2074 3590 2129 3627 u.
2164 3573 2225 3644 Q.
2256 3575 2479 3630 Dellius
2522 3578 2608 3632 als

300 3655 530 3727 Quellen
567 3657 665 3711 der
704 3657 1045 3727 Geoqraphie
1081 3657 1174 3711 dea
1210 3655 1462 3710 Strabon.
1526 3653 1858 3724 Strassburg
1897 3659 2049 3708 1888.

475 3741 534 3804 4)
571 3735 908 3790 Buercklein
937 3755 992 3806 p.
1019 3743 1100 3790 14.
1141 3736 1423 3790 Fennema
1449 3753 1503 3804 p.
1538 3741 1600 3788 11
1624 3753 1705 3804 sq.
1755 3734 1837 3787 De
1866 3733 2090 3788 diuerso
2119 3751 2348 3789 numero
2377 3735 2437 3788 in
2466 3753 2511 3790 c.
2535 3743 2604 3790 50

273 3801 346 3870 ἀ.
375 3815 667 3870 Fennema.
703 3833 760 3886 p.
793 3821 874 3871 12.

475 3900 532 3966 5)
571 3895 758 3952 Strab.
777 3897 855 3950 XI
886 3903 972 3965 13,
989 3904 1040 3951 4.
1096 3897 1242 3952 Plut.
1275 3913 1320 3952 c.
1343 3901 1427 3952 50.
1457 3914 1512 3950 u.
1541 3895 1607 3951 Κ.
1629 3896 1669 3950 Ι.
1700 3895 1997 3949 Neumann
2026 3894 2085 3948 in
2114 3894 2385 3951 Fleckeis.
2409 3895 2603 3972 Suppl=

291 3977 420 4031 m
457 3983 864 4128 1&alllgbricius
901 4076 956 4127 p.
989 4063 1094 4111 220
1114 4074 1232 4127 sqq.
1273 4059 1499 4126 praeter
1540 4059 1795 4111 nostrum
1830 4053 1919 4126 (fr.
1949 4059 1982 4109 8
2020 4055 2171 4124 apud
2219 4059 2367 4124 eum)
2406 4055 2603 4111 decem

289 4137 616 4208 fragmenta
667 4155 736 4192 ex
787 4136 1062 4193 Strabone
1117 4137 1332 4193 eruisse
1385 4137 1496 4192 sibi
1545 4137 1703 4190 uisus
1750 4137 1858 4189 eet:
1910 4135 2040 4189 XVI
2070 4141 2120 4202 2,
2149 4140 2182 4188 8
2210 4142 2283 4204 (1.
2314 4141 2393 4206 2);
2435 4142 2483 4204 1,
2514 4142 2597 4192 28.

289 4218 368 4354 lXAEBI
403 4227 562 4372 ξ,(ῗ(;)
614 4225 706 4369 ἓῧ
735 4227 766 4272 9
797 4225 867 4288 (6.
909 4223 990 4290 6);
1049 4224 1132 4287 18,
1163 4226 1224 4286 4;
1279 4221 1338 4272 et
1386 4224 1468 4286 14,
1502 4223 1568 4271 15
1616 4219 1675 4271 et
1720 4215 1848 4270 XVI
1888 4223 1936 4281 1,
1966 4220 2035 4270 28
2064 4219 2135 4287 (⁷.
2165 4219 2236 4286 9).
2300 4217 2379 4270 XI
2419 4223 2501 4286 14,
2540 4224 2599 4286 ὃς
