3234 5034
649 304 776 370 130
1149 306 1468 361 SEPTIMII
1503 307 1680 362 VITA
1717 309 2149 364 ALEXANDRI
2188 310 2453 367 SEVERI

642 481 962 563 adfectanS,
1011 486 1183 564 eique
1231 486 1566 547 nuntiatum
1615 493 1775 546 esset
1822 505 1891 546 ac
1937 490 2137 548 statim
2176 487 2507 567 probatum,
2546 488 2621 550 ad
2657 488 2940 550 Palatium

643 599 778 642 eum
837 584 1067 661 rogauit
1108 581 1520 662 [Alexander]
1570 586 1746 664 eique
1804 587 2026 664 gratias
2074 588 2219 665 egit,
2276 587 2435 667 quod
2480 605 2689 648 curam
2735 589 2825 648 rei
2869 606 2941 667 p.‚

641 699 791 759 quae
840 681 1256 742 recusantibus
1301 681 1478 743 honis
1523 684 1932 764 inponeretur,
1980 691 2191 763 sponte
2239 687 2561 766 reciperet3
2609 685 2826 746 deinde
2874 685 2941 746 ad

641 787 910 840 senatum
967 783 1264 859 processit
1317 789 1378 841 et
1434 783 1745 842 timentem
1804 800 1873 842 ac
1928 791 2121 844 tantae
2175 785 2575 845 conscientiae
2623 782 2759 844 tabe
2806 802 2941 844 con-

640 877 860 938 fectum
915 880 1268 958 participem
1323 881 1560 958 imperii
1617 878 1953 960 appellauit,
2001 883 2063 941 in
2109 879 2400 943 Palatium
2448 885 2691 962 recepit,
2740 885 2941 942 conui·
2966 896 2987 936 ὅ

638 977 739 1037 uio
795 975 1081 1056 adhibuit,
1128 981 1492 1040 ornamentis
1551 976 1959 1058 imperialibus
2026 986 2087 1040 et
2148 978 2524 1060 melioribus,
2580 999 2759 1060 quam
2814 983 2941 1060 ipse

641 1073 942 1154 utebatur,
989 1073 1222 1136 adfecit.
1307 1083 1368 1136 et
1419 1095 1554 1137 cum
1603 1076 1901 1156 expeditio
1950 1075 2259 1138 barbarica
2306 1086 2467 1140 esset
2510 1079 2801 1158 nuntiata,
2846 1077 2943 1140 uel

637 1174 836 1253 ipsum
883 1176 934 1234 si
981 1173 1162 1236 uellet
1207 1175 1296 1237 ire
1343 1173 1440 1235 uel
1488 1183 1555 1236 ut
1601 1193 1806 1236 secum
1853 1176 2352 1255 proficisceretur,
2390 1177 2661 1237 hortatus
2706 1185 2819 1238 est.
2885 1185 2944 1238 et

639 1289 775 1332 cum
840 1274 968 1351 ipse
1033 1272 1218 1352 pedes
1277 1275 1394 1334 iter
1449 1272 1698 1352 faceret,
1755 1272 1922 1334 illum
1978 1275 2260 1335 inuitauit
2306 1274 2378 1335 ad
2424 1273 2717 1354 laborem,
2762 1292 2940 1354 quem

637 1377 773 1449 post
826 1373 1090 1450 quinque
1144 1369 1307 1434 milia
1364 1378 1744 1432 cunctantem
1800 1389 1951 1452 equo
1998 1371 2210 1434 sedere
2257 1375 2458 1453 iussit,
2504 1391 2763 1452 cumque
2808 1381 2943 1453 post
2966 1389 3012 1428 ιθ

639 1467 785 1530 duas
831 1471 1169 1530 mansiones
1215 1487 1368 1552 equo
1417 1471 1593 1531 etiam
1644 1469 1921 1550 fatigatus
1967 1477 2146 1547 esset,
2185 1479 2467 1551 carpento
2502 1473 2785 1552 inposuit,
2830 1472 2941 1533 hoc

639 1584 872 1646 quoque
921 1585 1028 1628 seu
1077 1569 1290 1628 timore
1339 1586 1445 1630 seu
1491 1586 1637 1630 uere
1685 1575 2097 1648 respuentem,
2144 1567 2516 1631 abdicantem
2563 1571 2707 1648 quin
2764 1572 2939 1631 etiam

637 1665 956 1745 imperium
1003 1674 1062 1726 et
1109 1669 1261 1726 mori
1308 1674 1578 1746 paratum
1635 1664 1863 1727 dimisit
1908 1666 2507 1748 commendatumque
2552 1665 2863 1748 militibus,
2908 1687 2937 1728 a

638 1763 856 1843 quibus
893 1762 1226 1824 Alexander
1269 1767 1446 1826 unice
1495 1763 1818 1845 amabatur,
1866 1771 2059 1826 tutum
2109 1765 2181 1825 ad
2228 1765 2404 1827 uillas
2450 1783 2590 1827 suas
2634 1767 2723 1827 ire
2770 1783 2938 1847 prae-

637 1864 812 1941 cepit,
851 1863 911 1922 in
951 1861 1168 1941 quibus
1212 1862 1312 1924 diu
1359 1865 1526 1924 uixit.
1592 1862 1699 1924 sed
1744 1871 1879 1942 post
1924 1865 2093 1924 iussu
2139 1865 2519 1944 imperatoris
2555 1865 2795 1925 occisus
2832 1873 2937 1942 est,
2966 1878 3012 1918 ιε

637 1959 796 2039 quod
843 1968 902 2020 et
949 1958 1049 2021 ille
1085 1959 1362 2022 militaris
1401 1970 1561 2024 esset
1599 1960 1687 2039 [et
1726 1980 1756 2022 a
1795 1961 2087 2022 militibus
2126 1964 2360 2023 occisus
2398 1959 2601 2039 esset].
2645 1963 2773 2022 scio
2810 1961 2938 2023 uul-

636 2075 778 2136 gum
822 2057 976 2119 hanc
1022 2076 1168 2138 rem,
1215 2077 1390 2138 quam
1441 2061 1736 2140 contexui,
1783 2059 2021 2138 Traiani
2070 2067 2279 2140 putare
2319 2095 2421 2120 —.
2488 2067 2693 2120 contra
2743 2069 2935 2121 autem

427 2158 486 2209 t'r.
507 2161 554 2210 2.
577 2162 608 2210 3
640 2163 700 2215 et
745 2155 1070 2235 Septimius
1127 2165 1186 2218 et
1241 2157 1518 2218 Acholius
1576 2165 1636 2218 et
1680 2156 2004 2237 Encolpius
2054 2161 2360 2237 ceterique
2404 2160 2565 2219 uitae
2612 2159 2938 2237 scriptores

639 2251 710 2314 de
756 2253 869 2314 hoc
915 2253 1054 2316 talia
1099 2254 1617 2334 praedicanerunt.

916 2540 1342 2614 SEPTIMII
1397 2540 1633 2613 VITA
1688 2539 2257 2613 ALEXANDRI
2314 2538 2661 2613 SEVERI

817 2721 930 2791 1*.
998 2727 1240 2805 Lampr.
1279 2728 1453 2789 Alex.
1493 2728 1595 2804 17,
1634 2728 1677 2788 2
1742 2726 1920 2789 Addit
1968 2725 2293 2807 Septimius
2350 2726 2673 2806 [Encolpio
2722 2727 2811 2804 fr.
2850 2726 2935 2806 1J,
2962 2749 3013 2790 no

636 2827 738 2905 qui
792 2827 978 2886 uitam
1034 2829 1164 2886 eius
1218 2843 1339 2886 non
1393 2825 1777 2886 mediocriter
1834 2831 2197 2904 exsequutus
2253 2832 2369 2905 est,
2431 2827 2580 2886 tanti
2644 2825 2937 2886 stomachi

637 2925 818 2985 fuisse
857 2923 1253 2985 Alexandrum
1298 2925 1360 2984 in
1407 2941 1510 2985 eos
1557 2922 1806 3003 iudices,
1853 2925 1957 3003 qui
2004 2923 2299 2984 furtorum
2348 2923 2501 2984 fama
2546 2921 2935 3002 laborassent,

635 3024 868 3083 etiamsi
918 3021 1174 3083 damnati
1219 3040 1340 3083 non
1387 3029 1604 3100 essent,
1649 3029 1733 3102 ut,
1781 3023 1833 3082 si
1880 3039 1985 3082 eos
2030 3039 2173 3082 casu
2219 3021 2415 3100 aliquo
2460 3019 2726 3098 uideret,
2775 3040 2933 3082 com·

636 3123 894 3181 motione
933 3121 1115 3182 animi
1152 3119 1442 3181 stomachi
1479 3118 1777 3180 choleram
1812 3127 2120 3181 euomeret
2153 3125 2273 3179 toto
2302 3118 2473 3179 uultu
2502 3116 2933 3198 inardescente,

633 3221 714 3280 ita
762 3227 830 3280 ut
872 3216 1021 3278 nihil
1068 3217 1230 3297 loqui
1273 3227 1494 3298 posset.
1568 3235 1706 3278 nam
1753 3236 1887 3278 cum
1937 3215 2179 3297 quidam
2225 3215 2549 3297 Septimius
2586 3215 2931 3296 Arabianus,
2962 3239 3007 3279 ιε,

635 3317 895 3378 famosus
942 3317 1192 3376 crimine
1240 3316 1532 3377 furtorum
1581 3324 1642 3377 ct
1688 3314 1798 3376 sub
1843 3313 2220 3394 Heliogabalo
2266 3316 2385 3376 iam
2430 3313 2737 3392 liberam,
2778 3317 2933 3376 inter

813 3517 870 3571 4.
908 3513 1044 3572 labe
1085 3513 1362 3573 Oberdick
1472 3515 1528 3572 9.
1567 3511 1645 3572 ad
1691 3513 1893 3572 borem
1930 3506 2021 3572 Ρ1
2144 3516 2243 3572 11.
2292 3512 2440 3574 duos
2475 3503 2563 3571 Ρ1
2694 3513 2795 3572 13.
2834 3512 2929 3572 de·

631 3605 799 3662 misit
825 3603 882 3661 P
997 3604 1095 3661 16.
1126 3606 1187 3662 et
1215 3622 1251 3662 a
1278 3603 1571 3661 militibus
1599 3602 1828 3662 occisus
1858 3605 1949 3662 est
1973 3603 2144 3662 uncis
2169 3603 2383 3661 inclusi
2410 3601 2743 3675 amabam,
2772 3601 2929 3678 quod

633 3695 694 3752 et
729 3693 832 3751 ille
871 3691 993 3751 mil.
1024 3696 1195 3767 esset,
1221 3695 1423 3752 tutum
1454 3724 1536 3732 —
1567 3691 1740 3750 uixit.
1788 3691 1890 3751 sed
1928 3694 2063 3768 post
2100 3691 2334 3751 iniussu
2360 3685 2521 3770 [eum
2546 3684 2758 3771 διάη]
2786 3692 2926 3767 imp.

633 3801 670 3841 a
698 3781 989 3841 militibus
1019 3783 1244 3841 occisus
1283 3785 1374 3841 est
1399 3781 1657 3854 Maduiy
1694 3780 1796 3840 sed
1832 3784 2041 3858 postea.
2078 3799 2212 3840 cum
2248 3780 2575 3857 imperator
2610 3781 2663 3840 is
2702 3781 2928 3840 occisus

633 3875 747 3944 est,
813 3871 972 3947 quod
1035 3873 1091 3928 ei
1151 3871 1256 3930 ille
1299 3866 1703 3948 <fa)miliaris
1768 3873 1948 3945 esset,
2004 3889 2041 3929 a
2094 3870 2219 3929 mil.
2267 3889 2318 3929 o.
2366 3873 2458 3928 est
2501 3869 2714 3928 Novak
2758 3869 2931 3944 ,ἵλεῳ

633 3961 799 4018 1887
826 3978 894 4035 p.
925 3961 1010 4018 10
1159 3961 1256 4019 18.
1303 3959 1466 4019 uitae
1511 3959 1829 4035 scriptores
1864 3962 1932 4020 in
1966 3959 2025 4018 P
2056 3963 2191 4019 ante
2230 3958 2529 4035 ceterique
2574 3961 2925 4032 transposui,

629 4050 749 4108 nisi
793 4051 1027 4108 omnino
1071 4049 1378 4109 delendum
1425 4053 1506 4109 est

815 4129 880 4219 l,
930 4140 1031 4198 20.
1078 4137 1439 4216 *Ψιίωὶηιιε
1476 4138 1533 4198 P
1574 4129 1955 4220 (septiminus
1995 4129 2239 4217 Bamb.)
2484 4137 2586 4195 22.
2634 4135 2923 4196 fei-torum

631 4226 688 4286 P
709 4245 764 4286 a.
795 4245 938 4286 corr.
1079 4229 1179 4286 24.
1216 4229 1413 4287 colera.
1438 4219 1527 4285 Ρ1
1661 4227 1860 4286 uultui
1887 4246 2005 4285 non
2034 4225 2159 4286 ard.
2188 4219 2273 4286 P¹
2422 4224 2522 4284 25.
2560 4224 2849 4285 arithinus
2878 4225 2931 4283 P

632 4315 950 4376 arabianus
995 4336 1030 4384 ς
