3234 5034
642 328 791 376 CLIII
1133 326 1231 380 DE
1270 325 1734 382 SCRIPTORVM
1775 325 1962 380 VITIS
2002 327 2093 381 ΕΤ
2133 325 2449 382 SCRIPTIS

640 494 920 556 sacerdos
976 501 1037 556 et
1083 493 1255 555 facile
1312 512 1449 556 cum
1504 495 1784 574 genetiuo
1843 489 2183 556 ‘doctorum
2243 492 2545 556 uirorum’
2605 493 2677 555 de
2737 492 2950 555 biblio-

640 593 848 653 thecae
894 593 1195 672 praefecto
1242 592 1627 672 intellegitur,
1673 599 1908 671 poetam
1946 599 2142 654 autem
2181 591 2244 652 id
2281 594 2495 672 egisse,
2531 599 2598 652 ut
2635 593 2698 652 in
2735 591 2946 653 biblio·

639 691 831 752 thecis
875 689 1133 770 publicis
1178 689 1545 752 carminibus
1593 691 1721 751 suis
1768 689 1934 751 locus
1983 689 2242 769 daretur,
2289 707 2364 751 ex
2409 691 2602 769 prima
2639 691 2770 751 eius
2809 689 2950 750 libri

642 787 829 867 elegia
877 796 1138 869 apparet,
1192 787 1315 867 ubi,
1360 787 1521 867 quod
1576 791 1640 849 in
1687 787 1894 849 ultima
1941 789 2106 868 petit,
2156 786 2484 850 desiderari
2531 789 2948 865 conqueritur:

858 903 1249 972 quaerentem
1291 895 1540 973 frustra
1587 903 1791 957 custos
1835 914 1870 956 e
1913 897 2160 957 sedibus
2205 898 2326 957 illis
2339 888 2391 978 ι>

945 1007 1344 1080 praepositus
1386 1011 1603 1064 sancto
1652 1006 1829 1063 iussit
1874 1004 2050 1063 abire
2094 1005 2245 1064 loco,

856 1113 1056 1171 altera
1104 1112 1325 1187 templa
1358 1118 1523 1186 peta,
1571 1113 1780 1171 uicino
1827 1108 2042 1170 invicta
2089 1110 2363 1170 theatro:

963 1219 1121 1278 haec
1166 1233 1404 1293 quoque
1451 1223 1634 1278 erant
1664 1218 1934 1292 pedibus
1979 1233 2100 1277 non
2148 1218 2438 1278 adeunda
2483 1221 2644 1277 meis.
2674 1249 2757 1258 —

858 1328 1116 1400 interea,
1164 1327 1453 1401 quoniam
1497 1327 1683 1384 statio
1729 1324 1881 1385 mihi
1913 1325 2174 1400 publica
2221 1325 2435 1384 clausa
2483 1331 2587 1399 est,

951 1435 1213 1507 priuato
1259 1434 1446 1492 liceat
1491 1432 1804 1491 delituisse
1852 1432 2002 1491 loca.

642 1538 841 1618 itaque
896 1537 1076 1598 habet
1130 1539 1192 1598 in
1249 1536 1437 1617 elegia
1492 1544 1702 1617 quarta
1761 1535 2017 1617 decima,
2064 1555 2174 1597 cur
2221 1544 2468 1617 quaerat
2511 1556 2582 1598 ex
2629 1536 2758 1617 illo,
2807 1555 2950 1598 num

642 1630 926 1715 ‘colligat'
976 1653 1081 1697 sua
1129 1637 1393 1697 carmina
1439 1637 1528 1711 (u.
1567 1637 1660 1713 5),
1706 1642 2131 1715 preceturque,
2188 1642 2254 1696 ut
2309 1637 2364 1695 ei
2427 1653 2604 1696 curae
2655 1632 2948 1716 ‘palam’

642 1735 721 1793 sit
764 1733 913 1794 haec
948 1731 1123 1794 turba
1163 1733 1327 1813 (18),
1374 1732 1533 1812 quod
1561 1734 1708 1793 item
1746 1731 1821 1793 ad
1856 1731 2164 1812 publicum
2199 1750 2417 1793 munus
2453 1735 2732 1814 pertinet,
2771 1729 2952 1795 ‘suis-

640 1849 758 1911 que
812 1828 1052 1892 libellis’
1103 1832 1283 1892 etiam
1336 1831 1498 1891 hunc
1559 1832 1804 1891 tertium
1870 1831 2133 1891 tristium
2197 1829 2417 1892 librum
2482 1840 2738 1912 apponat
2782 1831 2951 1907 (25).

642 1927 801 1990 idem
850 1928 1105 2008 denique
1153 1930 1395 1990 omnino
1442 1924 1672 1990 ‘uatum
1720 1928 2022 1990 studiosus
2069 1925 2387 1989 nouorum'
2437 1929 2540 2003 (7)
2599 1928 2952 2008 appellatur,

642 2045 838 2106 neque
886 2036 978 2088 est
1024 2029 1341 2106 quisquam
1387 2028 1830 2105 grammaticuS,
1869 2044 2047 2106 quem
2083 2033 2326 2106 praeter
2361 2025 2656 2106 Hyginum
2705 2045 2952 2105 operam

642 2128 704 2186 in
762 2143 903 2186 suae
962 2126 1171 2187 aetatis
1226 2126 1419 2204 poetis
1485 2122 1852 2204 explicandis
1919 2125 2363 2203 consumpsisse
2425 2131 2674 2186 constet.
2749 2127 2953 2204 itaque

607 2242 691 2302 Oa.
736 2217 1007 2303 10s744,
1063 2241 1181 2302 quo
1237 2220 1332 2282 illa
1392 2220 1580 2301 elegia
1638 2223 1820 2284 missa
1867 2229 1984 2300 est,
2031 2220 2298 2301 Hyginus
2344 2220 2739 2284 bibliothecae
2785 2221 2953 2284 Pala·

643 2323 801 2381 tinae
860 2322 1038 2382 etiam
1096 2327 1387 2399 praeerat.
1462 2320 1524 2380 in
1579 2320 1695 2381 hoc
1750 2327 1945 2380 tamen
2004 2318 2390 2398 offendimuS,
2443 2320 2602 2400 quod
2647 2338 2785 2382 eum
2837 2320 2954 2382 sibi

642 2437 833 2498 usque
882 2417 955 2478 ad
1004 2419 1182 2478 linem
1229 2420 1388 2479 uitae
1438 2418 1894 2479 sustentandum
1943 2417 2126 2478 fuisse
2166 2416 2405 2479 Clodius
2443 2417 2705 2497 tradidit,
2751 2435 2954 2499 neque

644 2519 802 2578 enim
860 2517 1139 2595 exiguum
1196 2515 1476 2577 salarium
1533 2533 1670 2576 eum
1723 2514 1795 2576 ab
1843 2517 2107 2594 Augusto
2155 2517 2456 2595 accepisse
2504 2515 2814 2597 probabile
2864 2526 2957 2577 est

645 2613 1033 2690 (Hirschfeld
1080 2607 1761 2692 Vemaltunqsbeamt!
1792 2633 1859 2691 p.
1890 2613 2022 2674 302
2041 2617 2157 2690 sq.)
2205 2612 2616 2693 plurimosque
2673 2613 2952 2676 docuisse

644 2732 674 2773 a
725 2711 1008 2773 Suetonio
1065 2718 1609 2772 commemoratum.
1686 2729 1862 2792 quam
1919 2713 2330 2791 quaestionem
2387 2710 2622 2773 soluere
2677 2731 2800 2773 non
2851 2731 2955 2792 po·

646 2811 894 2871 terimus
950 2810 1069 2870 nisi
1126 2811 1233 2889 ita,
1287 2816 1357 2870 ut
1410 2809 1508 2870 uel
1564 2827 1707 2870 casu
1768 2809 1965 2889 aliquo
2021 2809 2270 2888 Augusti
2325 2811 2586 2889 patroni,
2650 2811 2755 2890 qui
2815 2829 2954 2872 eum

646 2926 823 2969 manu
897 2907 1167 2987 miserat,
1243 2907 1446 2968 l'auore
1520 2926 1655 2967 eum
1731 2906 2049 2987 spoliatum
2107 2907 2205 2968 uel
2271 2909 2540 2988 corporis
2604 2908 2954 2970 infirmitate

642 3023 893 3066 munere
951 3004 1117 3084 fungi
1172 3003 1539 3084 prohibitum
1605 3023 1738 3065 esse
1799 3007 2166 3066 coniciamus
2205 3007 2450 3082 (Unger
2482 3025 2549 3084 p.
2587 3004 2766 3081 219).
2847 3005 2954 3067 sed

645 3112 714 3165 ut
759 3122 876 3184 quo
924 3103 1211 3182 temporis
1261 3103 1450 3182 spatio
1498 3102 1688 3164 Clodii
1735 3101 2092 3164 liberalitate
2139 3121 2286 3164 usus
2324 3121 2560 3183 quoque
2599 3121 2752 3164 anno
2793 3123 2954 3164 mor-

644 3210 784 3262 tuus
832 3203 911 3261 sit
948 3199 1318 3280 definiamuS,
1357 3203 1553 3262 omnia
1592 3209 1756 3262 certa
1795 3200 2016 3262 indicia
2055 3200 2297 3283 desunt3
2344 3219 2539 3281 neque
2577 3203 2738 3262 enim
2777 3203 2954 3282 quid·

647 3317 825 3380 quam
861 3301 1029 3360 iuuat
1068 3297 1394 3378 discipulus
1433 3301 1563 3360 eius
1600 3298 1787 3359 lulius
1824 3297 2144 3378 Modestus,
2187 3302 2359 3361 cuius
2395 3307 2557 3361 aetas
2594 3317 2712 3360 non
2749 3303 2954 3362 minus

646 3395 899 3459 obscura
946 3398 1041 3458 sit.
1106 3396 1349 3476 Vergilii
1396 3396 1640 3477 quidem
1688 3415 1825 3457 eum
1872 3399 2258 3476 superstitem
2299 3396 2482 3458 fuisse
2521 3399 2956 3478 commentarii,

648 3513 796 3576 quos
844 3496 1202 3574 composuit,
1252 3492 1481 3573 docent,
1537 3494 1756 3573 quibus
1813 3513 1962 3574 quae
2011 3497 2072 3555 in
2120 3493 2382 3556 Aeneide
2429 3513 2639 3574 parum
2683 3496 2954 3574 perfecta

647 3612 780 3655 esse
836 3592 1206 3671 uiderentur,
1261 3593 1342 3653 ita
1389 3599 1656 3670 excusat,
1708 3599 1776 3653 ut
1832 3591 2056 3653 diutius
2104 3594 2155 3654 si
2201 3594 2473 3672 uixisset,
2529 3610 2665 3653 eum
2712 3611 2953 3654 correc-

646 3699 847 3753 turum
913 3689 1101 3751 fuisse
1166 3687 1444 3750 defendat
1498 3692 1678 3764 (Gell.
1717 3691 1786 3751 Χ
1819 3689 1922 3764 16,
1954 3691 2040 3765 1).
2130 3689 2236 3751 sed
2301 3691 2642 3751 coniectura
2705 3688 2810 3750 illa
2881 3690 2954 3753 de

646 3787 849 3850 Ouidii
912 3788 1101 3867 elegia
1166 3785 1393 3867 prolata
1457 3789 1636 3848 etiam
1700 3787 1854 3848 ultra
1921 3807 1971 3847 a.
2034 3783 2287 3868 19s735
2351 3785 2626 3867 producti
2689 3806 2952 3850 eramus

648 3885 803 3947 ultra
850 3884 1223 3947 consulatum
1270 3892 1431 3947 certe
1480 3885 1670 3946 Clodii
1719 3883 1910 3945 Licini
1959 3881 2315 3946 ‘consularis
2365 3881 2659 3946 historici’
2707 3885 2955 3948 uidetur

647 3987 889 4046 uixisse.

828 4082 999 4143 Nunc
1042 4092 1111 4143 ut
1155 4081 1385 4160 singula
1431 4099 1611 4160 opera
1657 4099 2139 4160 percenseamuS,
2195 4080 2558 4160 Exemplis
2605 4079 2954 4142 Cornelium

832 4327 881 4394 1)
919 4323 957 4378 Ι.
990 4341 1037 4380 e.
1068 4323 1449 4378 bibliothecae
1487 4321 1784 4378 Palatinae
1821 4327 1990 4378 antea.
2028 4325 2167 4379 satis
2205 4323 2572 4394 significatae.
