3234 5034
633 318 806 365 Lvm
1127 296 1224 352 DE
1263 294 1727 351 SCRIPTORVM
1764 294 1953 349 VITIS
1990 295 2085 349 ΕΤ
2124 294 2441 350 SCRIPTIS

629 466 818 525 Vitam
865 464 1146 544 produxit
1191 472 1356 525 certe
1403 481 1595 542 usque
1643 462 1715 524 ad
1763 482 1813 524 a.
1852 459 1933 523 31
1942 459 1971 544 s
1979 458 2125 542 723,
2149 481 2289 553 ‘quo
2335 462 2575 524 Asinius
2622 462 2929 524 historiam

627 580 945 642 aggressus
992 571 1101 623 est.

807 661 947 722 Vtut
1001 669 1118 741 est,
1174 660 1250 721 ad
1303 660 1615 721 historiam
1672 658 2057 720 excolendam
2111 658 2437 738 plurimum
2490 658 2704 737 ualuit,
2750 677 2929 737 quam

627 759 704 820 ob
752 778 898 839 rem,
945 778 1303 839 quamquam
1349 766 1512 819 certa
1559 766 1907 837 argumenta
1955 756 2257 836 deficiunt,
2306 755 2452 817 duos
2500 775 2701 818 rerum
2740 758 2927 836 scrip-

627 866 786 919 tores
833 860 1205 937 antiquitatis
1251 856 1567 933 studiosos,
1605 875 1639 917 a
1678 854 1897 935 quibus
1939 873 2077 915 eum
2115 854 2383 916 auditum
2422 872 2556 916 esse
2600 854 2689 915 nil
2734 854 2931 917 obstat

627 958 946 1035 quominus
994 957 1380 1035 coniciamus,
1427 956 1484 1015 ei
1531 953 1979 1015 subnexuimus·
2072 956 2239 1032 prior
2284 960 2376 1013 est

1367 1160 1428 1221 O.
1468 1159 1837 1220 SVLPIGIV
1840 1158 1881 1219 S
1927 1157 2197 1219 GALBA

625 1305 1004 1382 imperatoris
1051 1302 1266 1364 Galbae
1312 1321 1478 1381 auus,
1527 1300 1601 1362 de
1638 1320 1755 1381 quo
1794 1300 2117 1363 Suetonius
2154 1300 2317 1361 Galb.
2346 1297 2416 1363 3:
2462 1306 2653 1380 Anus,
2692 1307 2927 1366 clarior

621 1404 845 1463 studiis
893 1420 1074 1477 quam
1130 1404 1433 1477 diynitate
1487 1403 1638 1473 (non
1684 1404 1845 1461 enim
1888 1418 2167 1475 egressus
2218 1409 2567 1476 praeturae
2607 1404 2925 1479 aradum),

623 1503 1012 1578 multiplicem
1065 1518 1180 1561 nec
1235 1504 1612 1560 incuriosam
1666 1500 1985 1559 historiam
2040 1500 2251 1559 edidit.
2326 1496 2513 1560 Natus
2570 1501 2757 1578 igitur
2816 1499 2926 1561 fuit

623 1600 980 1677 comparatis
1018 1596 1434 1658 consulatuum
1471 1593 1845 1675 temporibus
1890 1594 1999 1655 filii
2036 1603 2097 1656 et
2132 1597 2367 1675 nepotis
2413 1616 2465 1657 a.
2502 1598 2627 1658 fere
2670 1594 2921 1665 75s679.

621 1695 932 1775 multiplex
987 1702 1186 1756 autem
1231 1696 1516 1773 uariaque
1563 1695 1743 1754 etiam
1788 1693 1923 1754 Atei
1972 1692 2239 1754 doctrina
2278 1712 2310 1754 a
2349 1695 2634 1756 Suetonio
2687 1696 2921 1776 dicitur,

621 1796 729 1873 qui
771 1796 1146 1872 octingentos
1191 1789 1377 1853 libros
1423 1793 1989 1853 commentariorum
2041 1791 2141 1853 uel
2196 1792 2361 1872 hyles
2409 1786 2631 1878 (ὕλης)
2680 1797 2924 1875 scripsit

621 1894 817 1964 (Suet.
861 1894 898 1953 1.
933 1894 1031 1970 s.),
1095 1909 1234 1953 cum
1297 1892 1614 1951 curiositas
1678 1888 1756 1950 ad
1819 1888 2187 1968 diligentiam
2250 1889 2406 1970 apud
2470 1894 2921 1969 grammaticum

621 1997 854 2068 spectet
865 1983 944 2073 ι);
1009 1989 1122 2049 hac
1185 1990 1370 2066 igitur
1433 1996 1560 2049 arte
1615 1987 1927 2048 historiam
1982 1990 2247 2065 ornauit,
2304 2006 2419 2067 qua
2475 2007 2575 2049 res
2628 1988 2921 2051 Romanas

621 2086 696 2147 ab
741 2088 970 2166 origine
1015 2086 1186 2147 urbis
1231 2104 1422 2165 usque
1470 2086 1544 2146 ad
1590 2104 1760 2147 suam
1797 2093 2051 2147 aetatem
2088 2085 2433 2165 complexus
2472 2096 2563 2148 est
2602 2089 2709 2165 (fr.
2742 2089 2801 2149 1.
2830 2090 2919 2162 2).

621 2183 932 2246 Nouerunt
985 2202 1124 2245 eum
1171 2184 1380 2245 Liuius
1389 2231 1408 2261 ,
1457 2203 1530 2245 ex
1577 2203 1697 2263 quo
1742 2182 1991 2244 Orosius
2038 2202 2145 2245 sua
2191 2186 2449 2265 sumpsit
2485 2187 2593 2263 (fr.
2623 2187 2714 2264 2),
2759 2185 2920 2265 Iuba,

619 2302 694 2343 ex
747 2301 866 2361 quo
919 2282 1273 2343 Plutarchus
1323 2283 1432 2359 (fr.
1474 2283 1562 2361 1),
1617 2281 1867 2361 Plinius,
1921 2282 2024 2361 qui
2080 2300 2217 2343 eum
2270 2285 2336 2343 in
2389 2290 2507 2345 nat.
2546 2283 2685 2344 hist.
2722 2284 2919 2346 indice

619 2388 930 2441 auctorum
977 2380 1114 2441 libri
1161 2394 1380 2440 xxxv1
1427 2382 1776 2441 nominauit.

1455 2578 1582 2667 (L.)
1628 2585 2093 2646 ARRVNTIVS

617 2726 906 2789 irridetur
950 2746 982 2788 a
1029 2727 1256 2789 Seneca
1299 2726 1653 2807 philosopho
1691 2728 1800 2804 (fr.
1832 2728 1871 2787 1
1890 2732 2066 2806 sqq),
2122 2728 2281 2807 quod
2334 2730 2397 2788 in
2452 2729 2721 2790 historiis
2774 2728 2916 2791 belli

615 2826 826 2887 Punici
871 2827 1074 2906 inepte
1111 2825 1376 2887 Sallustii
1423 2826 1836 2904 antiquitatem
1884 2835 1945 2886 et
1986 2825 2363 2905 breuitatem,
2408 2824 2689 2887 inductus
2736 2827 2915 2888 credo

616 2923 748 2984 Atei
796 2923 1062 2985 doctrina
1109 2922 1490 3003 Sallustiique
1537 2922 1949 3002 admiratione,
1994 2926 2261 2984 imitatus
2306 2926 2401 3003 sit,
2448 2932 2514 2985 ut
2560 2942 2710 3003 quae
2759 2925 2913 3005 apud

615 3021 784 3084 illum
830 3039 966 3083 rara
1011 3022 1282 3100 fuissent,
1329 3020 1488 3100 apud
1531 3021 1693 3081 hunc
1739 3021 1951 3082 crebra
1990 3021 2176 3082 uerba
2214 3030 2417 3083 essent
2453 3030 2513 3083 et
2549 3040 2737 3102 paene
2775 3042 2913 3084 con·

615 3122 798 3180 tinua.
881 3121 1045 3198 atqui
1093 3118 1250 3179 idem
1297 3137 1436 3181 eum
1483 3116 1709 3180 ‘uirum
1755 3137 1922 3180 rarae
1970 3118 2349 3198 frugalitatis'
2396 3120 2651 3200 appellat
2702 3121 2911 3181 simili-

615 3226 824 3296 terque
883 3214 968 3276 ‘L
1015 3216 1284 3278 Arruntii
1338 3220 1536 3297 prisca
1598 3220 1893 3297 grauitate
1956 3216 2333 3278 celeberrimi
2398 3216 2596 3278 fidem’
2655 3217 2912 3280 Velleius

617 3317 726 3387 (II
761 3315 866 3391 86,
895 3316 966 3389 2)
1002 3314 1324 3393 praedicat.
1387 3316 1588 3394 itaque
1636 3317 1917 3394 quoniam
1963 3314 2036 3376 ab
2082 3324 2335 3395 utroque
2382 3315 2639 3378 eundem
2687 3315 2911 3378 dictum

614 3430 747 3473 esse
799 3414 936 3474 ueri
987 3412 1360 3474 simillimum
1415 3423 1533 3492 est,
1598 3412 1672 3474 ab
1736 3412 1849 3474 hoc
1914 3422 2111 3475 autem
2176 3413 2481 3475 consulem
2544 3414 2911 3475 ordinarium

613 3530 664 3571 a.
721 3508 978 3591 221'732
1043 3520 1274 3571 certum
1339 3504 1509 3594 (nam
1573 3510 1649 3570 ab
1714 3530 1784 3571 eo
1850 3510 2087 3571 Sosium
2160 3521 2465 3573 seruatum
2535 3530 2667 3573 esse
2730 3511 2910 3590 addit,

615 3611 981 3687 Prosopoyr.
1019 3610 1064 3670 I
1085 3627 1153 3686 p.
1195 3610 1326 3669 143
1351 3628 1438 3684 sq.
1476 3628 1534 3669 n.
1575 3603 1756 3692 928),
1818 3627 1851 3669 a
1906 3608 1969 3669 L.
2015 3611 2297 3669 Arruntio
2362 3628 2481 3670 cos,
2530 3628 2579 3671 3.
2626 3606 2715 3669 22
2774 3609 2911 3671 illas

611 3707 890 3767 historias
947 3709 1304 3785 compositas
1355 3724 1488 3767 esse
1533 3724 1746 3786 magna
1792 3726 1929 3767 cum
1976 3706 2392 3786 probabilitate
2436 3710 2733 3786 sequitur,
2788 3725 2911 3768 non

612 3823 644 3864 a
693 3804 816 3864 filio
861 3823 980 3866 cos.
1017 3823 1069 3866 3.
1107 3800 1339 3885 61759,
1383 3822 1562 3884 quem
1617 3813 1689 3865 ut
1740 3812 2035 3866 oratorem
2092 3803 2491 3865 clarissimum
2547 3804 2799 3866 multum
2844 3808 2909 3865 in

609 3904 734 3963 uita
788 3901 1090 3981 rebusque
1145 3901 1402 3982 publicis
1457 3910 1763 3963 uersatum
1820 3912 1875 3963 et
1934 3921 1965 3963 a
2020 3902 2225 3962 Tacito
2280 3902 2581 3964 laudatum
2646 3902 2720 3963 ad
2778 3902 2911 3964 illas

609 4001 960 4061 imitationis
995 4002 1252 4079 ineptias
1281 3999 1665 4061 descendisse
1690 4002 1793 4061 uix
1822 4000 2137 4061 credemus
2166 3994 2425 4082 (Schanz
2462 4000 2514 4061 ΙΙ
2557 3996 2623 4061 1²
2648 4020 2705 4080 p.
2725 3996 2909 4084 284).

611 4097 730 4159 Sed
775 4096 1052 4160 nolumus
1097 4100 1230 4159 eius
1272 4100 1460 4159 uitam
1507 4097 1741 4176 lougius
1786 4099 2085 4177 persequi,
2130 4116 2283 4177 quae
2321 4098 2394 4160 ab
2430 4106 2779 4178 argumento
2814 4098 2911 4159 hi-

792 4299 845 4355 1)
883 4293 963 4349 Cf.
993 4298 1250 4365 quamuis
1283 4298 1496 4351 curiose
1529 4298 1860 4365 inquirerem
1896 4296 2047 4351 Suet.
2078 4297 2245 4366 Vesp.
2280 4304 2326 4351 1.
