3234 5034
885 369 1242 433 ACHOLIVS
1281 409 1349 418 —
1387 375 1672 432 ASINIVS
1710 375 2153 442 QVADRATVS
2340 377 2667 426 CLXXXXV

355 564 415 624 p.
457 544 590 606 189
615 547 794 622 sqq).
869 545 1264 623 fragmentum
1322 552 1519 606 autem
1575 545 1705 606 eius
1754 546 2135 605 seueritatem
2184 542 2380 604 Auidii
2426 546 2489 604 in
2537 562 2670 605 cru-

367 642 672 705 delitatem
719 645 933 724 uertit3
981 642 1266 705 Aemilius
1313 645 1496 722 igitur
1541 643 1739 704 Marco
1786 641 2025 704 Aurelio
2074 642 2235 703 fauit.

1247 919 1721 992 ACHOLIVS
1741 914 1792 1004 1)

540 1081 762 1142 Tribus
819 1079 966 1142 locis
1014 1081 1131 1158 (fr.
1170 1081 1375 1155 1—3)
1427 1099 1565 1142 eum
1619 1079 1999 1160 Lampridius
2057 1083 2121 1142 in
2177 1084 2301 1143 uita
2356 1081 2673 1144 Alexandri

365 1179 576 1242 Seueri
623 1181 850 1258 citauit,
895 1178 1106 1240 ultimo
1153 1179 1312 1240 inter
1350 1175 1691 1240 ‘historicos
1734 1180 1863 1240 eius
1902 1177 2211 1259 temporis'
2254 1199 2389 1242 cum
2428 1179 2673 1242 adderet

363 1274 491 1358 ‘qui
539 1285 602 1339 et
655 1279 870 1338 itinera
928 1279 1058 1338 eius
1113 1279 1406 1357 principis
1461 1275 1747 1356 scripsit’,
1794 1265 1899 1339 ubi
1942 1296 2052 1357 pro
2098 1277 2207 1338 hac
2254 1278 2478 1340 codicis
2526 1281 2671 1340 scri-

366 1384 542 1456 ptura
581 1410 666 1420 -
705 1394 842 1437 nam
891 1374 1034 1455 quid
1082 1378 1311 1437 itinera
1366 1374 1482 1436 sibi
1537 1375 1753 1455 uelint,
1809 1394 1986 1438 nemo
2041 1375 2272 1437 uidebit
2309 1411 2393 1420 —
2434 1376 2672 1456 Lipsius

365 1479 599 1554 intima,
648 1477 776 1554 ipse
823 1477 1127 1536 interiora
1175 1475 1556 1534 coniecimuS.
1632 1471 1782 1534 fides
1829 1480 2027 1535 tamen
2066 1476 2156 1535 rei
2194 1475 2261 1535 fr.
2292 1471 2333 1535 2
2372 1474 2445 1536 ad
2485 1474 2671 1537 solam

365 1575 493 1635 eius
541 1574 920 1652 imperatoris
967 1571 1202 1633 laudem
1250 1574 1575 1652 spectantis
1623 1569 1938 1633 admodum
1978 1571 2155 1633 dubia
2193 1581 2301 1634 est.
2368 1572 2473 1634 sed
2512 1575 2670 1634 eius·

367 1671 500 1734 dem
558 1673 738 1733 etiam
784 1670 1073 1750 Vopiscus
1126 1672 1426 1750 meminit,
1482 1672 1588 1750 qui
1635 1666 1799 1732 ‘fidei
1855 1689 2036 1732 causa
2090 1689 2163 1732 ex
2216 1669 2387 1731 libris
2448 1669 2669 1750 Acholi,

365 1771 466 1849 qui
523 1770 809 1848 magister
865 1767 1293 1829 admissionum
1341 1767 1554 1829 Valerii
1610 1770 1900 1849 principis
1957 1762 2152 1853 fuist),
2199 1767 2350 1829 libro
2403 1777 2671 1830 actorum

366 1869 494 1929 eius
553 1863 734 1928 nono’
781 1865 1016 1945 longam
1073 1865 1145 1927 de
1190 1865 1495 1928 Aureliani
1541 1865 1922 1946 adrogatione
1968 1869 2367 1927 narrationem
2416 1868 2671 1927 inseruit

368 1967 474 2043 (fr.
513 1967 602 2040 4).
680 1964 786 2026 sed
833 1983 1189 2045 quamquam
1237 1971 1440 2045 aptum
1494 1963 1643 2026 illud
1690 1983 1906 2026 munus
1954 1963 2026 2026 ad
2070 1964 2211 2025 talia
2258 1963 2665 2044 cognoscenda

371 2071 429 2125 et
467 2062 697 2125 edenda
735 2063 847 2124 fuit
878 2063 1286 2137 (Ge-eckha.
1315 2063 1624 2141 Jp.437)
1654 2071 1831 2143 atque
1868 2061 2027 2124 idem
2066 2071 2125 2124 et
2163 2080 2233 2123 eo
2270 2081 2520 2124 munere
2558 2062 2669 2124 sub

367 2161 674 2222 Valeriano
731 2161 900 2241 fungi
957 2169 1017 2222 et
1069 2163 1493 2241 imperatorem
1537 2160 1935 2222 Alexandrum
1991 2161 2232 2222 laudare
2288 2178 2398 2242 per
2440 2168 2670 2241 tempo-

366 2278 498 2322 rum
556 2260 848 2321 rationem
903 2262 1114 2340 potuit,
1169 2262 1232 2320 in
1289 2277 1562 2332 sermone
1610 2257 1900 2339 quaedam
1945 2258 2183 2340 Vopisci
2229 2258 2531 2320 simillima
2578 2261 2668 2320 in·

365 2366 542 2420 uenta
607 2365 750 2419 sunt
813 2365 992 2437 atque
1057 2359 1236 2419 etiam
1299 2359 1464 2438 ipsae
1531 2374 1629 2419 res
1696 2356 2121 2418 dubitationem
2184 2365 2455 2438 mouent,
2514 2367 2582 2418 ut
2638 2376 2669 2418 a

367 2455 618 2536 Vopisco
675 2456 788 2517 hoc
834 2451 1100 2536 ‘actum',
1156 2464 1223 2517 ut
1266 2455 1570 2516 Aureliani
1626 2457 1750 2517 uita
1805 2463 2219 2534 exornaretur,
2276 2457 2480 2517 fictum
2539 2475 2669 2516 esse

367 2553 672 2634 probabile
721 2556 816 2634 sit,
865 2553 925 2615 id
974 2553 1132 2634 quod
1173 2553 1245 2615 ab
1285 2555 1413 2614 eius
1460 2552 1892 2614 consuetudine
1938 2572 2059 2615 non
2104 2555 2344 2615 omnino
2392 2553 2672 2615 abhorret

367 2653 513 2726 (Die
561 2654 697 2715 Sor.
735 2655 794 2714 h.
833 2654 905 2715 Α.
928 2672 998 2730 p.
1030 2651 1177 2714 181.
1216 2652 1393 2728 233).

1007 2927 1388 3002 ASINIVS
1444 2925 2024 3013 QVADRATVS

541 3089 988 3156 Exordiendum
1035 3097 1128 3150 est
1171 3088 1246 3150 ab
1291 3088 1386 3149 his
1432 3089 1818 3150 testimoniis:
1868 3091 2099 3151 Suidae
2142 3106 2191 3149 ε.
2228 3107 2285 3149 u.
2326 3089 2404 3148 II
2427 3107 2496 3165 p.
2533 3089 2664 3149 311

362 3191 561 3267 Bhdy.
627 3184 996 3270 Κοὸράτος,
1033 3180 1344 3266 Ῥωμαῖος
1390 3183 1739 3268 ἱστορικός.
1812 3179 2103 3269 ἔγραψεν
2139 3180 2304 3247 Ἰάδι
2350 3181 2669 3270 διαλέκτῳ

363 3284 670 3365 ἱστορίαν
699 3279 1064 3366 Ῥωμαϊκὴν
1099 3279 1176 3347 ἐν
1212 3282 1500 3364 βιβλίοις
1544 3282 1652 3364 ιε’,
1694 3279 2074 3366 ἐπιγραφὴν
2108 3279 2185 3346 δὲ
2222 3281 2670 3366 Χιλιετηρίδα,

357 3379 470 3448 καὶ
525 3379 814 3466 περιέχει
871 3379 998 3445 ἀπὸ
1061 3381 1332 3455 κτίσεως
1378 3375 1625 3463 Ῥώμης
1679 3379 1803 3457 ἕως
1846 3376 2288 3464 Ἀλεξάνδρου
2341 3387 2462 3443 τοῦ
2522 3381 2667 3444 Μα-

358 3485 560 3563 μαίας
593 3479 753 3544 υἱοῦ
791 3481 1148 3564 Καίσαρος.
1211 3488 1271 3542 et
1307 3483 1577 3556 Euaqrit'
1610 3484 1749 3544 hist.
1780 3485 1925 3544 eccl.
1960 3481 2016 3540 V
2043 3480 2129 3541 24
2177 3477 2305 3540 Καὶ
2347 3475 2671 3560 Εὐσέβιος

359 3579 436 3644 δὲ
481 3578 614 3645 ἀπὸ
653 3587 776 3644 τοῦ
805 3575 1242 3661 Ὀκταβιανοῦ
1277 3575 1387 3643 καὶ
1434 3581 1770 3661 Τραϊανοῦ
1806 3573 1915 3640 καὶ
1954 3575 2243 3654 Μάρκου
2281 3575 2506 3658 λαβὼν
2547 3572 2672 3650 ἕως

363 3687 482 3762 τῆς
527 3682 836 3760 τελευτῆς
875 3675 1109 3761 Κάρου
1155 3677 1534 3760 κατήντησε.
1608 3673 1969 3758 γέγραπται
2016 3668 2091 3738 δὲ
2135 3669 2285 3756 περὶ
2332 3682 2468 3736 τῶν
2521 3675 2670 3759 χρό-

359 3797 504 3840 νων
547 3776 808 3841 τούτων
853 3770 1002 3840 ἔνια
1037 3771 1365 3861 Ἀρριανῷ
1414 3795 1482 3838 τε
1527 3770 1639 3838 καὶ
1678 3770 1945 3858 Ἀσινίῳ
1994 3769 2429 3857 Κουαδράτῳ.

543 3988 598 4055 1)
633 3985 947 4053 Lecrivain,
975 3986 1121 4041 Note
1146 4002 1246 4040 svor
1283 3985 1584 4042 l'ht‘storien
1609 3984 1892 4048 Acholius,
1934 3999 2042 4036 wne
2069 3982 2163 4036 des
2196 3997 2412 4036 sources
2446 3981 2513 4036 de
2550 3981 2669 4036 Phc-

361 4069 525 4124 atm‘re
571 4067 718 4139 Any.
755 4065 816 4120 in
866 4067 1050 4124 Revue
1095 4065 1189 4121 des
1234 4067 1418 4120 e'tudea
1471 4067 1695 4120 anciem
1728 4063 1756 4116 1
1793 4068 1824 4116 2
1864 4065 2048 4132 (1899)
2094 4078 2147 4132 p.
2190 4066 2500 4128 141—143,
2555 4076 2669 4130 qua

363 4151 500 4202 nota
533 4147 791 4217 legentes
827 4145 887 4200 in
924 4145 1351 4216 inscriptionem
1380 4145 1653 4200 Graecam
1691 4142 2023 4199 Sardianam
2064 4139 2360 4209 conuertit,
2398 4140 2459 4194 in
2496 4139 2669 4195 hono-

363 4242 480 4282 rem
516 4226 743 4282 Acbolii
786 4226 1064 4298 praefecti
1101 4226 1315 4296 Lydiae
1359 4225 1620 4296 positam,
1668 4239 1840 4294 quam
1886 4221 2021 4277 noui
2069 4228 2137 4277 ex
2174 4220 2425 4276 eiusdem
2464 4220 2669 4274 studiis

369 4308 435 4362 (le
469 4307 604 4362 hist.
634 4307 780 4378 Aug.
806 4323 864 4376 p.
895 4311 1017 4361 402.

541 4391 596 4454 2)
633 4386 765 4441 vid.
796 4386 866 4442 de
903 4386 1010 4441 hoc
1048 4386 1234 4443 officio
1271 4384 1596 4440 Hirschfeld
1642 4381 2223 4456 Verwaltunysyeseh.¹
2259 4398 2313 4451 p.
2346 4385 2466 4435 310.

2078 4469 2245 4524 XIII·
