3234 5034
1142 317 1553 374 CORNELIVS
1589 319 1825 376 NEPOS
2354 341 2631 388 xxxxm

318 505 384 546 se
432 485 664 547 mederi
710 493 879 566 putat
916 486 1140 564 (praef.
1180 487 1240 547 2.
1291 488 1392 565 16,
1427 488 1485 565 1,
1517 489 1604 568 1),
1650 494 1718 550 ut
1765 490 1921 549 intra
1959 488 2275 550 Cadmeam
2321 488 2631 550 liberatam

319 583 756 665 Pelopidaeque
811 592 1063 646 mortem
1121 603 1186 646 se
1245 587 1568 666 contineat,
1626 586 1733 647 has
1788 595 1985 648 autem
2044 587 2187 649 duas
2245 605 2343 648 res
2395 589 2632 667 copiose

319 689 579 762 enarret,
627 690 892 744 ceterum
939 682 1214 744 omnibus
1252 684 1536 763 periculis
1575 703 1713 745 cum
1751 683 2156 764 Epaminonda
2196 704 2332 747 eum
2372 685 2631 746 adfuisse

318 779 593 842 breuiter
655 783 897 842 inserat.
982 788 1226 862 apparet
1288 783 1474 862 igitur
1547 802 1685 844 eum
1762 790 1820 844 et
1887 782 2180 844 delectare
2244 780 2507 845 uoluisse
2573 791 2635 844 et

319 879 613 959 exemplis
666 881 989 961 propositis
1043 881 1356 961 prodesse,
1404 883 1786 943 intentiorem
1844 889 2039 942 tamen
2098 900 2303 943 curam
2358 883 2631 962 posuisse

317 979 384 1037 in
433 977 800 1040 delectando.
815 972 867 1063 ¹)
1025 987 1034 995 '

504 1075 656 1138 Cum
702 1094 848 1138 uero
895 1079 1050 1138 uitas
1097 1077 1362 1138 scribere
1410 1085 1470 1138 et
1516 1085 1773 1157 quantus
1821 1079 2074 1158 quisque
2118 1080 2217 1140 uir
2264 1077 2467 1157 fuerit,
2500 1061 2634 1158 ⁸per

319 1193 388 1235 se
445 1177 706 1255 spectari
759 1175 932 1256 uelit,
989 1175 1363 1240 laudatorum
1416 1175 1733 1256 priuilegio
1788 1195 1935 1239 usus
1982 1177 2045 1237 in
2094 1175 2381 1256 augendis
2428 1175 2632 1257 ampli·

319 1272 690 1353 ficandisque
727 1273 1054 1336 uirtutibus
1091 1275 1312 1336 nimius
1350 1283 1442 1335 est
1480 1281 1539 1335 et
1572 1276 1703 1355 ipse
1743 1293 1947 1335 secum
1985 1276 2145 1336 inter
2181 1274 2443 1354 singulas
2479 1275 2635 1336 uitas

319 1371 483 1432 haud
530 1391 664 1433 raro
715 1372 1036 1455 discrepat3
1082 1372 1249 1434 uelut
1293 1374 1358 1432 in
1397 1372 1683 1433 Chabriae
1730 1375 1853 1434 uita
1892 1372 2161 1452 Agesilao
2206 1373 2459 1452 inuidet,
2497 1392 2633 1434 cum

320 1489 424 1530 res
481 1473 536 1530 ei
585 1477 678 1531 est
724 1489 860 1532 cum
907 1469 1026 1550 illo,
1073 1477 1132 1531 at
1175 1472 1239 1530 in
1285 1472 1476 1551 ipsius
1523 1472 1719 1532 omnia
1774 1471 1997 1553 laudat3
2046 1473 2221 1532 etiam
2271 1474 2333 1532 in
2380 1471 2635 1550 singulis

320 1567 682 1648 quibusdam
747 1568 928 1629 rebus
995 1567 1108 1630 sibi
1172 1570 1301 1648 ipse
1367 1568 1720 1630 contradicit
1771 1570 1879 1646 (cs.
1912 1570 2015 1647 12,
2054 1571 2114 1647 4,
2143 1570 2188 1630 3
2224 1577 2283 1631 et
2322 1570 2424 1645 17,
2456 1570 2515 1646 7,
2544 1569 2634 1649 2),

317 1665 494 1727 uelut
549 1668 611 1727 in
669 1666 980 1746 Iphicratis
1035 1669 1159 1728 uita
1213 1669 1495 1728 meritum
1550 1666 1719 1729 urbis
1768 1668 2012 1748 Spartae
2068 1667 2140 1729 ab
2193 1667 2635 1748 Epaminondae

320 1767 574 1826 incursu
632 1773 901 1826 seruatae
959 1765 1032 1826 ad
1086 1765 1442 1844 Iphicratem
1501 1767 1592 1843 (2,
1632 1767 1721 1845 5),
1767 1767 1829 1827 in
1885 1765 2142 1846 Agesilai
2198 1765 2271 1827 ad
2325 1764 2484 1826 hunc
2542 1782 2634 1825 re-

322 1863 445 1923 fert
491 1864 583 1938 (6,
622 1855 776 1947 1).²)

506 1961 773 2041 Denique
838 1963 900 2022 in
979 1961 1158 2023 rebus
1224 1961 1572 2023 ordinandis
1643 1963 1907 2023 imitatus
1976 1970 2068 2024 est
2132 1961 2405 2024 Graecos.
2494 1979 2633 2022 nam

323 2077 464 2120 cum
510 2058 760 2120 Romani
815 2059 1250 2122 laudationibus
1307 2063 1368 2120 in
1425 2061 1554 2122 soro
1608 2069 1923 2122 uterentur
1972 2069 2073 2122 aut
2118 2059 2487 2122 orationibus
2532 2078 2633 2120 eas

319 2160 665 2218 inserentes
703 2164 802 2218 aut
837 2167 1106 2220 mortuos
1142 2158 1468 2239 laudanteS,
1507 2179 1538 2220 a
1577 2158 1919 2220 rhetoribus
1950 2159 2191 2220 Graecis
2230 2160 2408 2220 etiam
2448 2176 2636 2237 genus

323 2255 882 2336 demonstratiuum‚
928 2257 1332 2319 laudationum
1379 2259 2019 2338 uituperationumque,
2066 2277 2321 2338 quorum
2365 2255 2635 2335 exempla

323 2353 630 2432 Euagoras
694 2354 972 2416 Isocratis
1034 2354 1561 2435 Xenophontisque
1624 2355 1929 2435 Agesilaus
1995 2357 2230 2418 fuerant
2296 2356 2449 2431 (Leo
2505 2359 2541 2416 l.
2589 2374 2635 2416 S.

323 2452 462 2512 209
477 2455 657 2528 sqq),
721 2454 1026 2514 inuectum
1092 2463 1152 2514 et
1212 2456 1278 2514 in
1344 2452 1500 2514 ludis
1563 2461 1838 2515 accurate
1903 2461 2221 2517 tractatum
2291 2461 2397 2514 est.
2495 2453 2637 2513 hinc.

323 2556 538 2610 auctor
592 2549 665 2610 ad
711 2550 1078 2613 Herennium
1131 2559 1450 2632 praecepta
1505 2571 1610 2613 sua
1660 2553 1826 2614 duxit
1874 2546 1951 2635 (a.
1994 2546 2638 2633 86s1668--82s67z

323 2648 446 2709 III
486 2649 545 2725 6,
577 2649 830 2725 10—8,
865 2643 978 2734 15)
1045 2657 1104 2710 et
1168 2649 1374 2711 Cicero
1440 2643 1520 2733 (a.
1559 2645 1816 2730 55s699
1838 2669 1950 2730 sq.,
1999 2652 2075 2711 de
2119 2666 2209 2711 or.
2251 2650 2330 2709 II
2370 2648 2475 2724 84,
2505 2649 2634 2710 341

323 2745 528 2822 -85,
558 2739 740 2830 349),
793 2767 988 2828 neque
1049 2756 1246 2809 tamen
1301 2747 1375 2808 ad
1428 2747 1492 2809 id
1545 2756 1781 2828 tempus
1838 2765 2194 2828 quemquam
2252 2747 2470 2808 Romae
2526 2746 2637 2807 hoc

323 2861 522 2924 genus
577 2845 828 2906 ornandi
875 2841 1258 2907 ‘Graecorum
1313 2840 1512 2906 more'
1557 2854 1877 2925 temptasse
1927 2865 1997 2907 ex
2043 2846 2224 2906 huius
2279 2844 2483 2906 uerbis
2540 2863 2638 2924 ap-

323 2935 586 3026 paret.⁸)
658 2941 896 3004 Primus
939 2945 1123 3023 igitur
1168 2962 1298 3004 eam
1343 2945 1503 3006 uiam
1551 2943 1800 3024 ingredi,
1848 2952 2135 3023 quantum
2172 2945 2413 3022 scimus,
2459 2961 2638 3004 ausus

325 3047 428 3100 est
483 3039 792 3102 Cornelius
847 3040 1044 3122 Nepos
1053 3089 1072 3122 ‚
1126 3041 1305 3122 idque
1360 3044 1470 3122 ita,
1531 3049 1600 3102 ut
1663 3041 1775 3103 hoc
1839 3060 2027 3121 genus
2094 3040 2447 3102 laudationis
2502 3059 2637 3100 cum

327 3137 568 3200 duobus
612 3141 768 3201 uitas
815 3139 1118 3202 scribendi
1163 3139 1483 3219 generibus
1530 3142 1675 3202 item
1722 3139 1963 3201 Graecis
2011 3140 2441 3201 contaminaret
2483 3142 2635 3213 (uid.
2724 3171 2729 3177 -

325 3237 460 3298 Leo
507 3241 542 3298 l.
579 3257 626 3298 s.
649 3256 719 3314 p.
759 3237 848 3298 85
865 3241 1039 3314 sqq).

514 3334 688 3397 Prius
726 3336 840 3397 fuit
872 3338 1345 3416 peripateticum,
1383 3336 1541 3417 quod
1579 3336 1651 3398 ab
1688 3337 2001 3399 Aristotele
2039 3336 2508 3415 Aristoxenoque
2546 3337 2637 3396 in·

327 3431 612 3493 cohatum
665 3435 822 3494 uitas
880 3434 1252 3496 diuersorum
1309 3435 1616 3497 hominum
1670 3435 1993 3497 illustrium
2050 3452 2353 3514 generum,
2411 3451 2639 3513 regum,

329 3527 574 3610 ducum,
620 3539 946 3612 poetarum,
991 3532 1496 3613 philosophorum,
1543 3541 1879 3595 ceterorum
1926 3533 2287 3611 scriptorum
2326 3530 2642 3592 enarrabat

329 3637 396 3689 et
441 3628 751 3708 paulatim,
798 3633 1052 3693 maxime
1099 3631 1406 3711 Hermippi
1461 3651 1641 3710 opera
1686 3621 1757 3692 eo
1804 3630 2190 3709 euagabatur‚
2236 3637 2304 3690 ut
2344 3630 2641 3709 portentis

517 3857 572 3926 1)
609 3853 692 3910 cf.
723 3853 836 3910 cic.
868 3856 936 3911 de
967 3873 1045 3912 οι.
1075 3855 1128 3910 Π
1155 3861 1241 3926 84,
1263 3863 1364 3911 341
1405 3857 1528 3927 Ipsi
1562 3859 1709 3913 enim
1750 3855 1952 3912 Graeci
1986 3858 2163 3926 magis
2200 3855 2413 3927 leyendi
2447 3861 2497 3911 et
2532 3856 2639 3910 de-

333 3937 736 3992 lectationis
771 3943 874 3993 aut
905 3938 1144 3993 hominis
1180 3939 1417 3994 alieuius
1453 3939 1698 3993 ornandi
1723 3955 1889 4007 quam
1917 3937 2179 3992 utilitatis
2204 3937 2372 3992 huius
2405 3936 2643 4003 forensib-

329 4033 510 4072 causa
547 4017 896 4074 laudationes
930 4018 1397 4087 scriptitantem.

518 4100 575 4166 2)
610 4095 804 4150 Etiam
839 4097 1008 4152 huius
1043 4096 1335 4168 priuilegii
1364 4098 1623 4169 exempla.
1651 4096 1953 4153 adnotauit
1981 4095 2325 4167 Nipperdey,
2354 4097 2485 4166 post,
2512 4111 2639 4150 eum

331 4175 520 4246 multi,
561 4179 626 4231 ut.
664 4175 862 4232 Gemss
898 4179 1048 4235 Berl.
1079 4179 1284 4234 Ztsehoe.
1312 4180 1354 4247 f.
1388 4179 1783 4250 Gymnasialw.
1814 4182 1888 4232 37
1918 4181 2117 4246 (1883)
2149 4195 2208 4247 p.
2239 4181 2351 4232 390
2367 4193 2477 4246 sqq.

517 4261 574 4329 8)
609 4265 676 4312 ut
711 4266 920 4315 nosmet
953 4259 1066 4330 ὑμέ
1099 4260 1345 4315 ornandi
1378 4275 1548 4315 causa
1579 4257 1915 4314 Graecorum
1950 4273 2113 4324 more,
2148 4259 2200 4312 si
2226 4273 2357 4326 quos
2389 4256 2642 4322 uelimus,

335 4339 574 4394 laudare
600 4340 895 4408 possimus,
932 4341 1007 4394 sit
1041 4357 1078 4395 a
1113 4341 1272 4396 nobis
1307 4356 1516 4410 quoque
1553 4346 1823 4396 &udatus
1857 4339 1947 4393 hic
1982 4339 2131 4394 loeus
2165 4337 2201 4392 l.
2233 4354 2276 4393 s.
2306 4342 2393 4406 84,
2422 4342 2543 4391 341.
