3234 5034
656 385 1097 443 SCRIPTORES
1136 385 1445 442 AETATIS
1482 385 1776 442 OMNINO
1811 386 1892 442 IN
1895 386 2178 442 CERTAE
2409 390 2596 439 CCVII

287 559 613 618 allectice‘is
660 560 725 616 in
770 564 989 616 senatu
1028 565 1443 632 parentesque
1485 573 1630 616 suos
1678 559 1952 617 imitatus
1994 557 2314 618 historiam
2359 574 2598 633 quoque

290 655 635 716 Romanam
679 661 905 730 septem
942 656 1119 716 libris
1154 656 1365 715 edidit.
1423 652 1582 733 quod
1619 652 1946 715 anecdoton
1986 653 2060 714 ab
2097 652 2336 715 Alfredo
2377 653 2600 716 Holder

288 755 351 813 in
414 750 625 814 codice
692 750 1138 813 Caroliruhensi
1191 754 1504 813 inuentum
1568 751 1946 813 Hermannus
1983 752 2211 814 Vsener
2264 745 2346 837 (a.
2392 748 2593 837 1877)

288 849 517 931 publici
565 852 721 912 iuris
770 850 913 911 fecit
958 852 1381 930 enarrauitque
1428 869 1537 912 suo
1584 868 1750 911 more
1797 857 1918 912 tam
1966 849 2136 912 docte
2184 860 2242 912 et
2279 850 2596 932 subtiliter,

288 948 437 1011 nihil
484 957 555 1011 ut
598 967 761 1011 nunc
806 947 946 1010 addi
990 951 1183 1029 possit
1226 951 1312 1027 (p.
1353 949 1633 1010 17—36.
1688 950 1898 1010 Gesch.
1937 951 2078 1011 Litt.
2108 948 2189 1011 II
2211 969 2278 1027 p.
2315 950 2451 1025 33).

467 1047 725 1109 Tantum
792 1050 979 1128 igitur
1042 1057 1171 1109 tum
1234 1055 1501 1127 tempora
1566 1055 1788 1109 mutata
1845 1055 2031 1125 erant,
2089 1054 2157 1109 ut
2204 1047 2303 1109 ille
2343 1043 2594 1128 ‘antiqui

290 1147 533 1208 Catonis
580 1145 855 1207 nouellus
900 1143 1205 1225 imitator',
1252 1142 1376 1207 ‘uir
1418 1143 1850 1226 philosophus',
1898 1144 2179 1207 Macrobii
2235 1145 2596 1225 emendator,

289 1246 578 1324 patricius
634 1243 965 1324 consulque
1019 1243 1358 1306 ordinarius
1406 1237 1487 1326 (a.
1523 1237 1708 1328 485),
1753 1261 1865 1324 per
1915 1246 2133 1323 uiginti
2188 1261 2394 1306 aunos-
2434 1247 2596 1324 prin-

288 1361 431 1424 ceps
496 1351 743 1404 senatus
808 1361 1042 1405 summo
1106 1341 1303 1404 studio
1368 1342 1832 1404 christianorum
1899 1360 2137 1403 causam
2201 1350 2474 1404 tueretur
2537 1351 2598 1404 et

288 1448 539 1522 propter
592 1440 734 1503 fidei
790 1459 933 1504 suae
986 1442 1382 1503 constantiam
1444 1459 1475 1501 a
1530 1439 1898 1502 Theoderico
1945 1441 2072 1500 Arii
2117 1447 2412 1502 sectatore
2459 1459 2594 1502 cum

290 1539 539 1600 Boethio
595 1557 818 1618 genero
874 1559 924 1601 a.
963 1534 1095 1601 525
1151 1537 1544 1601 occideretur.
1618 1538 1727 1600 sed
1778 1546 1848 1600 ut
1900 1541 1962 1600 in
2015 1537 2196 1600 huius
2243 1537 2414 1600 libris
2460 1557 2595 1600 eru-

290 1638 437 1700 ditio
482 1645 759 1700 ueterum
814 1636 1219 1700 Romanorum
1282 1645 1401 1717 est,
1464 1639 1700 1718 species
1772 1646 2018 1698 externa
2091 1637 2440 1717 christiana,
2512 1639 2596 1698 ita

236 1807 253 1828 .
290 1735 631 1816 Symmachi
695 1734 855 1815 quod
916 1753 1103 1797 unum
1168 1743 1353 1798 restat
1418 1737 1817 1814 fragmentum
1878 1734 2164 1797 historiae
2226 1737 2398 1815 quasi
2461 1736 2596 1797 fuco

289 1835 619 1896 christiano
672 1852 745 1894 ex
801 1831 1013 1895 Orosio
1076 1833 1362 1915 adsperso
1425 1833 1720 1894 imbutum
1786 1841 1903 1911 est,
1960 1852 2097 1894 cum
2163 1835 2472 1895 materiam
2523 1851 2598 1896 ex

290 1931 503 2013 gentili
547 1939 792 1993 auctore
839 1939 1159 2013 repeteret.
1232 1932 1381 1993 haec
1425 1934 1587 1993 enim
1635 1939 1754 1992 tota
1801 1929 2118 2011 Capitolini
2156 1939 2250 1993 est
2287 1949 2474 2012 eaque
2512 1934 2595 1993 ita

288 2037 591 2110 excerpta,
635 2038 705 2092 ut
748 2028 1054 2091 Maximini
1098 2032 1373 2110 uirtutes»,
1421 2029 1640 2110 quibus
1697 2047 1730 2090 a
1785 2038 1993 2090 natura
2051 2031 2380 2092 instructus
2435 2039 2598 2092 esset

292 2131 447 2204 (uid.
488 2130 637 2207 infr.
677 2132 821 2192 adn.
844 2147 914 2208 p.
944 2127 1079 2190 156
1098 2126 1234 2208 sq),
1274 2146 1392 2208 quo
1426 2127 1788 2190 luculentius
1834 2145 1972 2189 eum
2015 2126 2313 2190 breuitate
2359 2121 2598 2208 imperii

288 2245 515 2308 poenas
558 2228 999 2308 persecutionis
1035 2225 1509 2288 Christianorum
1555 2225 1809 2288 soluisse
1849 2224 2090 2286 doceret
2126 2225 2235 2304 (cf.
2274 2225 2444 2287 Oros.
2479 2227 2599 2286 VII

294 2325 396 2403 19,
429 2326 487 2387 1.
536 2326 789 2387 Hieron.
826 2327 915 2386 ad
958 2344 1013 2387 a.
1053 2325 1231 2386 2252
1267 2327 1417 2386 Abr.
1441 2343 1510 2403 p.
1551 2323 1682 2385 179
1720 2325 1906 2400 Sola).
1983 2342 2132 2404 quos
2196 2324 2375 2385 flores
2439 2323 2599 2404 quod

290 2422 584 2484 barbarus
630 2425 891 2503 scriptor
934 2422 1111 2503 paulo
1155 2431 1293 2503 post
1328 2415 1409 2506 (a.
1439 2417 1619 2507 551),
1667 2441 1803 2484 cum
1852 2421 1924 2483 de
1971 2424 2201 2502 origine
2249 2422 2598 2503 actibusque

292 2521 579 2584 Getarum
632 2520 953 2600 scriberet,
1008 2519 1265 2582 libenter
1320 2523 1575 2601 arripuit
1619 2528 1680 2581 et
1723 2523 1788 2581 in
1835 2539 2009 2582 suum
2053 2539 2230 2582 usum
2277 2519 2597 2600 transtulit,

290 2638 413 2681 uon
458 2621 543 2680 ita
590 2617 959 2680 mirabimur.

429 2971 1008 3049 SCRIPTORES
1064 2971 1477 3046 AETATIS
1534 2972 1911 3046 OMNINO
1967 2973 2458 3048 INCERTAE

471 3153 765 3225 Quoniam
830 3150 1103 3213 ordinem
1166 3150 1496 3212 secundum
1561 3159 1835 3213 auctores
1842 3197 1860 3231 ,
1926 3154 2029 3232 qui
2084 3171 2187 3214 eos
2244 3155 2597 3234 citauerunt,

294 3253 545 3331 institui,
592 3252 773 3331 primi
820 3247 1237 3312 tractabuntur

470 3349 738 3412 Fabius
783 3347 1107 3410 Vestalis.
1198 3347 1480 3409 Deculo.
1573 3347 1957 3410 Cornelius
2003 3348 2418 3412 Valerianus

294 3447 413 3510 sola
478 3447 662 3508 Plinii
716 3445 975 3509 naturali
1028 3446 1275 3508 historia
1330 3444 1503 3507 nobis
1555 3448 1700 3507 noti.
1781 3445 1868 3507 Ex
1915 3445 2131 3507 Fabio
2187 3446 2474 3528 quaedam
2524 3449 2596 3510 de

294 3549 485 3627 primo
534 3545 755 3607 solario
788 3543 1011 3606 Romae
1064 3551 1283 3606 statuto
1331 3525 1602 3625 inseruit,
1651 3544 1758 3606 sed
1806 3543 2168 3607 desiderauit
2213 3549 2596 3628 accuratiora,

294 3647 585 3707 rationem
610 3642 709 3705 uel
733 3643 1041 3721 artificem,
1066 3640 1225 3704 unde
1257 3640 1606 3704 translatum
1637 3650 1797 3704 esset
1825 3651 1926 3704 aut
1953 3642 2108 3723 apud
2137 3663 2315 3724 quem
2344 3646 2596 3726 scripto-

294 3762 418 3804 rem
466 3744 823 3820 inuenisset,
868 3739 1028 3802 unde
1076 3759 1213 3802 eum
1251 3739 1617 3802 Fenestellae
1663 3758 1828 3802 more
1876 3759 1976 3802 res
2011 3740 2306 3804 Romanas
2344 3750 2403 3804 et
2445 3747 2592 3805 anti-

296 3844 553 3922 quitates
582 3840 990 3920 composuisse
1020 3837 1371 3918 colligimus.
1412 3855 1548 3899 nam
1579 3837 1738 3918 quod
1767 3840 1829 3899 in
1857 3837 2053 3900 indice
2084 3838 2224 3900 libri
2242 3854 2434 3902 xxxv
2465 3843 2596 3904 eius

297 3941 522 4001 nomini
568 3936 798 3999 addidit
844 3933 975 4015 ‘qui
1020 3938 1097 3999 de
1131 3942 1391 4015 pictura
1435 3933 1728 4015 scripsit’,
1772 3934 1934 3998 hunc
1981 3936 2199 3999 librum
2237 3938 2309 3999 ab
2349 3958 2437 4020 eo,
2479 3959 2596 4020 quo

296 4041 354 4099 in
408 4038 631 4099 ceteris
687 4034 858 4096 libris
912 4053 1058 4096 usus
1114 4037 1218 4115 sit,
1276 4034 1581 4097 diuersum
1639 4054 1771 4096 esse
1827 4035 2138 4114 significat.
2196 4055 2345 4116 quae
2395 4045 2595 4100 tamen

296 4143 533 4215 praeter
578 4133 750 4196 illum
795 4133 991 4194 locum
1036 4132 1177 4195 libri
1224 4134 1463 4213 septimi
1508 4134 1571 4194 in
1616 4131 1788 4193 libris
1825 4127 2110 4218 xxxlv1)
2151 4141 2212 4194 et
2247 4147 2485 4214 XXXVI,
2531 4139 2593 4198 in

474 4311 527 4376 1)
564 4303 831 4360 Muenzer
864 4323 921 4375 p.
954 4310 1057 4360 854
1080 4322 1201 4374 sqq.
1260 4313 1293 4372 5
1326 4310 1397 4359 48
1444 4305 1519 4359 ad
1547 4304 1836 4360 Vestalem
1871 4321 2072 4376 parum
2108 4308 2262 4361 certa
2301 4321 2598 4376 argumen-

295 4387 513 4443 tatione
549 4384 859 4440 reuocauit.

737 4685 784 4706 f
