3234 5034
661 335 814 382 mm
1151 316 1249 371 DE
1287 316 1752 372 SCRIPTORVM
1787 317 1974 372 VITIS
2012 317 2107 372 ΕΤ
2144 317 2460 374 SORIPTIS

659 501 762 543 ore
808 490 877 543 ut
919 485 1238 544 uerissimo
1285 487 1514 545 auctori
1562 484 1634 546 de
1674 503 1744 546 eo
1782 488 1920 565 situ,
1958 482 2047 546 ‘in
2085 504 2201 565 quo
2239 487 2369 565 ipse
2408 485 2696 565 prodebat
2710 481 2743 564 '‚
2783 493 2958 565 atque

661 583 840 642 etiam
884 584 1129 660 ueriori‚
1177 601 1351 662 quam
1392 582 1534 643 Cato
1580 585 1644 644 in
1691 583 2025 662 originibus
2072 584 2199 662 suit,
2248 586 2417 644 cuius
2456 586 2797 645 auctoritati
2834 587 2959 664 ipse

659 677 857 759 Nepos
902 679 1058 742 haud
1107 699 1242 742 raro
1289 700 1420 742 esse
1468 682 1779 742 oblocutus
1823 681 2082 743 uidetur.
2130 684 2330 761 itaque
2375 681 2547 761 plura
2580 681 2851 743 Pliniana
2887 681 2963 743 ad

659 795 797 838 eum
842 777 1097 840 redeunt
1142 798 1316 858 quam
1364 778 1623 839 indicata
1672 788 1829 856 sunt,
1875 779 2043 841 uelut
2076 780 2155 840 lll
2197 776 2327 841 124
2365 789 2425 840 et
2466 775 2594 841 125
2624 781 2962 855 (Muenzer

643 893 712 952 p.
732 876 868 936 334
881 881 1058 955 sqq),
1091 875 1241 936 xvll
1269 874 1310 938 3
1331 896 1417 957 sq.
1449 881 1610 950 (coll.
1647 879 1772 938 Val.
1804 879 1976 939 Max.
1998 879 2105 939 IX
2136 879 2194 954 1,
2215 879 2273 954 4,
2311 879 2552 941 Traube
2578 882 2613 940 l.
2634 897 2681 940 S.
2689 897 2759 956 p.
2778 879 2960 955 405),

658 972 772 1033 alia
808 974 978 1054 plura
1017 977 1352 1049 (Muenzer
1373 996 1442 1053 p.
1481 971 1951 1060 322—333).¹)
2004 975 2271 1056 Denique
2310 977 2439 1036 eius
2477 979 2827 1037 auctoritate
2864 979 2961 1036 usi

659 1078 799 1132 sunt
845 1072 917 1133 de
956 1071 1256 1134 Gallorum
1305 1076 1367 1133 in
1411 1073 1643 1134 ltaliam
1688 1077 1943 1135 transitu
1992 1093 2063 1135 ex
2110 1073 2177 1134 Ο.
2209 1073 2570 1135 Hirschfeldi
2616 1077 2960 1136 coniectura

659 1171 1109 1247 (Sitzunqsber.
1132 1175 1186 1232 d.
1204 1190 1446 1249 prensa.
1469 1174 1666 1233 Akad.
1690 1171 1948 1250 189412.
1969 1173 2099 1233 331
2119 1176 2275 1248 sqq.)
2306 1171 2514 1234 Liuius
2542 1172 2589 1230 V
2616 1169 2884 1251 33—34‚
2902 1169 2959 1252 5,

655 1267 1017 1348 Pomponius
1063 1269 1214 1330 Mela
1260 1271 1376 1347 (fr.
1419 1271 1476 1330 6.
1519 1271 1587 1343 7)
1601 1265 1674 1354 ²),
1722 1270 1973 1332 sortasse
2021 1270 2287 1332 Valerius
2344 1269 2631 1332 Maximus
2679 1273 2961 1345 (Traube

655 1367 694 1426 l.
721 1385 768 1426 S.
795 1385 863 1444 p.
895 1368 1074 1446 405),
1120 1367 1349 1428 Plinius
1396 1370 1574 1429 etiam
1622 1371 1685 1428 in
1733 1367 1901 1429 libris
1948 1370 2365 1447 grammaticiS‚
2412 1387 2483 1428 ex
2532 1367 2749 1448 quibus
2788 1368 2959 1429 libris

656 1463 961 1525 Charisius
1001 1466 1394 1545 fragmentum
1425 1485 1598 1528 suum
1630 1469 1777 1538 (Ex.
1807 1465 2155 1542 1)'sorsitan
2184 1469 2548 1546 prompserit
2586 1468 2696 1544 (cf.
2736 1469 2955 1529 Bram-

653 1564 812 1624 back
850 1564 984 1624 Lat.
1024 1565 1306 1640 Ortkoyr.
1332 1584 1400 1641 p.
1431 1565 1563 1625 103
1579 1567 1717 1643 sq),
1766 1563 2087 1626 Suetonius
2127 1566 2242 1642 (fr.
2274 1566 2363 1644 5),
2394 1563 2617 1626 Gellius
2656 1566 2774 1643 (fr.
2806 1566 2867 1626 2.
2896 1566 2955 1642 3,

653 1662 832 1721 etiam
880 1661 1010 1722 aliis
1060 1662 1205 1723 locis
1233 1665 1446 1738 tacite,
1494 1663 1572 1740 ef.
1611 1666 1755 1724 adn.
1794 1666 1882 1723 ad
1906 1645 2032 1724 Ἐκ.
2065 1663 2151 1740 fr.
2189 1663 2281 1741 3),
2328 1661 2589 1724 lulianus
2637 1663 2795 1742 apud
2841 1663 2955 1724 Au·

653 1761 957 1836 gustinum
1005 1761 1113 1837 (fr.
1143 1762 1245 1842 4);
1292 1760 1653 1840 Priscianus,
1700 1762 1753 1821 si
1800 1767 1964 1821 recte
2011 1761 2081 1820 sr.
2121 1757 2207 1821 26
2230 1761 2371 1821 ‘huc
2417 1762 2709 1822 insertum
2756 1771 2866 1824 est.

832 1856 903 1917 Vt
965 1865 1180 1936 autem,
1245 1857 1462 1937 quibus
1528 1861 1700 1919 annis
1760 1857 1959 1937 Nepos
2021 1861 2085 1918 in
2149 1858 2242 1919 his
2306 1859 2487 1920 rebus
2544 1857 2954 1921 describendis

649 1962 926 2016 uersatus
973 1957 1069 2034 sit,
1117 1961 1461 2034 statuamuS‚
1510 1956 1581 2017 ab
1630 1976 1701 2017 eo
1748 1965 2247 2018 commemoratur
2282 1949 2686 2039 (Ptolomaeus
2702 1951 2805 2041 ὅ)
2846 1957 2953 2019 La-

649 2051 860 2130 th’yrus
924 2072 974 2114 a.
1022 2049 1098 2114 81
1112 2051 1277 2134 s673
1341 2063 1612 2115 mortuus
1671 2055 1787 2131 (fr.
1827 2055 1872 2115 6
1918 2074 1967 2116 c.
2008 2057 2209 2134 adn),
2274 2054 2543 2116 aedilitas
2605 2054 2668 2116 P.
2716 2055 2953 2116 Lentuli

652 2148 988 2228 Spintheris
1035 2170 1084 2212 a.
1123 2147 1374 2232 63J691
1419 2153 1527 2230 (fr.
1568 2151 1702 2232 18),
1749 2152 2204 2231 proconsulatus
2244 2151 2311 2223 Q.
2350 2152 2568 2214 Metelli
2616 2152 2843 2214 Celeris
2890 2156 2951 2214 in

651 2245 836 2308 Gallia
867 2247 1240 2311 Narbonensi
1268 2270 1316 2310 a.
1338 2247 1577 2331 62s692
1609 2251 1725 2328 (fr.
1751 2252 1839 2329 7),
1866 2250 2162 2311 Mamurra
2191 2258 2259 2312 ut
2285 2259 2555 2312 mortuus
2586 2244 2667 2334 (a.
2690 2246 2839 2332 45f1
2844 2247 2951 2330 09,

643 2345 728 2422 fr.
759 2340 896 2430 24),
951 2348 1202 2426 Augusti
1258 2367 1356 2408 res
1412 2348 1699 2428 quaedam
1766 2367 1837 2409 ex
1903 2347 2059 2410 bello
2112 2347 2431 2409 Mutinensi
2490 2367 2538 2410 a.
2575 2345 2837 2430 44s710
2890 2357 2951 2409 et

648 2438 903 2524 43s711
956 2446 1072 2523 (fr.
1112 2448 1200 2520 5).

828 2541 1042 2604 Nescio
1101 2563 1176 2604 an
1231 2543 1505 2606 laudibus
1561 2546 1930 2624 antiquitatis
1986 2563 2095 2624 per
2148 2543 2295 2604 haec
2346 2544 2615 2623 exempla
2663 2543 2949 2623 dispersis

647 2641 877 2701 Atticus
923 2650 1254 2703 commotus
1299 2641 1588 2722 Nepotem
1635 2644 1952 2721 rogauerig
1998 2650 2067 2703 ut
2114 2642 2185 2702 de
2233 2641 2306 2702 M.
2346 2641 2637 2702 Catonis
2684 2643 2834 2702 uita
2882 2649 2948 2702 et

646 2738 966 2800 moribus
1023 2742 1341 2819 separatim
1397 2739 1616 2802 librum
1674 2741 1922 2818 faceret,
1978 2739 2052 2801 ad
2108 2739 2266 2819 quod
2322 2739 2602 2801 uolumen
2650 2739 2948 2801 studiosos

647 2836 777 2897 eius
831 2837 894 2897 in
949 2837 1122 2898 breui
1179 2837 1627 2899 adumbratione
1684 2839 1812 2900 eius
1866 2840 2051 2916 uitae,
2082 2855 2274 2917 quam
2327 2836 2478 2898 libro
2526 2836 2600 2898 de
2646 2838 2947 2898 historicis

645 2931 873 2995 Latinis
929 2937 1208 3014 inseruit,
1259 2936 1490 3014 delegat
1536 2938 1626 3012 (3,
1666 2938 1765 3018 5);
1814 2944 1976 2997 certe
2033 2937 2213 2997 etiam
2266 2935 2365 2996 hic
2420 2938 2759 2997 seueritatis
2816 2937 2947 2996 eius

647 3049 936 3093 censurae
984 3033 1276 3096 luxuriam
1325 3036 1442 3095 iam
1489 3033 1878 3114 pullulantem
1927 3035 2307 3114 reprimentis
2352 3035 2575 3094 mentio
2622 3034 2691 3094 tit
2727 3035 2819 3109 (2,
2856 3035 2947 3108 3).

646 3127 760 3189 alia
823 3133 1162 3192 testimonia
1224 3150 1344 3193 non
1409 3139 1750 3211 supersunt.
1823 3131 2047 3193 Eodem
2112 3131 2237 3192 fere
2297 3139 2592 3210 tempore,
2648 3133 2685 3193 i.
2725 3151 2775 3192 e.
2815 3140 2951 3211 post

646 3225 1022 3289 Ciceronis
1075 3239 1356 3309 mortem,
1401 3233 1751 3310 priusquam
1807 3229 1880 3290 ad
1934 3232 2099 3290 uiros
2152 3229 2417 3289 illustres
2474 3247 2537 3290 se
2590 3231 2947 3308 accingeret,

643 3324 830 3386 uitam
885 3326 1061 3386 huius
1119 3329 1293 3388 amici
1350 3327 1755 3408 compluribus
1811 3327 1980 3388 libris
2032 3328 2305 3406 exposuit
2352 3324 2571 3388 ‘studio
2620 3329 2840 3388 amoris
2888 3335 2949 3387 et

645 3424 938 3484 amicitiae
1003 3424 1289 3486 adductus
1306 3421 1338 3505 '‚
1401 3435 1468 3487 ut
1522 3427 1604 3487 ait
1660 3425 1885 3487 Gellius
1930 3427 2063 3487 XV
2109 3425 2213 3501 28,
2243 3427 2301 3501 5,
2348 3427 2453 3504 qui
2508 3443 2613 3485 sua
2661 3425 2945 3487 Suetonio

826 3601 878 3667 1)
907 3595 971 3650 V.
1001 3597 1292 3651 Detlefsen
1331 3598 1441 3652 Die
1471 3597 1879 3668 Beschreibunq
1904 3597 2139 3652 Italicus
2165 3599 2228 3650 in
2254 3597 2351 3651 der
2378 3597 2515 3652 Nat.
2534 3596 2657 3651 hist.
2678 3597 2771 3652 dee
2790 3597 2943 3651 Ptin.

645 3695 697 3730 u.
729 3677 844 3732 ihre
887 3678 1110 3748 Quellen
1146 3697 1199 3747 p.
1230 3683 1298 3731 33
1320 3697 1439 3748 sqq.

822 3760 876 3827 2)
915 3756 1131 3811 Plinius
1177 3759 1238 3811 in
1285 3761 1401 3812 nat.
1433 3758 1564 3812 hist.
1594 3757 1785 3812 indice
1831 3757 1965 3811 libri
2002 3757 2055 3810 Π
2094 3756 2302 3810 Melam
2348 3771 2461 3810 non
2507 3755 2845 3824 nominauit,
2884 3757 2941 3810 in

644 3836 928 3892 indicibus
975 3838 1249 3892 librorum
1303 3839 1402 3907 qui
1451 3841 1763 3906 sequuntur
1798 3837 2011 3904 nonies,
2062 3841 2123 3891 at
2158 3853 2292 3890 uero
2340 3836 2399 3889 in
2445 3838 2607 3890 textu
2645 3853 2940 3905 nusquam.

642 3918 780 3985 quin
827 3921 1018 3973 tamen
1065 3919 1251 3987 ipsum
1299 3918 1665 3987 excerpserit,
1718 3917 1859 3971 mihi
1905 3934 2016 3972 non
2065 3919 2153 3972 est
2200 3916 2454 3982 dubium,
2501 3916 2773 3985 quoniam
2820 3917 2941 3970 eius

642 3997 821 4067 ipsius
877 3998 1126 4068 uestigia
1181 3999 1462 4067 quaedam
1515 3997 1833 4052 rhetoricae
1880 3997 2143 4052 dictionis
2192 3997 2519 4066 supersunt,
2566 4011 2751 4065 neque
2804 3997 2941 4066 quin

644 4076 889 4132 Cornelii
936 4078 1175 4147 Nepotis
1223 4079 1622 4134 auctoritatem
1658 4077 1877 4132 Plinius
1914 4079 1965 4132 II
2005 4083 2104 4132 169
2144 4077 2231 4146 (fr.
2263 4083 2310 4130 6.
2344 4081 2397 4146 7)
2434 4075 2489 4130 ei
2526 4075 2761 4142 debeat3
2808 4094 2943 4131 nam

645 4157 816 4212 etiam
865 4157 1158 4212 Hannonis
1207 4158 1278 4212 ab
1327 4161 1566 4227 utroque
1613 4175 1741 4212 cum
1787 4157 1891 4212 ina
1937 4157 2239 4213 coniuncta.
2284 4159 2385 4211 est.
2450 4159 2573 4210 tum
2618 4173 2755 4210 uero
2794 4157 2941 4212 libro

643 4237 812 4292 tertio
869 4237 944 4290 ad
998 4239 1184 4308 ipsum
1231 4239 1509 4308 Nepotem
1556 4240 1622 4291 ut
1666 4237 1811 4292 Padi
1857 4237 2109 4293 accolam
2144 4237 2231 4307 (fr.
2266 4239 2353 4305 10)
2390 4235 2585 4302 rediit,
2638 4240 2704 4291 ut
2758 4237 2941 4292 multa

639 4317 910 4387 deinceps
949 4334 1017 4371 ex
1055 4334 1120 4371 eo
1159 4322 1527 4373 mutuaretur.
