3234 5034
675 377 1041 430 (2meOE
1171 374 1269 433 DE
1308 372 1771 433 SCRIPTORVM
1806 371 1995 433 VITls
2032 371 2127 432 ΕΤ
2165 371 2482 432 Scmp'rls

673 565 847 610 suam
893 551 1250 625 orabatque,
1296 556 1364 609 ut
1407 567 1472 610 se
1519 549 1595 610 ab
1635 550 1873 610 iuiuria
1909 548 2233 608 oblivionis
2280 547 2610 608 adsereret.
2676 540 2981 610 ‘studiosi

677 643 841 709 tres?
887 681 973 690 ——-
1023 645 1238 708 ‘Dubii
1281 651 1576 709 sermon-is
1623 642 1812 708 octo’:
1864 650 2115 723 scripsit
2166 647 2277 706 sub
2334 647 2577 707 Nerone
2630 649 2979 707 nouissimis

677 751 873 821 anuiS,
939 764 1078 806 eum
1136 763 1310 807 omne
1359 747 1708 806 'studiorum
1762 762 1959 820 oenus
2003 747 2199 821 paulo
2268 745 2525 805 liberius
2587 752 2645 805 et
2710 747 2980 804 erectius

662 847 1082 922 periculosum
1119 848 1390 905 seruitus
1419 843 1685 920 fecisset.
1752 839 1830 903 ‘A
1872 843 2041 921 fine
2076 842 2343 920 Aufidi
2388 843 2609 903 Bassi
2654 846 2979 917 triainta

675 938 903 1004 unus?
997 938 1302 1003 ‘Naturae
1359 945 1761 1002 historiarum
1825 945 2085 1016 triqinta
2147 937 2411 1016 septem?
2452 991 2457 996 .
2513 958 2665 1019 quae
2736 939 2979 1018 quidem

675 1059 855 1121 opera
909 1059 1047 1102 eum
1106 1058 1462 1120 componere
1509 1058 1629 1100 non
1674 1041 1969 1119 potuisse,
2024 1041 2141 1100 nisi
2200 1046 2467 1118 tempore
2526 1037 2981 1118 religiosissime

674 1158 823 1201 usus
869 1147 1044 1218 esset,
1083 1139 1310 1218 reliqua
1357 1138 1608 1218 epistula
1658 1137 1845 1199 docet.

854 1237 1118 1299 Exorsus
1177 1239 1370 1316 ‚igitur
1432 1244 1524 1298 est
1582 1236 1812 1298 Plinius
1868 1235 1941 1296 ab
1998 1239 2129 1315 ipsa
2191 1235 2421 1315 militia,
2474 1238 2592 1298 iam
2650 1245 2777 1297 tum
2826 1231 2981 1315 ‘pari

674 1338 916 1416 ingenio
964 1332 1250 1416 curaque'
1310 1354 1474 1414 usuS,
1541 1333 1757 1397 deinde
1820 1337 2062 1414 pietatis
2121 1335 2318 1396 officio
2388 1336 2531 1396 satis
2606 1335 2778 1412 fecit,
2842 1353 2981 1395 cum

675 1434 738 1495 P.
776 1434 1148 1514 Pomponii
1195 1436 1414 1495 uitam
1454 1434 1766 1513 scriberet,
1813 1441 1873 1493 et
1908 1442 2117 1512 poetae
2156 1435 2367 1511 tragici
2404 1440 2466 1493 et
2501 1432 2671 1494 ducis
2708 1432 2984 1510 illustris,

678 1551 814 1593 cum
853 1535 914 1593 in
946 1530 1260 1594 Germania
1300 1535 1608 1612 superiore
1649 1551 1698 1592 a.
1730 1527 1968 1613 50s803
1999 1531 2227 1610 legatus
2257 1530 2527 1592 Caesaris
2556 1549 2665 1610 pro
2704 1540 2982 1610 praetore

677 1631 906 1711 fuisset,
942 1633 1310 1692 ornamentis
1338 1628 1799 1711 triumphalibus
1828 1633 2023 1691 ornati
2052 1631 2227 1704 (Tac.
2249 1630 2394 1690 XII
2418 1631 2508 1690 27
2532 1633 2670 1706 sq.),
2698 1630 2819 1690 uiri
2858 1637 2921 1690 et
2948 1647 2981 1690 a

677 1729 882 1790 Tacito
927 1737 1174 1809 propter
1221 1747 1454 1790 morum
1503 1728 1859 1807 elegantiam
1907 1736 1965 1789 et
2012 1729 2317 1807 ingenium
2356 1727 2586 1788 illustre
2624 1735 2685 1788 et
2724 1746 2757 1786 a
2794 1726 2982 1798 Quiu-

679 1827 882 1906 tiliano
939 1833 1184 1908 propter
1239 1829 1503 1888 carmina
1557 1835 1618 1888 et
1664 1825 2061 1888 eruditionem
2110 1828 2309 1905 magni
2354 1827 2677 1905 aestimati,
2733 1824 2807 1886 de
2863 1845 2983 1905 quo

677 1925 862 1986 multa
918 1924 1126 1988 hahuit
1190 1942 1341 2005 quae
1405 1933 1693 1986 narraret.
1786 1943 1925 1986 uam
1988 1933 2049 1986 et
2106 1924 2477 1985 consulatum
2538 1923 2987 1985 administrauit

680 2016 761 2106 (a.
807 2018 1094 2109 44s797)
1151 2022 1492 2103 bellumque
1551 2025 1733 2102 gessit
1792 2030 1850 2084 et
1905 2023 2178 2085 fortunae
2232 2023 2609 2102 iniquitatem
2656 2041 2983 2102 perpessus

679 2130 788 2200 est,
835 2141 971 2183 cum
1015 2129 1084 2183 ut
1111 2123 1336 2182 amicus
1375 2121 1524 2182 Aelii
1562 2120 1731 2200 Galli,
1779 2119 1887 2181 filii
1925 2121 2141 2200 Seiani,
2188 2139 2239 2182 a.
2270 2115 2415 2202 31s7
2423 2116 2510 2182 84
2548 2123 2609 2181 in
2648 2119 2983 2181 custodiam

679 2221 850 2282 fratri
887 2219 1058 2281 datus
1097 2239 1128 2280 a
1168 2219 1312 2280 Gaio
1351 2219 1589 2280 demum
1632 2218 2053 2298 dimitteretur,
2100 2219 2255 2299 apud
2294 2219 2453 2280 hunc
2490 2227 2687 2280 autem
2728 2225 2788 2279 et
2824 2217 2983 2298 apud

680 2317 990 2380 Claudium
1053 2320 1116 2378 in
1181 2318 1408 2378 honore
1473 2325 1635 2379 esset
1694 2320 1973 2394 (Prosop.
2013 2318 2129 2379 III
2151 2336 2219 2394 p.
2258 2317 2347 2378 80
2382 2337 2441 2378 n.
2481 2318 2659 2392 563).
2752 2315 2983 2378 Plinius

681 2424 878 2478 autem
935 2417 998 2476 in
1036 2416 1282 2477 historia
1319 2415 1574 2478 naturali
1603 2423 1665 2478 et
1701 2418 1832 2477 eius
1870 2418 2219 2477 auctoritate
2265 2415 2462 2477 addita
2510 2433 2746 2495 cenam,
2791 2433 2981 2495 *quam

679 2516 1028 2594 imperatori
1074 2512 1218 2575 Gaio
1268 2513 1446 2592 dedit,
1494 2516 1799 2576 enarrauit
1845 2514 1951 2592 (fr.
1996 2516 2064 2589 1)
2113 2523 2175 2576 et
2230 2532 2441 2575 manus
2485 2512 2715 2574 Tiberii
2755 2513 2981 2593 Gaique

682 2611 1084 2674 Gracchorum
1131 2631 1197 2673 se
1245 2611 1402 2692 apud
1451 2631 1588 2674 eum
1638 2610 1860 2674 ‘uatem
1909 2613 2225 2693 ciuemque
2278 2613 2677 2673 clarissimum
2728 2608 2982 2674 uidisse’

681 2710 892 2772 scribit
947 2711 1156 2785 (XIII
1182 2710 1300 2786 83)
1367 2713 1756 2791 meminitque
1822 2712 1951 2773 eius
2010 2713 2219 2772 matris
2282 2711 2452 2785 (VII
2478 2711 2595 2786 39)
2661 2712 2983 2790 ipsumque

682 2827 1004 2889 numquam
1051 2817 1318 2870 metasse
1368 2810 1537 2883 (VII
1565 2809 1703 2887 80),
1759 2807 1820 2870 id
1867 2808 2025 2889 quod
2070 2828 2145 2871 ne
2193 2808 2266 2870 ab
2313 2811 2689 2870 enarratione
2737 2808 2983 2888 quidem

683 2909 813 2968 eius
857 2909 1018 2968 uitae
1064 2925 1172 2986 pro
1221 2909 1566 2968 curiositate
1612 2907 1880 2969 Pliniana
1926 2906 2249 2968 abhorrere
2294 2905 2552 2968 uidetur.

861 3005 1061 3066 Secuti
1109 3013 1252 3066 sunt
1295 3001 1688 3067 ‘Bellorum
1747 3003 2169 3067 Germaniae
2222 3003 2461 3084 uiginti'
2520 3004 2687 3084 libri,
2761 3005 2983 3086 quibus

681 3105 880 3165 omnia
925 3122 1208 3183 umquam
1255 3121 1392 3164 cum
1440 3102 1755 3165 Germanis
1808 3112 1973 3184 gesta
2029 3122 2167 3166 eum
2224 3102 2745 3183 comprehendisse
2800 3107 2985 3166 etiam

684 3202 1004 3263 Suetonius
1051 3205 1087 3264 l.
1124 3220 1170 3264 s.
1219 3208 1490 3281 testatur,
1527 3203 1767 3263 initium
1813 3203 2119 3282 facienteS,
2164 3209 2231 3263 ut
2275 3203 2410 3263 ueri
2456 3202 2651 3263 simile
2688 3211 2807 3282 est,
2846 3221 2984 3264 cum

683 3299 941 3361 Cimbris
988 3299 1412 3379 Teutonisque,
1469 3319 1504 3361 a
1549 3301 1767 3384 quibus
1816 3303 1994 3362 etiam
2043 3301 2283 3362 Tacitus
2330 3302 2393 3362 in
2442 3299 2759 3362 Germania
2804 3319 2857 3362 c.
2894 3301 2985 3362 37

683 3398 783 3459 illa
827 3397 982 3458 bella
1029 3401 1272 3478 repetit,
1327 3399 1590 3460 incohati
1636 3401 1699 3460 in
1746 3401 1874 3479 ipsa
1922 3397 2264 3477 Germania,
2323 3397 2505 3478 idque
2550 3401 2651 3480 ita,
2703 3407 2773 3461 ut
2826 3417 2985 3461 som·

683 3499 848 3558 nium
905 3495 1054 3558 illud
1109 3497 1290 3558 Drusi
1347 3499 1533 3578 patris
1589 3499 1841 3576 fingeret
1887 3490 2077 3581 (quod
2135 3501 2199 3559 in
2256 3498 2561 3577 prooemio
2620 3515 2759 3559 eum
2818 3515 2987 3560 more

683 3602 992 3675 poetarum
1039 3597 1259 3656 usitato
1306 3613 1580 3656 narrasse
1636 3589 2025 3680 putauerim),
2078 3614 2154 3657 ue
2200 3595 2420 3656 Aufidii
2476 3595 2635 3657 laudi
2690 3595 2985 3657 inuidisse

682 3691 1013 3772 uideretur,
1041 3693 1212 3756 cuius
1239 3692 1461 3754 bellum
1493 3691 1912 3755 Germanicum
1944 3692 2181 3755 silentio
2211 3695 2469 3755 transire
2496 3711 2615 3755 uon
2648 3703 2870 3773 posset.
2920 3713 2985 3754 re

683 3809 829 3852 uera
867 3793 1073 3870 inique
1111 3790 1354 3872 ferebat,
1393 3790 1549 3871 quod
1578 3790 1755 3852 Drusi
1795 3794 2081 3853 memoria
2117 3809 2238 3853 nou
2277 3809 2363 3871 ea,
2402 3808 2516 3872 qua
2556 3791 2771 3871 dignus
2808 3801 2985 3870 esset,

683 3890 904 3969 pietate
951 3889 1108 3949 culta
1157 3896 1332 3969 esset,
1380 3888 1677 3969 Caligulae
1723 3888 1897 3951 bellis
1943 3889 2275 3970 obscurata,
2322 3890 2494 3952 cuius
2540 3889 2986 3970 expeditionum

660 3984 1038 4066 ludibrium,
1096 3995 1164 4048 ut
1220 3990 1303 4048 ait
1347 3987 1588 4049 Tacitus
1647 3990 1819 4062 (hist.
1858 3988 1963 4048 IV
1992 3989 2094 4050 15.
2149 3990 2343 4050 Ger-nt.
2380 3989 2485 4050 37.
2542 3988 2620 4066 ef.
2660 3989 2813 4066 Aqr.
2853 3990 2986 4068 13),

687 4083 1021 4146 adulatione
1047 4085 1112 4146 in
1140 4083 1376 4147 laudem
1406 4103 1652 4147 uersum
1681 4094 1807 4147 erat
1824 4087 1977 4159 (uid.
2006 4105 2199 4163 supra
2222 4104 2290 4164 p.
2316 4089 2657 4166 cnvtsq.);
2696 4086 2985 4148 iudicium

687 4184 816 4243 eius
864 4184 1040 4243 etiam
1081 4201 1240 4245 nunc
1276 4191 1468 4245 exstat
1506 4186 1661 4258 (uid.
1693 4184 1778 4262 fr.
1817 4184 1907 4260 2).
1981 4185 2238 4263 cognitio
2276 4185 2407 4245 eius
2452 4183 2745 4246 bellorum
2798 4203 2985 4265 usque

687 4278 761 4340 ad
809 4279 1146 4359 Symmachi
1203 4288 1456 4342 aetatem
1514 4283 1757 4360 mansit,
1814 4284 1927 4342 etsi
1972 4281 2249 4343 Protadio
2296 4281 2621 4362 postulanti
2669 4282 2823 4344 forte
2870 4284 2983 4344 for·

689 4386 832 4439 tuna
879 4397 1031 4458 opus
1079 4396 1212 4440 esse
1260 4379 1584 4460 respondit,
1633 4386 1700 4440 ut
1746 4397 1813 4440 ea
1861 4383 2244 4460 conquireret
2289 4382 2408 4458 (ep.
2448 4381 2551 4441 IV
2577 4379 2709 4454 18).
