3234 5034
669 275 755 326 CL
1155 271 1250 326 DE
1289 269 1755 327 SCRIPTORVM
1790 270 1980 327 VITIS
2016 271 2111 326 ΕΤ
2148 271 2463 328 SCRIP'I'IS

669 461 738 503 eo
793 439 1168 502 indicabatur
1220 439 1572 502 florentibus
1630 439 1875 520 Flauiis,
1930 439 2105 501 aliter
2156 443 2354 503 occiso
2408 441 2760 502 Domitiano.
2852 459 2957 501 nec

669 542 869 602 minus
914 539 1128 601 acerbe
1165 538 1394 601 Plinius
1432 538 1576 600 Gaio
1614 537 1985 600 irascebatur
2032 541 2301 614 (Gercke
2337 544 2373 603 l.
2409 543 2507 619 3.),
2551 549 2621 601 ut
2656 541 2757 602 cui
2794 538 2957 601 Clau·

671 638 803 700 dius
849 646 1133 719 patronus
1179 639 1586 718 successisset,
1647 655 2003 718 quamquam
2062 637 2133 700 de
2190 638 2337 718 loco,
2394 638 2499 700 ubi
2554 647 2731 700 natus
2788 647 2958 718 esset,

671 745 732 800 et
775 733 905 818 ipse
955 739 1179 799 errauit
1223 744 1285 798 et
1330 734 1692 815 GaetulicuS,
1738 737 1838 798 cui
1875 735 2273 799 adulationem
2310 736 2695 817 exprobrauit
2732 738 2842 815 (sr.
2872 738 2957 812 2).

669 839 872 916 itaque
937 843 1290 897 testamento
1355 834 1564 896 heredi
1627 834 1781 896 hanc
1842 835 2152 897 historiam
2216 835 2547 915 mandauit,
2620 838 2659 896 i.
2726 854 2779 898 e.
2842 836 2957 896 tilio

670 928 976 1019 sororis.¹)
1071 932 1228 1014 quod
1293 941 1490 996 autem
1565 927 1826 1013 perinde'
1898 952 1963 995 se
2026 943 2088 996 et
2149 935 2577 1015 occupantibus
2641 934 2840 998 locum
2902 943 2962 996 et

669 1035 926 1114 posteris
973 1033 1176 1094 fauere
1224 1031 1466 1112 addidit,
1513 1051 1665 1113 quos
1704 1051 1907 1094 secum
1946 1031 2356 1096 decertaturos
2394 1051 2527 1096 esse
2562 1035 2763 1112 sciret,
2810 1035 2958 1096 sicut

668 1133 800 1211 ipse
863 1131 1104 1192 fecisset
1167 1149 1302 1192 cum
1361 1129 1691 1209 prioribus,
1756 1129 1915 1192 idem
1978 1133 2285 1212 professus
2346 1141 2438 1194 est
2500 1131 2659 1213 quod
2724 1132 2960 1194 Tacitus

669 1249 806 1292 cum
869 1231 1020 1290 iram
1078 1236 1139 1290 et
1193 1227 1456 1290 studium
1515 1227 1963 1310 deprecaretur,
2028 1231 2505 1312 sigmlicauitque
2568 1230 2679 1292 hac
2737 1233 2961 1292 ratione

671 1347 736 1390 se
783 1335 989 1408 aperte
1036 1336 1097 1389 et
1141 1327 1382 1388 laudare
1429 1328 1697 1406 potuisse
1744 1346 1896 1407 quae
1944 1328 2233 1391 laudanda
2280 1338 2497 1408 essent,
2544 1337 2604 1391 et
2641 1329 2961 1409 reprehen-

672 1427 812 1490 dere
859 1444 1010 1506 quae
1048 1424 1552 1506 reprehendenda,
1589 1434 1660 1486 ut
1694 1428 1945 1488 crimina
1982 1437 2043 1490 et
2070 1428 2191 1490 odii
2230 1437 2291 1490 et
2326 1427 2677 1490 adulationis
2717 1429 2963 1509 fugeret,

669 1527 1059 1605 ueritatisque
1133 1543 1198 1586 se
1255 1526 1494 1586 omnino
1551 1525 1883 1586 studiosum
1940 1526 2127 1589 fuisse
2200 1544 2312 1588 nec
2375 1528 2573 1589 minus
2636 1526 2961 1606 benignum

671 1625 1029 1705 plenumque
1090 1625 1336 1704 ingenui
1390 1621 1639 1704 pudoris
1660 1618 1741 1708 ²),
1797 1643 2047 1704 quarum
2100 1627 2393 1688 uirtutum
2448 1625 2545 1686 uel
2602 1627 2777 1687 cuius
2824 1621 2963 1688 ‘sto-

671 1719 888 1786 machi'
947 1729 1362 1802 argumentum
1417 1729 1485 1783 ut
1539 1723 1863 1803 proferret,
1918 1733 2125 1803 postea
2180 1726 2242 1784 in
2296 1723 2552 1785 naturali
2604 1723 2855 1786 historia
2900 1743 2961 1786 se

671 1830 977 1884 auctorum
1015 1822 1254 1882 nomina
1293 1828 1741 1900 praetextumm
1780 1840 1915 1882 esse
1952 1822 2252 1902 pollicitus
2288 1829 2397 1884 est.
2470 1825 2535 1884 in
2564 1841 2753 1903 eoque
2784 1825 2961 1884 stetit.

671 1939 808 1984 nam
843 1928 912 1982 ut
947 1919 1066 1980 illis
1101 1918 1472 1998 temporibus
1509 1921 1730 1980 acriter
1766 1921 1829 1981 in
1868 1939 1965 1982 res
2002 1923 2319 2001 inquisiuit
2356 1929 2415 1982 et
2453 1920 2524 1982 ad
2562 1924 2961 1983 certissimum

672 2037 968 2101 quemque
1033 2025 1335 2080 auctorem
1401 2017 1596 2096 rediit,
1661 2035 1842 2097 quem
1904 2019 2269 2100 improbaret
2330 2018 2545 2081 acerbe
2610 2021 2961 2100 uituperans

674 2120 916 2193 (Gesch.
956 2119 1170 2179 Litter.
1210 2117 1254 2177 I
1279 2135 1346 2194 p.
1380 2117 1508 2178 119
1527 2119 1703 2196 sqq.),
1750 2135 1865 2198 qua
1914 2117 1985 2178 de
2034 2137 2209 2180 causa
2248 2120 2299 2179 si
2328 2117 2475 2198 quid
2518 2120 2649 2198 ipse
2696 2118 2963 2198 uidisset,

673 2233 1135 2280 commemorare
1197 2201 1328 2276 non'
1373 2217 1574 2277 omisit
1631 2218 1784 2288 (uid.
1833 2219 2095 2278 indicem
2142 2216 2477 2294 Deilefseni
2503 2235 2575 2294 p.
2611 2215 2727 2291 83)
2790 2225 2961 2297 atque

673 2334 749 2377 ne
795 2322 1177 2377 monumenta
1233 2313 1474 2395 quidem
1531 2313 1850 2395 titulosque
1906 2316 2163 2394 spreuit:
2218 2314 2394 2376 heres
2440 2316 2639 2394 igitur,
2686 2317 2791 2395 qui
2836 2317 2963 2394 qui-

675 2413 810 2475 dem
867 2414 1046 2474 etiam
1101 2431 1166 2474 se
1223 2414 1420 2492 ipsum
1475 2415 1689 2492 omnia,
1746 2411 1963 2493 quibus
2010 2413 2385 2475 interfuisset
2428 2431 2699 2493 quaeque
2748 2414 2963 2491 statim,

675 2531 812 2574 cum
849 2513 1104 2574 maxime
1139 2530 1282 2572 uera
1321 2519 1815 2590 memorarentur,
1854 2511 2198 2590 audiuisse&
2238 2512 2373 2572 stilo
2411 2519 2795 2592 persecutum
2834 2529 2963 2572 esse

675 2610 748 2672 ad
787 2609 1056 2672 Tacitum
1095 2611 1336 2690 scripsit
1375 2613 1493 2687 (ep.
1538 2610 1628 2670 VI
1658 2610 1760 2688 16,
1800 2611 1934 2686 22),
1982 2609 2343 2672 auunculum
2380 2612 2511 2672 iure
2560 2628 2667 2671 suo
2706 2606 2963 2689 ‘religio-

675 2704 935 2772 sissime’
983 2709 1261 2770 historias
1309 2710 1623 2788 scripsisse
1670 2708 2015 2788 praedicare
2062 2710 2255 2787 potuit
2304 2710 2401 2784 (V
2430 2709 2490 2783 8,
2528 2711 2617 2783 5).

851 2806 938 2870 Eo
1001 2809 1190 2886 magis
1253 2809 1541 2868 miramur
1604 2807 1795 2868 Taciti
1858 2809 2233 2888 iniquitatem
2300 2806 2523 2868 iudicii.
2628 2825 2767 2868 nam
2822 2826 2965 2869 ann.

675 2907 854 2970 XIII
889 2907 975 2968 31
1033 2923 1186 2967 anno
1233 2900 1488 2986 57s810
1543 2925 1729 2984 pauca
1776 2907 2063 2967 memoria
2112 2905 2287 2993 digna
2339 2907 2613 2967 euenisse
2662 2913 2967 2985 memorat,

677 3003 820 3067 ‘nisi
873 3006 970 3066 cui
1026 3003 1209 3065 libeat
1265 3002 1573 3065 laudandis
1629 3003 2029 3066 fundamentis
2086 3012 2146 3065 et
2204 3003 2499 3084 trabibus,
2560 3006 2697 3083 quis
2752 3003 2965 3066 molem

675 3103 1094 3183 amphitheatri
1148 3101 1304 3181 apud
1359 3120 1633 3181 campum
1692 3102 1899 3164 Martis
1958 3101 2177 3163 Caesar
2235 3111 2602 3181 extruxerat,
2665 3101 2969 3164 uolumina

676 3201 943 3282 implere,
991 3219 1128 3262 cum
1177 3218 1246 3261 ex
1297 3199 1580 3278 dignitate
1626 3201 1831 3280 populi
1876 3200 2125 3262 Romani
2174 3207 2477 3280 repertum
2536 3201 2615 3261 sit
2669 3218 2769 3262 res
2814 3200 2969 3262 inlu·

676 3309 832 3360 stres
879 3297 1208 3376 annalibus,
1255 3297 1392 3358 talia
1441 3296 1673 3359 diurnis
1719 3297 1886 3360 urbis
1934 3301 2082 3360 actis
2128 3298 2409 3360 mandare
2426 3293 2459 3378 ’‚
2506 3295 2725 3379 quibus
2762 3297 2967 3360 uerbis

676 3417 812 3460 eum
858 3397 1116 3460 Plinium
1165 3398 1496 3475 respexisse
1544 3395 1641 3456 his
1686 3398 1877 3476 ipsius
1923 3396 2069 3458 locis
2117 3397 2581 3460 demonstratur:
2628 3416 2685 3458 n.
2712 3399 2771 3458 h.
2810 3398 2883 3459 X
2892 3397 2977 3456 VJ

675 3497 810 3558 200
845 3499 1231 3575 Amplissima
1282 3498 1573 3556 arborum
1622 3497 1709 3556 ad
1748 3498 1866 3558 hoc
1912 3500 2055 3558 aeui
2098 3500 2489 3558 existimatur
2534 3496 2769 3557 Romae
2814 3499 2970 3571 uisa,

676 3613 856 3673 quam
881 3603 1144 3673 propter
1179 3598 1543 3655 miraculum
1579 3594 1857 3656 Tiberius
1892 3595 2227 3656 Caesar—
2246 3601 2615 3672 exposuerat
2638 3627 2742 3668 —-,
2780 3595 2969 3654 dura·

677 3699 886 3771 aitque
922 3696 1008 3755 ad
1041 3695 1302 3754 Neronis
1326 3697 1640 3770 principis
1678 3695 2187 3770 amphitheatrum
2198 3715 2221 3767 ;
2271 3693 2399 3770 fuit
2433 3701 2635 3755 autem
2686 3693 2861 3752 trabs
2894 3709 2970 3752 ea

677 3811 710 3854 e
752 3794 968 3870 larice,
1013 3796 1198 3868 lonya
1231 3793 1426 3870 pedes
1480 3792 1679 3867 CXX,
1725 3793 1994 3869 bipedali
2039 3795 2452 3853 crassitudine
2497 3793 2801 3866 aequalis,
2850 3807 2969 3866 quo

677 3893 1141 3967 intellegebatur
1188 3895 1300 3952 uix
1347 3893 1663 3953 credibilis
1707 3894 1947 3968 reliqua
1996 3892 2254 3954 altitudo
2292 3890 2615 3968 fastigium
2653 3891 2742 3950 ad
2783 3905 2967 3950 cacu-

860 4136 910 4202 1)
949 4134 996 4186 A
1041 4132 1228 4188 Plinio
1281 4133 1496 4188 minore
1549 4149 1675 4187 eam
1732 4132 1903 4188 etiam
1958 4135 2321 4188 retractatum
2375 4133 2434 4187 et
2478 4130 2799 4202 suppletam
2849 4147 2969 4186 esse

675 4213 861 4268 minus
899 4217 1052 4268 recte
1077 4212 1282 4268 Nissen
1317 4213 1354 4268 1.
1383 4231 1424 4268 s.
1455 4231 1507 4283 p.
1541 4221 1645 4268 544
1684 4214 1948 4284 opinatus
1988 4217 2091 4282 est,
2128 4213 2243 4268 uid.
2273 4211 2453 4268 Fabia
2487 4229 2541 4282 p.
2575 4217 2675 4266 207
2698 4229 2781 4281 sq.

856 4297 909 4366 2)
947 4292 1130 4348 Aliter
1157 4293 1324 4366 Sinig
1359 4294 1418 4348 in
1457 4294 1590 4349 edit.
1624 4312 1727 4350 sua
1760 4294 1861 4364 Ip.
1888 4299 1954 4349 10
2000 4295 2151 4349 hunc
2174 4293 2379 4349 locum
2414 4294 2823 4363 interpretatus
2868 4295 2967 4348 est.
