3234 5034
927 355 1147 411 LIBER
1180 356 1279 411 DE
1316 355 1608 412 CATONE
1649 354 1984 410 VTICENSI
2519 354 2608 418 43

483 519 555 588 2.
604 526 759 587 Plut.
807 526 933 586 Cat.
970 529 1113 586 min.
1152 525 1242 585 36
1313 520 1444 586 Διὸ
1503 523 1724 602 [nimia
1779 527 2104 601 diliyentia
2163 529 2228 586 in
2275 525 2612 586 Ptolomaei
2643 555 2747 564 —-

297 627 646 687 hereditate
682 625 1077 686 diuendenda
1121 621 1295 702 Cato]
1334 628 1475 696 τοῖς
1510 641 1583 684 τε
1629 619 1863 696 ἄλλοις
1905 622 2132 704 φίλοις
2175 619 2266 696 ὡς
2311 616 2612 684 ἀπιστῶν

298 717 758 802 προσέκρουσε
811 717 921 784 καὶ
976 719 1097 784 τὸν
1150 716 1658 802 συνηθέστατον
1714 717 2028 784 ἁπάντων
2074 717 2471 783 Μουνάτιον
2515 717 2612 794 εἰς

298 815 516 903 ὀργὴν
568 816 805 901 ὀλίγον
862 817 1013 882 δεῖν
1066 815 1429 900 ἀνήκεστον
1485 814 1858 900 γενομένην
1903 814 2240 901 ἐνέβαλεν,
2286 817 2454 882 ὥστε
2499 811 2610 880 καὶ

246 935 271 977 ι
298 919 595 998 Καίσαρι
641 913 971 1000 γράφοντι
1007 916 1215 997 λόγον
1250 915 1414 980 κατὰ
1448 922 1569 980 τοῦ
1608 915 1926 992 Κάτωνος
1968 914 2376 1000 πικροτάτην
2407 923 2610 980 τοῦτο

298 1015 375 1080 τὸ
414 1011 617 1099 μέρος
650 1023 769 1097 τῆς
802 1016 1203 1098 κατηγορίας
1239 1013 1591 1099 διατριβὴν
1624 1023 2008 1099 παρασχεῖν.
2074 1009 2240 1100 (37.)
2280 1009 2352 1078 ‘0
2378 1011 2608 1096 μέντοι

298 1111 695 1189 Μουνάτιος
740 1111 865 1178 οὐκ
908 1109 1183 1198 ἀπιστίᾳ
1232 1120 1356 1178 τοῦ
1402 1111 1755 1195 Κάτωνος,
1809 1109 1949 1177 ἀλλ’
2001 1109 2260 1178 ἐκείνου
2303 1106 2428 1194 μὲν
2473 1109 2609 1177 ὀλι-

300 1214 515 1298 γωρίᾳ
558 1211 727 1296 πρὸς
772 1209 1007 1292 αὑτόν,
1053 1209 1263 1276 αὑτοῦ
1310 1208 1389 1275 δέ
1428 1231 1564 1276 τινι
1618 1211 1980 1296 ζηλοτυπίᾳ
2023 1210 2192 1293 πρὸς
2235 1209 2356 1275 τὸν
2401 1209 2609 1274 Κανί-

300 1311 457 1375 διον
504 1310 755 1394 ίστορεῖ
792 1305 1109 1391 γενέσθαι
1144 1309 1268 1392 τὴν
1314 1307 1543 1394 ὀργήν.
1635 1308 1748 1374 καὶ
1793 1308 1920 1394 γὰρ
1967 1306 2170 1385 αὐτὸς
2214 1307 2610 1391 σύγγραμμα

220 1427 273 1468 ιο
299 1407 454 1492 περὶ
506 1415 631 1472 τοῦ
688 1406 1005 1482 Κάτωνος
1062 1403 1409 1489 ἐξέδωκεν,
1464 1398 1517 1495 ᾧ
1563 1406 1846 1489 μάλιστα
1905 1403 2204 1492 Θρασέας
2250 1404 2610 1487 ἐπηκολού-

298 1513 491 1590 θησε.
557 1504 756 1588 Λέγει
795 1500 871 1569 δὲ
906 1504 1183 1591 ὕστερος
1218 1501 1343 1590 μὲν
1378 1507 1475 1582 εἰς
1508 1505 1794 1590 Κύπρον
1829 1503 2195 1589 ἀφικέσθαι
2231 1504 2342 1568 καὶ
2380 1505 2612 1586 λαβεῖν

298 1601 855 1689 παρημελημένην
890 1601 1135 1687 ξενίαν,
1172 1601 1397 1668 ἐλθὼν
1431 1602 1510 1668 δὲ
1545 1601 1655 1668 ἐπὶ
1690 1602 1912 1688 θύρας
1939 1601 2335 1686 ἀπωσθῆναι
2365 1618 2611 1667 σκευω-

299 1699 639 1787 ρουμένου
684 1724 749 1766 τι
794 1709 919 1766 τοῦ
958 1699 1277 1778 Κάτωνος
1322 1705 1497 1767 οἴκοι
1540 1703 1672 1766 σὺν
1706 1707 1798 1789 τῷ
1827 1701 2155 1789 Κανιδίῳ,
2189 1699 2612 1784 μεμψάμενος

300 1797 379 1866 δὲ
424 1802 705 1885 μετρίως
752 1797 835 1864 οὐ
882 1801 1150 1884 μετρίας
1203 1809 1433 1884 τυχεῖν
1482 1798 1915 1885 ἀποκρίσεως,
1959 1798 2062 1864 ὅτι
2109 1798 2491 1864 κινδυνεύει
2535 1798 2610 1863 τὸ

220 1917 273 1960 ιε
300 1899 459 1984 λίαν
494 1903 742 1982 φιλεῖν,
789 1897 879 1974 ὥς
916 1914 1081 1982 φησι
1122 1899 1571 1983 Θεόφραστος,
1614 1903 1839 1963 αῖτιον
1869 1906 1993 1963 τοῦ
2029 1907 2253 1983 μισεῖν
2295 1900 2610 1980 γίνεσθαι

298 1996 647 2074 πολλάκις·
722 1993 932 2061 εἘσιεεὶ
977 1992 1089 2060 καὶ
1135 1995 1276 2080 σύ’,
1324 1995 1555 2080 φάναι,
1617 1996 1731 2085 ’τῷ
1783 1995 2065 2079 μάλιστα
2125 2000 2352 2080 φιλεῖν
2409 1989 2612 2078 ἦττον

301 2097 611 2180 οἰόμενος
664 2093 705 2178 ἢ
760 2096 1081 2181 προσήκει
1137 2100 1459 2176 τιμᾶσθαι
1513 2097 1946 2180 χαλεπαίνεις.
2029 2093 2332 2182 Κανιδίφ
2377 2089 2454 2158 δὲ
2498 2091 2610 2159 καὶ

300 2191 393 2260 δι’
450 2190 799 2278 ἐμπειρίαν
843 2202 1103 2277 χρῶμαι
1145 2190 1257 2258 καὶ
1295 2192 1407 2258 διὰ
1443 2197 1672 2258 πίστιν
1707 2191 1955 2278 ἑτέρων
1988 2195 2265 2278 μᾶλλον,
2302 2188 2370 2270 ἐξ
2405 2191 2610 2277 ἀρχῆς

299 2288 429 2377 μὲν
474 2289 847 2378 ἀφιγμένῳ,
900 2296 1176 2380 καθαρῷ
1221 2291 1297 2356 δὲ
1341 2289 1730 2378 φαινομένῳ
1746 2290 1778 2356 ’.
1863 2294 2086 2356 Ταῦτα
2126 2288 2354 2372 μέντοι
2399 2292 2613 2375 μόνον

160 2443 167 2452 .
220 2411 273 2452 ιο
301 2389 483 2478 αὐτῷ
522 2392 707 2475 μόνῳ
753 2388 1195 2474 διαλεχθέντα
1249 2389 1371 2455 τὸν
1414 2390 1706 2455 Κάτωνα
1747 2389 1916 2476 πρὸς
1955 2389 2076 2455 τὸν
2112 2389 2444 2456 Κανίδιον
2480 2385 2611 2466 ἐξε-

302 2499 586 2572 νεγκεῖν.
659 2488 1063 2570 αἰσθόμενος
1118 2483 1243 2554 οὖν
1298 2487 1499 2566 αὐτὸς
1544 2489 1704 2554 οὔτε
1747 2486 1856 2554 ἐπὶ
1900 2489 2178 2555 δεῖπνον
2223 2489 2320 2552 ἔτι
2367 2495 2613 2572 φοιτᾶν

302 2587 459 2653 αὔτε
513 2587 895 2671 σύμβουλος
946 2586 1317 2652 ὑπακούειν
1368 2585 1798 2669 καλούμενος.
1879 2585 2314 2663 ἀπειλοῦντος
2371 2585 2446 2650 δὲ
2488 2593 2613 2651 τοῦ

304 2686 643 2770 Κάτωνος,
672 2685 893 2767 ὥσπερ
930 2685 1213 2750 εἰώθασι
1250 2694 1385 2749 τῶν
1422 2683 1915 2768 ἀπειθούντων,
1943 2682 2224 2768 ἐνέχυρα
2255 2686 2612 2767 λήψεσθαι,

300 2779 515 2868 μηδὲν
568 2785 937 2870 φροντίσας
989 2781 1345 2848 ἐκπλεῦσαι
1399 2782 1511 2848 καὶ
1568 2785 1790 2849 πολὺν
1831 2785 2082 2868 χρόνον
2127 2779 2202 2847 ἐν
2248 2780 2418 2868 ὀργῇ
2463 2783 2608 2848 δια-

222 2902 275 2944 ιε
303 2884 547 2947 τελεῖν·
613 2875 755 2947 εἶτα
792 2889 910 2963 τῆς
954 2883 1269 2966 Μαρκίας
1313 2877 1441 2967 (ἔτι
1486 2881 1613 2964 γὰρ
1661 2878 1946 2970 συνῴκει
1989 2887 2082 2969 τῷ
2121 2876 2422 2966 Κάτωνι)
2468 2879 2612 2945 δια-

306 2980 656 3064 λεχθείσης
707 2990 971 3064 τυχεῖιέ·
987 2973 1113 3060 μὲν
1167 2978 1296 3044 ὑπὸ
1354 2979 1585 3063 Βάρκα
1643 2977 2088 3062 κεκλημένους
2143 2976 2250 3044 ἐπὶ
2311 2978 2611 3060 δεῖπνον,

304 3078 700 3143 εἰσελθόντα
744 3071 819 3142 δὲ
863 3074 1150 3159 ὕστερον
1192 3077 1314 3142 τὸν
1351 3075 1640 3142 Κάτωνα
1684 3087 1823 3141 τῶν
1867 3077 2087 3142 ἄλλων
2121 3073 2613 3158 κατακειμένων

307 3174 583 3261 ἐρωτᾶν,
628 3173 799 3241 ὅπου
844 3175 1296 3258 κατακλιθείη.
1367 3183 1492 3240 τοῦ
1539 3170 1614 3240 δὲ
1662 3173 1893 3260 Βάρκα
1936 3174 2393 3258 κελεύσαντος,
2440 3173 2611 3240 ὅπου

304 3273 649 3357 βούλεται,
704 3272 1280 3358 περιβλεψάμενον
1334 3275 1567 3356 εἰπεῖν,
1623 3272 1726 3338 ὅτι
1773 3273 1956 3358 παρὰ
1999 3272 2412 3361 Μουνάτιον.
2501 3273 2612 3338 καὶ

224 3393 281 3436 ιο
304 3373 751 3457 περιελθόντα
806 3372 1095 3455 πλησίον
1156 3369 1365 3437 αὐτοῦ
1424 3376 1938 3454 κατακλιθῆναι,
1995 3369 2201 3437 πλέον
2261 3366 2335 3436 δὲ
2391 3367 2614 3456 μηθὲν

305 3471 948 3555 φιλοφρονήσασθαι
992 3469 1171 3551 παρὰ
1213 3470 1289 3534 τὸ
1334 3470 1630 3535 δεῖπνον.
1697 3468 1866 3535 ἀλλὰ
1911 3468 2116 3534 πάλιν
2149 3478 2267 3552 τῆς
2301 3470 2614 3554 Μαρκίας

304 3567 625 3653 δεομένης
668 3568 789 3632 τὸν
841 3563 965 3651 μὲν
1011 3567 1297 3632 Κάτωνα
1347 3568 1601 3652 γράψαι
1655 3568 1824 3653 πρὸς
1877 3567 2112 3651 αὐτόν,
2167 3567 2258 3644 ὡς
2311 3565 2614 3652 ἐντυχεῖν

304 3690 369 3731 τι
412 3667 851 3750 βουλόμενον,
898 3663 1099 3742 αὐτὸς
1143 3659 1217 3729 δὲ
1262 3664 1451 3748 ἥκειν
1496 3663 1714 3733 ἕωθεν
1759 3667 1854 3743 είς
1896 3667 2022 3749 τὴν
2066 3666 2287 3731 οἰκίαν
2331 3664 2443 3731 καὶ
2475 3665 2610 3730 ὑπὸ

303 3773 419 3848 τῆς
455 3765 771 3848 Μαρκίας
813 3769 1323 3848 κατασχεθῆναι,
1368 3761 1559 3848 μέχρι
1600 3764 1846 3840 πάντες
1893 3762 2387 3848 ἀπηλλάγησαν,
2435 3764 2611 3830 οὕτω

225 3885 279 3927 ιε
306 3859 381 3928 δὲ
427 3863 824 3927 εἰσελθόντα
868 3861 991 3926 τὸν
1027 3859 1315 3926 Κάτωνα
1354 3859 1464 3926 καὶ
1499 3863 1948 3946 περιβαλόντα
1992 3861 2108 3938 τὰς
2144 3873 2367 3947 χεῖρας
2401 3861 2610 3946 ἀμφο-

305 3957 501 4044 τέρας
546 3957 976 4024 ἀσπάσασθαι
1020 3955 1133 4024 καὶ
1182 3963 1774 4045 φιλοφρονεῖσθαι.

486 4055 555 4124 3.
606 4062 762 4122 Plut.
810 4061 939 4122 Cat.
976 4064 1119 4122 min.
1156 4061 1245 4121 25
1289 4050 1459 4122 Εἶτα
1502 4053 1704 4141 ἔγημε
1751 4059 1936 4140 [Cato
1982 4062 2049 4122 L.
2089 4061 2348 4140 Marcii]
2395 4065 2612 4142 θυγα-

308 4154 462 4242 τέρα
528 4157 870 4220 Φιλίππου
936 4157 1284 4240 Μαρκίαν,
1348 4155 1599 4240 ἐπιεικῆ
1667 4155 2006 4222 δοκοῦσαν
2069 4150 2244 4221 εἶναι
2305 4167 2611 4240 γυναῖκα,

490 4311 553 4367 8.
594 4313 707 4368 Res
741 4314 905 4367 etiam
941 4314 1007 4366 in
1040 4313 1315 4367 rhetorum
1353 4313 1501 4368 ludis
1536 4313 1842 4369 declamata
1878 4319 1970 4368 est.
2042 4314 2272 4386 Quintil.
2303 4315 2416 4369 ΙΙΙ
2444 4319 2497 4383 5,
2527 4320 2611 4369 11.

310 4383 371 4438 Χ
404 4389 459 4452 5,
488 4387 559 4440 13
570 4404 594 4451 ,·
642 4383 762 4438 uid.
791 4385 1097 4440 Drwmawn
1132 4384 1245 4438 III
1264 4403 1325 4455 p.
1355 4389 1465 4440 107
1481 4401 1557 4455 oq.

2664 483 2732 533 58

2647 573 2752 622 696
