3234 5034
639 335 765 400 136
1443 333 1640 390 AELII
1673 333 1860 390 IVNII
1896 331 2117 390 CORDI

635 505 834 566 aureis
889 502 1105 566 litteris
1163 505 1438 583 scriptos.
1521 504 1651 582 ipse
1717 501 2005 582 puerulus
2060 520 2197 564 cum
2264 499 2337 562 ad
2392 519 2599 563 cenam
2666 499 2737 562 ab
2802 500 2936 561 Ale-

633 602 858 664 xandro
908 609 1069 664 esset
1115 611 1353 682 rogatus
1399 604 1463 663 in
1510 603 1699 681 patris
1749 601 2063 680 honorem,
2120 600 2279 680 quod
2335 601 2391 660 ei
2447 598 2683 661 deesset
2744 601 2939 660 uestis

635 701 961 779 cenatoria,
1018 702 1210 780 ipsius
1257 699 1576 761 Alexandri
1632 701 1878 779 accepit.
1952 717 2088 760 cum
2135 698 2333 760 inl'ans
2370 706 2547 777 esset,
2593 696 2793 759 subito
2828 716 2943 778 per

633 797 940 879 publicum
975 800 1256 860 ueniente
1302 797 1578 859 uehiculo
1617 799 1900 859 Antonini
1938 795 2241 875 Caracalli,
2287 795 2445 877 quod
2489 814 2747 858 uacuum
2789 805 2939 876 erat,

635 896 982 958 conscendit
1017 905 1078 958 et
1112 896 1269 957 sedit
1305 903 1365 957 et
1400 899 1503 958 uix
1541 915 1839 976 aegreque
1878 915 1909 957 a
1938 894 2303 958 mulionibus
2340 897 2695 957 carrucariis
2734 893 2937 956 detur-
2994 915 3017 955 s

635 994 805 1057 batus
835 1001 942 1056 est.
991 1013 1101 1056 nec
1131 994 1466 1075 defuerunt,
1505 997 1609 1076 qui
1638 993 1973 1056 cauendum
2006 994 2290 1056 infantem
2322 993 2589 1054 dicerent
2617 992 2939 1054 Caracallo.

634 1101 764 1154 tum
809 1092 910 1154 ille
961 1091 1132 1154 dixit:
1181 1089 1406 1172 ‘Longe
1453 1101 1562 1173 est,
1607 1100 1678 1153 ut
1721 1092 1867 1153 mihi
1915 1095 2027 1154 iste
2074 1089 2393 1154 succedat!
2460 1099 2591 1153 erat
2636 1093 2796 1154 enim
2834 1091 2940 1152 illo

635 1198 903 1270 tempore
943 1193 1101 1252 inter
1136 1189 1428 1270 ignobiles
1463 1199 1522 1252 et
1552 1193 1732 1253 nimis
1762 1209 2000 1271 paruus
2049 1193 2131 1266 (c.
2152 1192 2267 1266 31)
2310 1189 2517 1251 Mortis
2555 1192 2753 1252 omina
2791 1189 2941 1252 haec

637 1289 902 1350 fuerunt:
941 1291 1210 1350 uenienti
1247 1296 1452 1350 contra
1481 1289 1800 1351 Maximum
1841 1297 1900 1350 et
1936 1287 2247 1350 Balbinum
2283 1288 2603 1349 Maximino
2640 1307 2777 1350 cum
2816 1289 2943 1350 filio

635 1387 852 1450 mulier
887 1387 1173 1468 quaedam
1202 1389 1396 1467 passis
1424 1386 1695 1449 crinibus
1732 1389 1996 1449 occurrit
2030 1386 2273 1467 lugubri
2307 1387 2513 1448 habitu
2551 1394 2612 1449 et
2647 1386 2941 1449 exclama·
2972 1407 3023 1448 ιο

634 1489 753 1548 uit:
792 1483 1136 1565 tMaximini,
1165 1485 1485 1566 Maximini,
1521 1483 1870 1566 Maximini',
1908 1504 2102 1566 neque
2141 1487 2457 1567 quiequam
2496 1484 2751 1566 amplius
2790 1485 2947 1548 dixit

637 1592 698 1646 et
732 1591 963 1646 mortua
1003 1592 1108 1645 est.
1165 1583 1483 1646 uidebatur
1521 1587 1681 1646 enim
1722 1584 1923 1646 dicere
1960 1583 2227 1646 uoluisse
2274 1580 2689 1645 ‘succum-ite.
2760 1603 2945 1646 canes

637 1685 796 1744 circa
842 1685 1162 1744 tentorium
1219 1685 1348 1744 eius
1404 1685 1467 1743 in
1522 1682 1784 1744 secunda
1830 1686 2138 1744 mansione
2184 1683 2343 1743 ultra
2389 1681 2703 1745 duodecim
2748 1681 2943 1744 ulula-

637 1788 778 1844 runt
841 1789 901 1841 et
965 1783 1219 1842 animam
1285 1783 1457 1860 quasi
1521 1781 1717 1843 flendo
1781 1789 2112 1861 posuerunt
2167 1799 2234 1842 ac
2290 1782 2481 1860 prima
2536 1780 2671 1842 luce
2717 1783 2945 1843 mortui

639 1888 776 1941 sunt
833 1878 1207 1958 deprehensi.
1283 1878 1408 1959 lupi
1456 1878 1723 1958 [urbem]
1771 1881 2083 1960 quingenti
2138 1878 2317 1941 simul
2370 1880 2626 1960 ingressi
2684 1888 2827 1941 sunt
2878 1882 2945 1942 in
2978 1901 3027 1942 ιε

639 1996 767 2039 eam
831 1976 1060 2056 urbem,
1125 1979 1190 2038 in
1255 1996 1370 2057 qua
1435 1995 1500 2038 se
1556 1976 1913 2039 Maximinus
1978 1977 2341 2060 contulerat3
2404 1976 2674 2058 plerique
2734 1977 2952 2041 dicunt

635 2075 982 2156 Hemonam,
1029 2074 1131 2137 alii
1173 2075 1568 2155 Archimeam,
1615 2083 1777 2137 certe
1826 2094 1975 2156 quae
2024 2075 2261 2137 deserta
2306 2095 2339 2136 a
2386 2075 2621 2138 ciuibus
2670 2079 2949 2140 uenienti

637 2175 954 2236 Maximino
1018 2176 1226 2254 patuit.
1309 2173 1552 2254 longum
1616 2182 1709 2236 est
1772 2176 1969 2235 omnia
2032 2176 2343 2254 persequi,
2407 2192 2557 2254 quae
2614 2177 2717 2254 qui
2784 2179 2948 2238 scire

640 2272 954 2352 desiderat,
1001 2273 1054 2334 is
1099 2272 1300 2352 uelim,
1349 2279 1416 2335 ut
1461 2290 1639 2354 saepe
1689 2271 1827 2352 dixi,
1875 2272 2029 2352 legat
2075 2271 2352 2352 Cordum,
2398 2274 2501 2352 qui
2545 2273 2695 2335 haec
2740 2277 2951 2336 omnia

639 2389 829 2451 usque
876 2370 952 2432 ad
997 2370 1272 2432 fabellam
1318 2373 1578 2451 scripsit.
2980 2394 3033 2434 aa

818 2463 887 2532 8.
942 2469 1196 2531 Maxim.
1234 2470 1294 2548 4,
1335 2470 1372 2530 1
1447 2468 1683 2531 Bibisse
1748 2476 1946 2531 autem
2016 2468 2182 2530 illum
2240 2469 2702 2549 [Maximinum]
2760 2489 2951 2552 saepe

638 2571 702 2629 in
759 2566 854 2629 die
909 2569 1038 2628 uini
1093 2567 1484 2647 Capitolinam
1540 2567 1825 2629 amforam
1880 2574 2136 2647 constat,
2193 2567 2523 2630 comedisse
2578 2576 2639 2630 et
2689 2568 2951 2649 quadra-

641 2667 804 2745 ginta
850 2664 1032 2726 libras
1079 2667 1294 2744 carnis,
1339 2672 1408 2727 ut
1456 2675 1653 2727 autem
1690 2664 1921 2727 Cordus
1969 2666 2129 2744 dicit,
2178 2668 2355 2728 etiam
2394 2668 2715 2746 sexaginta.
2782 2668 2953 2748 quod

641 2765 784 2826 satis
831 2771 1080 2842 constat,
1125 2762 1430 2825 holeribus
1477 2781 1717 2844 semper
1762 2763 2067 2844 abstinuit,
2112 2782 2145 2824 a
2192 2763 2424 2843 frigidis
2460 2783 2647 2845 prope
2682 2783 2954 2847 semper,

642 2863 759 2923 nisi
815 2879 952 2923 cum
1007 2861 1095 2922 illi
1149 2861 1390 2940 potandi
1446 2864 1791 2923 necessitas.
1867 2849 2116 2924 sudores
2170 2880 2347 2942 saepe
2403 2881 2542 2924 suos
2608 2864 2954 2944 excipiebat
2980 2887 3033 2928 ιε

643 2967 704 3022 et
747 2961 810 3021 in
859 2959 1074 3021 calices
1120 2959 1218 3020 uel
1264 2961 1328 3021 in
1373 2959 1687 3022 uasculum
1732 2959 2022 3039 mittebat,
2068 2963 2149 3022 ita
2193 2969 2261 3022 ut
2308 2960 2455 3022 duos
2500 2959 2597 3022 uel
2645 2971 2773 3024 tres
2813 2983 2953 3026 sex-

642 3059 823 3119 tarios
871 3060 964 3118 sui
1011 3056 1246 3119 sudoris
1293 3057 1640 3119 ostenderit.
2962 3105 2975 3121 .

821 3151 891 3218 9.
933 3156 1187 3217 Maxim.
1219 3157 1279 3236 6,
1305 3155 1350 3216 8
1395 3155 1538 3218 Erat
1565 3165 1875 3236 praeterea
1906 3155 2360 3237 [Maximinus],
2387 3165 2456 3219 ut
2482 3158 2667 3220 refert
2691 3158 2953 3240 Cordus,

643 3252 1050 3333 magnitudine
1107 3261 1292 3333 tanta,
1349 3263 1416 3316 ut
1469 3261 1603 3315 octo
1660 3253 1845 3334 pedes
1898 3254 2100 3334 digitis
2145 3272 2249 3316 sex
2298 3254 2597 3317 diceretur
2640 3275 2954 3338 egressuS,

643 3351 858 3432 pollice
905 3355 986 3413 ita
1031 3360 1199 3413 uasto
1250 3359 1318 3413 ut
1362 3354 1566 3415 uxoris
1624 3352 2037 3414 dextrocherio
2084 3361 2355 3415 uteretur
2398 3371 2507 3433 pro
2552 3353 2746 3416 anulo.
2826 3359 2955 3419 iam
2982 3377 3036 3419 ao

644 3449 742 3512 illa
796 3469 982 3531 prope
1038 3452 1098 3512 in
1153 3451 1320 3530 uulgi
1375 3468 1478 3512 ore
1525 3459 1667 3512 sunt
1720 3454 1937 3531 posita,
1993 3451 2151 3532 quod
2216 3469 2451 3513 amaxas
2506 3452 2783 3514 manibus
2848 3455 2952 3517 ad-

644 3548 926 3628 traheret,
967 3548 1202 3610 raedam
1241 3557 1511 3611 onustam
1551 3548 1715 3610 solus
1752 3557 2040 3629 moueret,
2078 3568 2249 3630 equo,
2278 3551 2332 3611 si
2357 3567 2621 3630 pugnum
2659 3550 2957 3635 dedisset,

647 3647 856 3709 dentes
902 3647 1187 3724 solueret,
1236 3651 1288 3709 si
1335 3648 1574 3728 calcem,
1613 3665 1789 3709 crura
1826 3648 2144 3727 frangeret,
2182 3647 2408 3727 lapides
2448 3649 2676 3709 toficios
2716 3649 2956 3732 friaret,

646 3745 890 3807 arbores
944 3747 1272 3808 teneriores
1333 3745 1657 3826 scinderet,
1716 3745 1815 3807 alii
1862 3745 2117 3826 denique
2165 3765 2300 3808 eum
2349 3745 2726 3809 Crotoniaten
2776 3747 2957 3811 Milo-

491 1161 600 1240 Q

495 1252 595 1300 991

645 3862 802 3923 nem,
848 3843 946 3905 alii
990 3843 1326 3924 Herculem,
1371 3845 1663 3907 Antaeum
1709 3844 1810 3906 alii
1854 3852 2155 3906 uocarent.
2982 3871 3036 3912 ω

827 4068 884 4127 8.
931 4069 1132 4127 omnia.
1167 4069 1225 4126 P
1518 4073 1617 4129 11.
1666 4068 2005 4130 Maximinis
2052 4072 2235 4130 omion’
2271 4062 2541 4152 (propter
2584 4066 2955 4154 succurrite)

647 4159 848 4232 aptius
1077 4159 1175 4218 15.
1223 4158 1428 4217 urbem
1464 4161 1635 4218 uncis
1670 4158 1886 4220 induat·

825 4241 896 4324 9,
945 4248 1046 4306 29.
1095 4246 1282 4324 digito
1329 4247 1634 4308 uideretur
1670 4249 1727 4306 P
1748 4267 1851 4309 em.
1888 4247 2139 4309 Oasaub.
2322 4249 2423 4309 33.
2470 4243 2713 4330 friaret]
2750 4255 2781 4311 t
2814 4269 2955 4327 sup.

646 4337 672 4396 i
707 4336 898 4396 adeor.
925 4329 1013 4395 1²²
1195 4339 1294 4396 35.
1343 4338 1626 4397 antheum
1666 4338 1721 4397 P
