3234 5034
653 334 954 399 mm
1149 313 1248 367 nn
1285 313 1749 369 scamonvu
1784 314 1975 369 vms
2008 314 2107 369 m·
2142 314 2461 369 SCRIPTIS

651 488 714 543 et
757 480 974 544 fabulis
1017 482 1378 543 intermixtis
1425 500 1526 543 eas
1571 490 1903 545 exornaret.
1976 500 2171 563 neque
2218 484 2377 543 enim
2422 482 2487 543 id
2532 480 2851 563 spectabat,
2886 488 2955 543 ut

651 580 942 643 lectorum
997 582 1310 643 scientiam
1363 584 1616 643 ueritate
1672 582 1961 661 patefacta
2016 580 2403 661 amplificaret
2466 588 2567 641 aut
2626 581 2955 659 corrigeret

651 678 760 740 sed
803 686 872 741 ut
916 680 1144 741 animos
1189 698 1398 741 eorum
1439 679 1705 741 alliceret
1750 688 1809 741 et
1856 679 2139 741 titillaret.

831 777 948 841 Sed
985 798 1064 840 ne
1101 778 1352 841 alterum
1390 779 1631 860 quidem
1666 781 1823 841 uitas
1870 778 2171 840 scribendi
2210 797 2399 858 genus
2434 777 2649 858 Nepoti
2684 778 2952 857 incogni-

651 885 778 939 tum
836 878 948 939 ruit
1002 879 1156 952 (Leo
1187 896 1258 955 p.
1297 878 1429 940 118
1445 881 1623 955 sqq.).
1706 896 1843 939 nam
1900 877 2167 939 doctrina
2222 886 2283 939 et
2334 879 2559 939 ueritas
2612 874 2953 937 Callimachi

652 974 1176 1056 Eratosthenisque
1234 996 1370 1037 cnm
1425 996 1458 1037 a
1513 995 1578 1037 se
1634 979 1953 1056 impetrare
2008 994 2129 1037 non
2183 983 2411 1056 posset,
2466 983 2535 1036 ut
2588 974 2660 1035 ad
2723 972 2953 1035 fabulas

651 1072 1040 1155 fictionesque
1077 1074 1398 1155 aberraret,
1435 1094 1572 1136 cum
1609 1094 1753 1136 cura
1790 1082 1965 1155 atque
2002 1074 2307 1153 diligentia
2342 1076 2407 1135 in
2442 1075 2599 1135 uitas
2634 1090 2953 1152 moresque

651 1173 1010 1251 scriptorum
1055 1174 1372 1253 inquisiuit
1407 1192 1625 1253 easque
1664 1174 1973 1252 speciatim
2016 1171 2331 1252 dispositas
2368 1174 2433 1232 in
2470 1190 2647 1233 usum
2680 1172 2951 1232 uirorum

649 1268 1046 1331 litteratorum
1105 1272 1234 1331 sine
1289 1278 1502 1332 ornatu
1561 1270 1797 1332 dicendi
1854 1269 2137 1332 condidit.
2208 1270 2374 1331 Inter
2416 1269 2563 1331 baec
2606 1270 2795 1347 igitur
2840 1270 2951 1329 uia

652 1386 871 1446 genera
915 1367 1114 1449 Nepos
1161 1369 1496 1449 ssuctuauit,
1541 1387 1663 1430 non
1708 1367 1885 1429 modo
1932 1370 2041 1447 ita,
2086 1376 2155 1429 ut
2195 1370 2261 1431 in
2308 1367 2421 1429 alia
2464 1370 2589 1429 uita
2644 1365 2803 1427 aliud
2858 1385 2951 1427 se·

651 1473 938 1547 queretur
990 1467 1098 1527 sed
1151 1486 1228 1529 ne
1281 1486 1394 1548 per
1445 1467 1712 1548 singulas
1775 1466 2013 1547 quidem
2078 1470 2235 1528 uitas
2298 1468 2491 1527 tenuit
2556 1473 2706 1527 totas
2762 1483 2951 1526 unum

653 1563 907 1644 aliquod.
991 1565 1149 1645 quod
1203 1568 1256 1627 si
1312 1565 1532 1627 dixerit
1593 1565 1841 1627 forsitan
1905 1567 2223 1646 quispiam,
2286 1584 2365 1626 ne
2428 1564 2713 1626 lectorem
2776 1565 2951 1625 satie-

651 1670 744 1723 tas
797 1672 1062 1743 caperet,
1119 1682 1256 1725 eum
1311 1664 1506 1727 tribus
1559 1667 1725 1726 uires
1780 1683 1919 1725 suas
1965 1670 2273 1743 expertum
2330 1681 2491 1741 esse,
2538 1680 2773 1723 errores
2821 1663 2951 1724 eius

651 1760 1060 1841 neglegentiae
1125 1770 1184 1823 et
1245 1764 1518 1825 inscitiae
1574 1783 1607 1824 a
1662 1762 2035 1843 Nipperdey-0
2100 1761 2311 1823 acerbe
2374 1762 2693 1839 castigatae
2756 1762 2951 1839 graui-

651 1878 788 1921 ores
843 1868 1012 1940 sunt,
1067 1879 1242 1941 quam
1295 1868 1365 1922 ut
1419 1861 1480 1922 id
1533 1861 1862 1923 credamus,
1942 1863 2127 1921 immo
2170 1862 2285 1921 tria
2332 1860 2431 1920 illa
2476 1878 2695 1937 genera
2738 1878 2951 1939 parum

653 1956 970 2037 diligenter
1025 1958 1368 2021 distinxisse
1421 1960 1681 2022 uidetur.
1754 1978 1893 2021 nam
1946 1958 2093 2021 illud
2147 1958 2385 2039 quidem
2444 1958 2598 2038 apud
2650 1957 2949 2019 rhetorem

655 2054 946 2117 didicerat
987 2056 1266 2119 Isocratis
1313 2059 1582 2139 exemplo
1628 2066 1963 2139 temporum
2010 2057 2281 2119 ordinem
2324 2059 2389 2117 in
2434 2054 2725 2117 laudando
2781 2057 2953 2135 sequi

653 2163 754 2216 aut
799 2154 1252 2236 Xenophontem
1305 2159 1572 2219 imitatus
1628 2159 1933 2218 materiam
1990 2155 2318 2218 secundum
2372 2157 2631 2217 uirtutes
2678 2154 2951 2234 digerere

653 2254 808 2326 (uid.
847 2256 936 2315 ad
967 2256 1234 2316 Her-eun.
1268 2257 1381 2316 ῙῙῙ
1406 2255 1466 2333 8,
1496 2257 1587 2335 5),
1634 2255 1743 2317 sed
1786 2262 1855 2316 ut
1898 2255 2005 2315 has
2050 2256 2329 2333 rationes,
2374 2272 2523 2333 quas
2566 2260 2729 2313 recte
2766 2251 2951 2323 Quin·

653 2350 892 2413 tilianus
939 2352 1210 2414 distinxit
1223 2348 1292 2438 ¹),
1349 2355 1414 2415 in
1457 2356 1584 2415 uita
1628 2355 1833 2433 Attici,
1888 2355 1951 2414 in
1998 2372 2115 2433 qua
2164 2370 2283 2413 non
2328 2350 2581 2413 babebat
2626 2368 2803 2431 quem
2851 2370 2951 2411 ex·

653 2448 961 2530 scriberet,
995 2452 1254 2529 miscuit,
1299 2469 1409 2531 per
1453 2471 1661 2531 genus,
1706 2450 2133 2529 educationem,
2178 2448 2639 2512 adulescentiam
2678 2448 2951 2509 Romam·

653 2566 768 2626 que
825 2548 1172 2629 aduentum,
1227 2558 1354 2611 tum
1408 2568 1518 2630 per
1573 2552 1758 2612 uitam
1815 2548 2113 2630 publicam
2164 2554 2301 2628 post
2358 2546 2638 2609 auunculi
2694 2554 2951 2607 mortem

653 2646 982 2708 secundum
1021 2654 1286 2727 tempora
1325 2648 1548 2709 adnexa
1585 2646 1957 2727 liberalitate,
1994 2647 2250 2725 denique
2286 2663 2397 2725 per
2430 2647 2615 2705 uitam
2658 2646 2951 2723 pn'uatam

653 2745 980 2807 secundum
1034 2748 1292 2807 uirtutes
1347 2764 1478 2807 eam
1533 2765 1845 2825 enarrans,
1900 2748 2007 2825 ita,
2070 2764 2207 2805 cum
2270 2745 2525 2805 oratoria
2576 2744 2951 2804 institutione

653 2842 919 2904 absoluta
983 2844 1112 2903 siue
1176 2843 1353 2903 Attici
1418 2844 1548 2904 siue
1603 2843 1883 2904 Varronis
1948 2844 2295 2904 auctoritate
2360 2840 2431 2902 ad
2492 2842 2950 2921 peripateticum

651 2940 802 3002 illud
855 2958 1044 3019 genus
1097 2942 1254 3002 uitas
1310 2939 1613 3002 scribendi
1659 2941 2237 3019 Alexandrinumque
2286 2939 2513 3001 delatus
2559 2946 2735 3019 esset,
2782 2942 2949 3001 noui-

655 3047 772 3099 tate
811 3041 898 3099 rei
936 3045 1247 3117 correptus
1285 3040 1462 3099 citius
1503 3038 1769 3101 scribere
1806 3041 2083 3119 instituit,
2118 3040 2467 3118 priusquam
2504 3046 2729 3099 certam
2766 3056 2951 3118 quan-

654 3136 788 3198 dam
835 3138 1124 3197 rationem
1181 3136 1296 3197 sibi
1343 3139 1847 3217 praescripsisset,
1892 3157 2009 3217 qua
2062 3155 2417 3217 quamquam
2468 3135 2949 3216 progredientem

652 3236 718 3295 in
771 3252 950 3314 opere
1007 3252 1074 3293 se
1129 3252 1332 3295 carere
1397 3238 1659 3296 sensisse
1715 3254 1851 3297 eum
1916 3244 2379 3297 consentaneum
2444 3242 2561 3311 est,
2620 3242 2817 3295 tamen
2874 3253 2951 3294 ne

655 3343 796 3395 tunc
843 3332 1102 3413 quidem,
1149 3331 1306 3411 quod
1351 3342 1512 3393 esset
1545 3332 1693 3395 illud
1732 3334 2071 3411 discrimen,
2118 3332 2417 3393 subtiliter
2450 3333 2773 3412 perspexit-
2838 3332 2953 3392 hoc

655 3433 814 3491 enim
869 3428 1183 3509 Pelopidae
1237 3432 1474 3492 initium
1530 3439 1623 3492 est
1669 3433 1803 3505 (16,
1842 3432 1911 3506 1)
1921 3452 1943 3491 .·
1998 3432 2325 3508 Pelopidas
2384 3431 2703 3491 Thebanus
2755 3434 2955 3507 maai-s·

651 3532 964 3591 historicis
1007 3546 1190 3605 quam
1235 3532 1420 3605 uulqo
1465 3539 1661 3591 notus.
1712 3535 1891 3591 cuius
1926 3532 2003 3591 de
2048 3531 2379 3591 uirtutibus
2416 3530 2625 3591 dubito
2662 3530 2951 3604 quemad—

653 3630 894 3689 modum
939 3644 1258 3703 exponam,
1303 3630 1470 3703 quod
1501 3646 1741 3699 uereor,
1775 3632 1833 3689 si
1868 3646 1969 3689 res
2004 3630 2322 3703 explicare
2356 3630 2669 3702 mamam,
2704 3644 2783 3686 ne
2826 3642 2948 3686 non

653 3730 846 3786 uitam
874 3729 1006 3785 eius
1032 3742 1339 3786 enarrare
1361 3728 1476 3787 sed
1496 3728 1819 3787 historiam
1848 3728 2071 3787 uidear
2096 3726 2409 3795 scribet-u
2450 3727 2508 3784 si
2538 3724 2953 3785 tantummodo

653 3841 918 3884 summas
961 3827 1252 3900 attiaem,
1301 3842 1380 3884 ne
1422 3826 1681 3885 rudibus
1734 3825 2115 3885 Graecarum
2158 3825 2505 3884 litterarum
2548 3826 2751 3882 minus
2795 3823 2953 3882 dilu-

838 4016 890 4083 1)
927 4012 1006 4067 111
1045 4017 1094 4081 7,
1116 4018 1182 4068 15
1227 4014 1396 4069 Alias
1429 4014 1629 4069 aetatis
1662 4013 1873 4085 yradus
1904 4020 2285 4084 gestarumque
2316 4030 2499 4067 rerum
2526 4012 2775 4067 ordinem
2798 4014 2957 4082 aequi

655 4095 950 4163 meeioeius
991 4056 1132 4162 [κί’ἐ,
1179 4100 1241 4148 ut
1284 4094 1348 4148 in
1385 4096 1588 4163 primis
1623 4095 1793 4149 annis
1828 4094 2155 4149 laudaretur
2190 4094 2417 4159 indoles,
2454 4100 2571 4149 tum
2605 4094 2954 4186 disciplinqe

649 4180 778 4243 post
809 4174 910 4228 hoe
943 4190 1182 4243 operum
1219 4174 1282 4229 id
1315 4180 1392 4229 est
1425 4176 1699 4241 factorum
1736 4174 2107 4243 dictorumque
2142 4180 2455 4239 contendam,-
2478 4174 2626 4228 αἰίαε
2658 4174 2721 4227 in
2752 4174 2957 4243 species

657 4255 930 4310 ιιίήιάιιιιι
965 4254 1216 4310 diuidere
1249 4254 1484 4319 laudem,
1519 4254 1885 4323 fortitudinis,
1926 4255 2105 4309 iusti-ft
2102 4271 2186 4319 ae,
2221 4254 2587 4309 continentiae
2628 4260 2953 4307 oeterorum-

657 4352 778 4403 que,
811 4352 880 4389 ac
913 4336 1150 4405 sitaquh‘c
1185 4337 1484 4405 decimu-e,
1529 4352 1671 4404 quae
1712 4334 2011 4389 secundum
2046 4351 2315 4404 quamque
2358 4350 2546 4389 eamn·
2588 4339 2739 4404 qesta
2774 4340 2959 4391 mne.
