3234 5034
583 320 725 367 xxx
1081 296 1176 351 DE
1217 296 1677 353 SCRIPTORVM
1716 297 1904 353 VITIS
1940 298 2036 351 ΕΤ
2074 296 2387 351 SCRIPTIS

579 467 876 528 aemulum
911 468 1130 527 dixisse
1159 467 1374 527 melius
1405 484 1580 547 quam
1611 468 1926 546 scripsisse
1957 464 2261 528 constabat
2292 467 2451 537 (Cic.
2474 483 2562 525 or.
2584 464 2888 543 38,132),

577 574 644 627 ut
673 566 936 645 placeret
965 564 1190 643 aliquid
1226 584 1295 625 eo
1325 564 1578 643 dicente,
1617 565 1774 645 quod
1811 565 2080 643 legentes
2120 583 2236 625 non
2274 566 2621 624 inuenirent
2650 564 2888 636 (Quint.

581 665 688 725 XI
715 666 775 740 3,
806 664 894 738 8).
967 662 1247 723 utebatur
1292 663 1452 723 idem
1499 663 1790 742 singulari
1836 666 2123 725 memoria
2162 665 2320 737 (Cic.
2360 664 2533 723 Brut.
2572 660 2679 737 88,
2705 662 2887 739 301),

581 781 695 842 qua
759 761 996 823 adiutus
1057 764 1348 823 maiorum
1413 780 1546 822 rum
1609 761 1861 823 aliorum
1918 770 2043 822 tum
2104 780 2349 822 suorum
2410 778 2509 821 res
2570 758 2889 837 diligenter

581 860 841 921 tenebat.
897 859 1067 919 uelut
1105 858 1312 919 Cicero
1353 859 1424 919 de
1463 856 1693 920 ‘decem
1734 860 1943 939 legatis
1980 857 2283 920 Mummio'
2324 858 2501 919 Attici
2550 858 2887 918 auctoritati

581 960 820 1037 opponit
872 976 958 1035 ea,
1007 976 1156 1037 quac
1217 957 1287 1017 de
1345 976 1464 1018 uno
1514 976 1586 1017 ex
1634 960 1747 1034 eiS,
1796 957 1857 1018 C.
1898 958 2248 1036 Sempronio
2294 955 2613 1033 Tuditano,
2662 973 2886 1035 proauo

581 1056 909 1133 Hortensii,
958 1074 1028 1115 ex
1078 1074 1146 1116 eo
1205 1051 1559 1115 ‘audisse'
1622 1054 1833 1116 scribit
1889 1058 2004 1128 (ad
2042 1058 2162 1117 Aet.
2200 1055 2381 1115 XIII
2418 1054 2523 1127 30,
2552 1054 2629 1125 2,·
2674 1054 2779 1129 32,
2810 1054 2888 1125 3;

582 1172 703 1215 non
753 1159 910 1215 enim
959 1160 1182 1215 temere
1221 1158 1384 1215 dixit
1419 1154 1783 1215 Hortensius
1820 1154 1924 1228 33,
1954 1154 2042 1227 3).
2119 1155 2318 1233 itaque
2367 1154 2544 1212 etiam
2593 1150 2697 1211 XII
2736 1148 2797 1229 5,
2828 1148 2887 1231 3,

583 1252 684 1312 ubi
741 1251 1030 1331 quaedam
1087 1247 1184 1311 ‘de
1233 1251 1387 1312 bono
1436 1260 1702 1331 auctore,
1749 1251 2094 1328 Hortensio,
2149 1270 2211 1311 se
2271 1246 2677 1329 accepisse’
2728 1249 2889 1327 dicit,

583 1350 656 1410 ad
707 1350 927 1410 dictum
977 1352 1104 1410 eius
1153 1348 1357 1410 rettuli
1404 1351 1673 1429 eiecique
1723 1369 1793 1410 ex
1840 1350 2207 1427 fragmentis
2224 1344 2273 1432 ¹)
2351 1356 2535 1409 restat
2580 1366 2765 1408 unum
2814 1366 2885 1407 ex

583 1448 828 1527 Velleio,
890 1450 992 1527 qui
1049 1447 1121 1507 ad
1177 1447 1420 1508 annales
1469 1450 1625 1527 eiuS,
1674 1466 1821 1527 quos
1869 1450 2091 1525 citauit,
2140 1465 2275 1507 cum
2325 1446 2395 1507 de
2444 1446 2670 1506 Minatii
2716 1445 2887 1523 Magi,

584 1549 741 1607 ataui
805 1548 923 1623 sui,
988 1548 1211 1606 uirtute
1279 1554 1620 1625 quaereret,
1678 1565 1809 1605 esse
1869 1545 2095 1605 delatus
2160 1544 2418 1605 uidetur.
2502 1546 2761 1622 pertinet
2815 1543 2889 1603 ad

583 1644 804 1704 bellum
852 1643 1188 1723 Marsicum,
1235 1662 1346 1703 nec
1392 1645 1607 1703 inscite
1656 1643 1719 1705 E.
1750 1643 2057 1705 Woelfflin
2098 1644 2331 1717 (Herm.
2361 1643 2448 1703 27
2484 1662 2550 1719 p.
2582 1642 2713 1701 652
2732 1646 2886 1717 sqq.)

584 1744 855 1803 meminit
910 1740 1228 1819 Plutarchi,
1285 1744 1388 1820 qui
1443 1744 1504 1800 in
1565 1743 1689 1801 uita
1748 1741 1977 1802 Luculli
2034 1762 2083 1801 c.
2128 1740 2159 1801 1
2214 1734 2422 1823 (quem
2470 1740 2665 1800 locum
2712 1740 2889 1799 etiam

585 1843 666 1900 in'
705 1840 935 1919 Fragm.
984 1859 1038 1919 p.
1087 1834 1217 1899 205
1285 1834 1576 1923 indicaui)
1643 1839 1800 1900 hunc
1868 1839 2307 1900 adulescentem
2374 1857 2508 1899 cum
2573 1838 2889 1898 Hortensio

585 1902 846 2019 oralore,
904 1938 1154 1997 Sisenna
1211 1955 1411 1998 rerum
1471 1939 1761 2017 scriptore
1818 1940 2112 1999 iocantem
2169 1956 2233 1997 se
2294 1936 2516 1997 bellum
2572 1936 2889 1996 Marsicum

587 2038 716 2097 siue
753 2054 936 2096 uersu
977 2036 1104 2095 siue
1143 2037 1407 2095 oratione
1445 2035 1541 2095 uel
1582 2034 1805 2095 Graece
1845 2036 1941 2095 uel
1981 2035 2186 2096 Latine
2233 2044 2691 2115 persecuturum
2739 2052 2889 2100 esse,

586 2140 762 2213 prout
800 2152 930 2193 sors
969 2134 1288 2211 euenisset,
1337 2141 1397 2193 et
1442 2133 1755 2211 gloriatum
1805 2152 1937 2194 esse
1976 2135 2244 2193 narrauit
2280 2140 2340 2193 et
2380 2134 2603 2193 Graeca
2640 2132 2885 2192 historia

586 2234 948 2311 exposuisse,
994 2230 1272 2309 idemque
1323 2234 1491 2310 quasi
1540 2240 1867 2292 certantem
1927 2250 2059 2291 cum
2120 2250 2191 2290 eo
2246 2230 2627 2291 Hortensium
2686 2229 2887 2289 Latina

586 2330 686 2391 ille
733 2332 830 2391 uir
878 2330 1084 2389 doctus
1124 2331 1394 2389 coniecit.
1470 2349 1606 2390 nam
1646 2349 1755 2409 per
1793 2349 1857 2389 se
1902 2332 2029 2408 ipsa
2066 2330 2311 2390 historia
2352 2329 2423 2388 ab
2462 2328 2764 2387 Hortensii
2801 2328 2889 2386 in-

590 2428 720 2489 dole
757 2427 998 2488 uidetur
1045 2426 1383 2487 abhorrere.

1449 2678 1523 2747 L.
1563 2676 2023 2750 LVCCEIVS

770 2854 870 2915 Eis
911 2854 1295 2941 temporibus,
1334 2856 1550 2933 quibus
1585 2854 1792 2914 Cicero
1832 2874 1903 2915 ex
1942 2854 2151 2915 exsilio
2189 2856 2372 2916 redux
2414 2854 2609 2915 locum
2650 2854 2763 2914 sibi
2807 2856 2891 2914 roi

590 2952 860 3033 publicae
917 2952 1420 3013 administrandae
1471 2962 1850 3031 praereptum
1882 2971 2031 3013 -esse
2080 2972 2215 3013 cum
2262 2973 2476 3031 magno
2524 2972 2632 3015 suo
2693 2954 2893 3013 dolore

589 3050 996 3129 intellegebat,
1061 3059 1125 3111 ut
1191 3059 1352 3112 certe
1420 3052 1766 3112 memoriam
1833 3070 1999 3111 suam
2060 3052 2520 3130 redintegraret,
2579 3071 2713 3111 cum
2782 3051 2891 3111 alia

591 3147 946 3210 moliebatur
987 3156 1108 3209 tum
1151 3148 1212 3209 L.
1243 3148 1561 3210 Lucceium
1601 3149 1883 3227 precibus
1921 3149 2079 3210 adiit.
2128 3152 2180 3208 is
2210 3150 2521 3214 Catilinam
2560 3158 2617 3209 et
2655 3148 2893 3228 publice

593 3266 641 3307 a.
682 3242 938 3327 64J‹590
987 3265 1152 3306 reum
1204 3250 1360 3306 inter
1407 3248 1655 3306 sicarios
1704 3248 1920 3307 fet-erat
1970 3255 2028 3307 et
2074 3250 2371 3307 orationes
2418 3250 2479 3307 in
2530 3266 2663 3307 eum
2704 3250 2893 3327 serip-

593 3354 766 3423 serat,
806 3353 871 3406 ut
911 3346 1036 3423 pari
1076 3351 1252 3423 atque
1293 3343 1499 3404 Cicero
1539 3344 1673 3403 odio
1712 3346 1773 3405 in
1814 3363 1949 3404 eum
1988 3344 2241 3423 arderet,
2281 3354 2339 3406 et
2380 3366 2426 3405 a.
2458 3340 2714 3425 59s1395
2756 3366 2894 3404 ron-

593 3442 848 3502 sulatum
907 3462 1042 3502 cum
1103 3441 1294 3502 Bibuli
1350 3442 1478 3501 loro
1535 3450 1790 3521 peteret,
1848 3442 2122 3521 repulsus
2172 3451 2298 3503 erat
2344 3446 2591 3515 (Asc-on.
2634 3446 2721 3503 ad
2774 3446 2894 3503 (Vr.

593 3546 656 3601 in
707 3550 849 3615 loqu
898 3544 1076 3601 caud.
1103 3560 1170 3617 p.
1210 3540 1292 3599 81
1323 3560 1406 3615 sq.
1465 3545 1583 3601 (lie.
1627 3544 1713 3601 ad
1756 3544 1877 3601 All.
1919 3542 1957 3600 I
1998 3542 2100 3615 17,
2135 3542 2264 3615 11),
2322 3550 2386 3601 ut
2442 3544 2585 3601 item
2644 3560 2677 3599 a
2724 3560 2790 3601 re
2841 3561 2894 3619 p.

595 3646 858 3699 remotus
915 3639 1129 3698 litteris
1185 3656 1250 3699 se
1307 3637 1550 3699 abderet
1599 3646 1657 3697 et
1713 3642 1772 3698 in
1829 3636 2038 3699 ‘italici
2086 3637 2228 3699 belli
2275 3646 2333 3699 et
2380 3637 2575 3699 ciuilis
2622 3636 2894 3699 historia’

595 3736 906 3797 scribenda
963 3743 1321 3796 uersaretur.
1397 3754 1590 3815 neque
1650 3744 1843 3797 tamen
1900 3738 2013 3797 hoc
2072 3756 2219 3816 opus
2272 3740 2532 3815 primum
2578 3755 2894 3815 aggressus

595 3841 701 3895 est.
786 3852 922 3893 nam
987 3836 1104 3894 iam
1170 3841 1338 3893 antea
1397 3832 1675 3913 ‘quodam
1732 3837 1793 3894 in
1850 3836 2153 3914 prooemio
2215 3832 2593 3895 suauissime'
2655 3834 2893 3895 demon-

593 3940 889 3992 strauerat
945 3950 1008 3991 se
1057 3952 1086 3991 a
1137 3930 1336 3992 Gratia
1393 3951 1511 3992 non
1567 3935 1756 4011 magis
1813 3932 1972 3993 sserti
2026 3936 2290 4011 potuisse
2347 3952 2523 4012 quam
2575 3932 2893 3993 Herculem

597 4029 1076 4109 Xenophontium
1127 4028 1291 4090 illum
1341 4050 1372 4090 a
1413 4030 1734 4110 Voluptate.
1830 4032 2170 4109 aptissimus
2228 4034 2409 4108 igitur
2464 4030 2755 4091 Lucceius
2804 4032 2894 4090 Ci-

779 4227 825 4280 1)
865 4220 923 4272 E.
966 4218 1338 4285 Kornemann,
1373 4222 1490 4275 Zur
1531 4222 1715 4277 Gesch.
1748 4222 1798 4275 d.
1834 4221 2219 4275 Gracchenzeit
2246 4238 2299 4289 p.
2333 4226 2399 4273 39
2436 4220 2577 4273 haec
2608 4220 2835 4289 aliaque
2864 4238 2895 4273 a

593 4299 860 4354 Cicerone
897 4315 966 4353 ex
1003 4300 1121 4351 eius
1161 4300 1460 4353 annalibus
1499 4306 1722 4370 sumpta.
1764 4318 1884 4355 esse
1921 4300 2131 4353 frustra
2168 4300 2373 4369 posuit..
