3234 5034
605 330 700 376 Lx
1107 308 1204 362 DE
1243 307 1705 362 SCRIPTOBVH
1744 306 1933 361 VITIS
1970 308 2065 360 ET
2102 307 2417 361 SUMPTIS

603 480 808 536 neseio
861 495 982 555 quo
1037 494 1176 535 reus
1222 474 1295 536 ab
1347 474 1558 536 eodem
1603 484 1667 535 et
1716 494 1751 535 a
1796 474 2085 534 Cicerone
2140 473 2423 534 defensus
2468 478 2629 547 (Cic.
2666 479 2745 537 de
2790 480 2909 551 leq.

606 576 680 634 ΙΙ
719 576 782 649 3,
818 576 890 647 6)
937 572 1092 633 bello
1149 573 1312 633 ciuili
1369 583 1576 634 exorto
1640 576 1813 633 enixe
1879 573 2121 651 Pompei
2188 590 2427 633 causam
2494 575 2673 640 inuit.
2736 584 2801 635 ut
2872 595 2907 635 a

602 671 978 731 Caesarianis
1035 670 1198 731 ‘tuba
1253 672 1396 731 belli
1473 668 1697 731 ciuilis’
1752 672 2153 750 appellaretur
2206 674 2325 733 (ad
2370 672 2521 747 sam.
2572 673 2661 732 r!
2704 674 2805 745 12,
2842 675 2909 732 3.

603 770 685 845 cs.
731 772 900 830 Caes.
938 773 992 831 h.
1023 776 1144 830 eiu.
1175 771 1288 830 III
1327 770 1486 841 105)
1524 778 1582 829 et
1628 789 1663 829 a
1707 772 1939 830 uictore
1974 770 2037 828 in
2076 769 2321 829 exilium
2358 772 2717 831 mitteretur.
2776 780 2907 831 tum

601 886 748 927 uero
777 867 1006 943 Cicero,
1034 886 1266 928 summa
1303 867 1701 927 familiaritate
1740 866 2301 945 necessitudineque
2340 886 2477 927 cum
2514 887 2585 927 eo
2622 870 2907 929 coniunc-

603 974 720 1041 tus,
773 976 840 1025 ut
895 968 976 1027 ait
1037 968 1166 1044 ipse
1229 967 1294 1025 111
1347 965 1600 1044 epistula
1662 965 1917 1043 quadam
1982 964 2473 1026 commendaticia
2521 968 2732 1029 (XIII
2772 968 2909 1043 70),

603 1081 846 1141 operam
891 1082 1062 1123 suam
1109 1066 1464 1142 interposuit
1511 1072 1572 1123 et
1617 1082 1729 1141 per
1772 1062 2047 1123 Caesaris
2096 1062 2419 1123 familiares
2474 1065 2689 1141 effecit,
2734 1074 2803 1125 nt
2848 1068 2909 1125 ei

601 1164 779 1221 uenia
817 1160 1062 1221 daretur
1089 1156 1170 1243 (a.
1189 1158 1278 1221 46
1317 1158 1464 1237 708,
1495 1162 1683 1221 Klebs
1719 1180 1817 1237 ap.
1841 1163 2075 1236 Pauly·
2096 1163 2147 1217 11
2156 1163 2387 1222 'issoaeca
2422 1163 2463 1222 Ι
2490 1182 2543 1223 c.
2576 1163 2746 1222 1978
2766 1157 2905 1245 sq.)

601 1258 664 1318 id
709 1260 868 1337 quod
915 1262 974 1319 ei
1021 1280 1112 1339 ep.
1141 1260 1212 1319 vl
1255 1258 1338 1319 12
1387 1259 1715 1335 denuntiat,
1762 1260 1825 1319 in
1871 1278 1987 1338 qua
2028 1268 2093 1319 ut
2132 1262 2431 1337 patienter
2463 1271 2524 1320 et
2562 1268 2910 1319 constanter

603 1360 800 1436 ipsum
847 1357 1102 1437 diploma
1149 1366 1488 1437 expectaret
1535 1357 1861 1418 admonens
1906 1377 2043 1417 cum
2090 1357 2165 1417 ad
2212 1358 2551 1437 perfugium
2598 1356 2907 1417 doctrinae

603 1474 670 1515 ac
727 1456 1088 1534 litterarum,
1141 1455 1360 1534 quibus
1417 1474 1657 1534 semper
1708 1459 1803 1515 usi
1860 1458 2007 1531 siut,
2062 1474 2199 1515 eum
2258 1464 2525 1531 reuocat,
2580 1464 2707 1515 tum
2758 1456 2909 1515 baec

603 1554 810 1613 scribit
859 1550 936 1633 [ᾗ
972 1556 1076 1627 5).·
1122 1556 1362 1615 Deinde
1407 1572 1542 1613 cum
1588 1556 1857 1614 studium
1904 1564 2071 1613 tamn
2128 1572 2453 1614 consumas
2504 1559 2567 1613 in
2628 1559 2909 1615 uirorum

595 1652 854 1728 sortium
893 1652 1088 1729 factis
1129 1656 1460 1712 memoriae
1489 1654 1865 1728 prodendis,
1910 1654 2313 1712 considerare
2360 1654 2541 1713 debes
2584 1654 2743 1712 nihil
2794 1655 2911 1713 tibi

603 1768 734 1810 esse
787 1752 1300 1823 committendam,
1347 1768 1528 1823 quarn
1583 1752 1659 1811 ob
1716 1768 1845 1809 rem
1900 1768 2135 1823 eorum,
2194 1768 2343 1825 quos
2386 1753 2635 1824 laudae,
2682 1760 2741 1810 te
2784 1768 2905 1811 non

601 1852 966 1909 simillimam
1007 1850 1326 1923 praebeas.
1391 1850 1661 1924 ignotum
1708 1856 1905 1907 tamen
1952 1857 2069 1923 est,
2125 1866 2381 1926 quornm
2436 1851 2705 1908 uirorum
2757 1849 2909 1908 facta

605 1954 730 2005 tum
779 1939 860 2027 (a.
897 1942 984 2005 46
1026 1930 1184 2027 ⁵508)
1235 1943 1582 2021 landauerit‚
1630 1964 1767 2004 nam
1813 1945 1971 2024 quod
2018 1945 2275 2023 Caesari,
2320 1953 2457 2025 post
2501 1956 2753 2007 mortem
2792 1948 2909 2006 sci-

602 2043 762 2121 licet,
811 2042 964 2103 libro
1019 2041 1220 2123 aliquo
1273 2044 1522 2120 gratiam
1581 2042 1837 2121 rettulit,
1893 2046 2083 2122 ipsam
2139 2046 2529 2104 constantiam
2578 2046 2639 2103 in
2688 2062 2758 2102 eo
2806 2043 2909 2103 de-

604 2141 890 2201 siderauit
927 2141 1038 2217 (fr.
1079 2142 1166 2215 1).

784 2239 866 2299 De
931 2238 1006 2299 M.
1056 2238 1350 2299 Artorio
1415 2238 1697 2299 Nasone
1760 2239 1909 2299 nihil
1976 2248 2215 2319 praeter
2266 2259 2455 2300 unum
2508 2240 2909 2317 fragmentum

607 2339 928 2397 memoriae
962 2336 1268 2415 proditum
1315 2345 1422 2398 est.
1470 2337 1781 2417 aequalem
1827 2357 1963 2397 eum
2002 2338 2275 2398 Caesaris
2322 2338 2509 2397 fuisse
2557 2335 2695 2397 inde
2744 2337 2909 2398 colli·

606 2436 792 2513 gitur,
847 2435 1006 2514 quod
1063 2436 1382 2496 Suetonius
1429 2438 1490 2495 in
1539 2438 1671 2496 eius
1720 2438 1845 2497 uita
1892 2438 2195 2495 Actorium
2242 2438 2400 2512 citat,
2446 2435 2909 2495 obtrectatorem

607 2552 678 2595 ex
727 2535 1044 2611 fragmenti
1088 2542 1456 2611 argumento.

1365 2768 1444 2825 M.
1493 2766 1791 2825 FABIVS
1836 2765 2149 2825 GALLVS

787 2906 981 2967 Etiam
1025 2909 1214 2985 magis
1263 2906 1494 2985 dubito,
1541 2927 1685 2968 num
1732 2908 1871 2968 huic
1918 2910 2077 2967 inter
2123 2925 2325 2969 rerum
2372 2910 2696 2986 scriptores
2742 2907 2911 2967 locus

611 3006 706 3066 sit.
745 3006 798 3064 is
827 3004 1176 3083 EpicureuS‚
1213 3008 1318 3083 qui
1355 3024 1406 3065 a.
1445 3002 1703 3085 51j703
1741 3025 1773 3065 a
1813 3006 1875 3065 C.
1904 3006 2107 3065 Cassio
2146 3005 2410 3085 Longino
2439 3006 2715 3066 Ciceroni
2752 3025 2911 3065 com-

609 3100 922 3162 mendatus
980 3112 1070 3162 est
1118 3096 1222 3183 (ad
1269 3104 1404 3163 fam.
1443 3102 1541 3162 XV
1593 3101 1695 3181 14,
1728 3098 1815 3185 1),
1870 3123 2103 3163 summo
2168 3123 2305 3164 cum
2368 3123 2569 3165 amore
2626 3114 2685 3164 et
2750 3104 2911 3164 hunc,

611 3210 670 3260 et
715 3200 974 3259 Atticum
1021 3198 1250 3261 colebat
1295 3209 1352 3260 et
1401 3200 1558 3279 apud
1603 3201 1773 3262 illum
1822 3211 2065 3281 propter
2110 3204 2415 3280 ingenium
2462 3200 2911 3281 doctrinamque

611 3298 764 3358 bene
811 3297 1088 3359 audiebat
1135 3292 1240 3379 (ad
1287 3300 1422 3359 fam.
1460 3299 1510 3359 11
1563 3296 1664 3378 14,
1699 3294 1785 3383 l).
1860 3299 1935 3359 ad
1972 3318 2109 3359 eum
2155 3302 2351 3378 ipsum
2398 3302 2638 3379 scripsit
2686 3302 2911 3378 epistu-

611 3396 698 3456 las
745 3395 818 3455 ad
867 3396 905 3454 f.
935 3395 1032 3455 Vll
1071 3393 1354 3473 23—27,
1401 3416 1655 3475 quarum
1702 3400 1989 3457 uicesima
2035 3406 2243 3476 quarta
2284 3392 2365 3479 (a.
2400 3392 2687 3480 451709)
2728 3396 2800 3457 ab
2844 3416 2915 3458 eo

614 3496 780 3574 petit⁷
825 3501 891 3553 ut
939 3493 1222 3554 Catonem
1271 3514 1444 3555 suum
1493 3494 1611 3555 sibi
1656 3498 1869 3573 mittat,
1916 3514 2091 3572 aegre
2130 3494 2349 3573 ferens,
2396 3494 2555 3574 quod
2592 3514 2728 3556 eum
2768 3514 2914 3555 non·

614 3592 754 3652 dum
803 3590 1034 3669 legerit,
1079 3595 1318 3671 utrique
1367 3596 1526 3653 enim
1575 3593 1687 3653 hoc
1732 3604 1907 3673 turpe
1954 3612 2105 3671 esse,
2150 3595 2437 3654 uicesima
2482 3596 2706 3672 quinta,
2754 3604 2916 3672 post-

614 3707 792 3768 quam
839 3688 1000 3767 legit⁷
1047 3700 1264 3767 monet,
1311 3702 1378 3751 ut
1423 3710 1458 3751 a
1495 3690 1748 3751 Caesare
1786 3701 2011 3768 canem,
2050 3710 2124 3750 ne
2160 3692 2224 3751 in
2262 3694 2561 3751 catonium
2598 3690 2919 3751 Catoninos

615 3789 807 3848 mittat
853 3790 1102 3849 ueritus.
1185 3792 1386 3868 itaque
1433 3808 1508 3849 119
1555 3789 1703 3850 illud
1762 3789 2005 3869 quidem
2062 3789 2429 3869 exploratum
2486 3798 2576 3849 est
2632 3790 2917 3850 Catonem

617 3884 940 3946 Fadianum
989 3886 1180 3947 lucem
1227 3886 1472 3947 uidisse.
