3234 5034
1033 299 1090 354 L.
1121 298 1689 356 AVRVNCVLEIVS
1726 299 1963 357 COTTA
2561 302 2651 366 45

1035 502 1114 575 Τ.
1171 502 1528 578 AMPIVS
1583 502 1954 577 BALBVS

534 675 601 744 l.
649 683 812 743 Suet.
858 683 1024 744 Caes.
1068 682 1152 743 77
1217 680 1340 743 Nec
1393 684 1643 743 minoris
1697 684 2059 763 inpotentiae
2113 701 2295 744 uoces
2349 683 2649 763 propalam

351 778 562 840 edebat
609 778 918 860 [Caesar]‚
971 787 1039 840 ut
1084 779 1255 840 Titus
1301 780 1546 859 Ampius
1602 779 1838 841 scribit:
1894 779 2040 842 nihil
2097 799 2230 841 esse
2287 799 2412 843 rem
2457 781 2649 862 publi·

352 896 496 957 cam,
544 877 994 957 appellationem
1039 878 1216 940 modo
1265 880 1394 939 sine
1441 896 1689 958 corpore
1727 898 1796 939 ac
1834 881 2049 958 specie.
2126 878 2347 941 Sullam
2385 881 2649 941 nescisse

351 975 596 1056 litteras,
644 978 748 1056 qui
795 976 1146 1038 dictaturam
1195 976 1551 1056 deposuerit.
1628 976 1845 1037 debere
1900 976 2169 1037 homines
2217 976 2650 1039 consideratius

290 1093 320 1132 ⁵
351 1076 468 1135 iam
516 1073 678 1154 loqui
727 1093 928 1137 secum
977 1094 1045 1137 ac
1088 1093 1198 1155 pro
1247 1074 1476 1154 legibus
1522 1074 1760 1155 habere,
1808 1094 1958 1155 quae
2008 1074 2179 1136 dicat.
2255 1094 2442 1156 eoque
2490 1094 2649 1137 arro·

350 1175 580 1251 gantiae
636 1191 992 1253 progressus
1046 1182 1164 1253 est,
1227 1182 1296 1235 ut
1348 1174 1664 1255 haruspice
1730 1174 1921 1235 tristia
1978 1181 2039 1235 et
2102 1174 2229 1234 sine
2284 1174 2463 1235 corde
2518 1182 2651 1235 exta

351 1270 646 1350 quondam
691 1273 1004 1333 nuntiante
1057 1271 1254 1333 futura
1311 1270 1538 1333 diceret
1590 1272 1860 1350 laetiora,
1916 1290 2052 1333 cum
2108 1271 2315 1351 uellet,
2374 1290 2487 1333 nec
2540 1290 2649 1353 pro

349 1376 580 1431 ostento
629 1368 982 1449 ducendum,
1029 1371 1082 1430 si
1124 1370 1342 1450 pecudi
1387 1389 1492 1431 cor
1537 1370 1839 1431 defuisset.

1035 1602 1132 1675 M.
1188 1600 1655 1675 AOTORIVS
1710 1598 1960 1673 NASO

2704 1754 2771 1803 66

534 1774 600 1843 1.
659 1782 820 1842 Suet.
868 1782 1034 1842 Gaea.
1076 1781 1118 1841 9
1177 1780 1339 1843 Idem
1387 1778 1565 1839 Curio
1623 1777 1727 1839 sed
1784 1788 1843 1840 et
1888 1779 1961 1841 Μ.
1988 1779 2265 1841 Actorius
2310 1778 2465 1842 Naso
2511 1800 2647 1843 auc·
2683 1824 2791 1893 ffi-

255 1896 318 1937 ιο
350 1886 510 1939 tores
557 1887 699 1940 sunt
745 1880 1118 1959 conspirasse
1165 1898 1300 1941 eum
1349 1876 1734 1955 [Caesarem]
1784 1880 1959 1938 etiam
2007 1896 2143 1939 cum
2191 1878 2389 1940 Gnaeo
2433 1879 2647 1941 Pisone

352 1975 754 2055 adulescente,
811 1978 907 2037 cui
963 1977 1038 2038 ob
1095 1978 1493 2057 suspicionem
1549 1973 1811 2036 urbanae
1869 1978 2293 2038 coniurationis
2339 1978 2647 2056 prouincia

346 2072 631 2154 Hispania
677 2073 834 2135 ultro
881 2083 1046 2136 extra
1092 2073 1360 2137 ordinem
1411 2074 1542 2135 data
1589 2074 1693 2154 sit,
1740 2082 2119 2155 pactumque,
2165 2081 2233 2135 ut
2280 2073 2457 2136 simul
2504 2075 2648 2136 foris

345 2170 475 2251 ille,
533 2174 666 2251 ipse
729 2172 948 2234 Romae
1005 2173 1076 2234 ad
1138 2192 1234 2235 res
1289 2192 1475 2233 nouas
1531 2181 1988 2252 consurgerent,
2044 2192 2153 2252 per
2204 2172 2533 2236 Ambranos
2589 2182 2649 2234 et

345 2270 826 2352 Transpadanos3
875 2270 1222 2333 destitutum
1266 2273 1579 2351 utriusque
1629 2269 1942 2331 consilium
1989 2279 2177 2332 morte
2223 2270 2475 2333 Pisonis.

251 2386 312 2427 ιτ
530 2364 598 2431 2.
657 2370 821 2431 Suet.
867 2370 1032 2431 Caes,
1071 2370 1156 2431 52
1219 2368 1436 2431 Dilexit
1493 2367 1785 2446 [Caesar]
1844 2376 1905 2429 et
1956 2371 2218 2449 reginas,
2280 2370 2441 2431 inter
2499 2389 2647 2450 quas

345 2466 594 2553 Eunoen
640 2466 902 2530 Mauram
950 2467 1208 2548 Bogudis
1262 2486 1533 2547 uxorem,
1582 2468 1682 2528 cui
1726 2468 2056 2545 maritoque
2104 2468 2233 2528 eius
2278 2466 2535 2547 plurima
2588 2476 2647 2529 et

341 2568 638 2627 immensa
683 2565 910 2647 tribuit,
955 2576 1024 2629 ut
1068 2565 1221 2629 Naso
1268 2568 1525 2647 scripsit,
1571 2564 1681 2627 sed
1725 2566 1980 2627 maxime
2028 2563 2411 2645 Cleopatram.

883 2870 960 2943 L.
1007 2868 1743 2944 AVRVNCVLEIVS
1800 2867 2108 2942 ΟΟΤΤΑ

530 3043 598 3112 l.
663 3052 878 3111 Athen.
923 3050 1013 3111 VI
1052 3050 1183 3110 105
1215 3069 1284 3127 p.
1321 3044 1476 3109 273⁶
1522 3042 1807 3121 Ἰούλιος
1854 3039 1929 3109 δὲ
1974 3046 2259 3127 Καῖσαρ,
2305 3043 2340 3109 ὁ
2386 3055 2645 3127 πρῶτος
2679 3022 2787 3101 5-5

341 3143 616 3209 πάντων
671 3142 1051 3229 ἀνθρώπων
1103 3140 1503 3229 περαιωθεὶς
1557 3141 1666 3208 ἐπὶ
1718 3143 1836 3219 τὰς
1890 3143 2334 3228 Βρεττανίδας
2396 3145 2644 3227 νήσους
2681 3111 2785 3231 ἱζθ]

253 3261 314 3302 ao
343 3241 508 3325 μετὰ
555 3245 790 3325 χιλίων
835 3251 1140 3325 σκαφῶν,
1195 3252 1372 3325 τρεῖς
1417 3239 1675 3317 οἰκέτας
1717 3242 1875 3317 τοὺς
1918 3240 2170 3317 παντας
2214 3241 2641 3325 συνεπήγετο,
2679 3254 2787 3333 st

345 3339 436 3415 ὡς
482 3340 738 3416 Κόττας
783 3338 1038 3424 ἱστορεῖ
1066 3338 1104 3405 ὁ
1140 3341 1288 3404 τότε
1332 3339 1857 3423 ὑποστρατηγῶν
1894 3338 2073 3427 αὐτῷ
2110 3337 2184 3404 ἐν
2218 3346 2311 3427 τῷ
2339 3337 2492 3424 περὶ
2529 3348 2643 3423 τῆς
2682 3342 2784 3392 700

527 3541 588 3613 1,
625 3548 674 3596 9.
717 3542 888 3598 σιω-ἑο
905 3548 1072 3612 pater
1095 3542 1160 3596 in
1194 3542 1538 3597 orationibus
1565 3542 1723 3596 modo
1758 3542 1974 3596 citatus.
2026 3542 2211 3595 Antea
2242 3558 2417 3597 sermo
2454 3544 2643 3609 fuerat

341 3614 410 3668 cle
435 3615 818 3669 coniuratione
843 3630 966 3668 cum
905 3560 1070 3668 ΡαΜ
1087 3612 1280 3668 Ora-sao
1301 3614 1367 3667 P.
1381 3612 1538 3667 Sulla
1559 3614 1628 3667 L.
1642 3614 1920 3667 Autronio
1947 3613 2107 3666 inita.
2150 3612 2231 3680 Cf.
2262 3613 2639 3669 Tam.Gen1.

337 3686 416 3751 fr.
449 3689 498 3739 1.
565 3686 656 3740 De
689 3686 894 3739 Piaone
927 3685 998 3739 ab
1033 3684 1305 3755 equitibus
1341 3684 1620 3753 Hispanis
1656 3686 1935 3752 interfecto
1979 3684 2097 3739 uid.
2135 3684 2361 3739 Sallust.
2404 3686 2520 3740 Cat.
2553 3690 2639 3741 19.

339 3759 614 3826 Asamp
613 3760 732 3811 ,83
761 3756 836 3811 Κ.
879 3756 1026 3811 Casa.
1055 3758 1227 3811 Dion.
1259 3756 1541 3811 XXXVI
1570 3760 1735 3825 4489.

527 3827 586 3898 1,
617 3832 700 3882 18.
729 3828 1006 3897 Loquitur
1033 3828 1298 3883 Lao-eneis
1325 3828 1632 3895 Romnae,
1664 3828 1749 3883 M.
1786 3829 2033 3883 Terentio
2072 3828 2317 3885 Varrone
2354 3827 2639 3885 oriundus.

527 4015 590 4102 1,
639 4025 694 4083 2.
741 4023 996 4102 Ampius
1045 4023 1226 4084 Vatic.
1271 4022 1556 4101 Amprius
1594 4024 1833 4083 Mamm.
2017 4026 2073 4084 3.
2118 4025 2375 4101 speciem
2408 4022 2639 4084 Salma-

335 4114 472 4173 aius
517 4130 586 4171 ae
619 4114 747 4172 sine
775 4132 1018 4191 corpore
1055 4114 1312 4190 speeiem
1352 4112 1652 4174 Graevius

527 4194 588 4281 l,
640 4205 738 4263 13.
785 4202 1120 4262 Ambronas
1160 4202 1512 4276 Oudendorp
1557 4202 1862 4262 Aruernos
1899 4203 2229 4262 Mommsen

525 4284 588 4362 ⁸2.
639 4294 739 4352 17.
786 4293 948 4352 Naso
985 4293 1387 4353 Mancinellus
1431 4310 1580 4351 uasa.
1617 4292 1757 4351 libm·
