3234 5034
675 342 760 406 74
1561 342 1623 397 C-
1660 342 1811 397 rvu
1846 342 2109 397 manu

673 509 1004 571 lauialum
1057 511 1444 571 uocitaremr.
1529 518 1669 589 post
1718 508 1797 570 ad
1848 510 2057 571 lanum
2110 510 2305 573 solum
2360 530 2611 591 reguum
2676 512 2981 573 redactum

673 606 2983 690 eegqmcmdimrgemimhdaupraemlissqutquaeantequae-

673 724 792 787 que
837 714 974 786 post
1019 714 1254 785 tergum
1301 714 1531 785 essent,
1585 707 1942 767 intua-eurr.
2014 706 2175 786 quod
2228 707 2437 787 procul
2492 708 2675 769 dubio
2720 708 2797 769 ad
2840 726 2983 788 pru·

675 802 936 865 dentiam
1001 805 1164 883 regis
1225 802 1673 883 sollertiamque
1736 802 2123 865 referendum
2186 814 2307 885 est,
2368 809 2477 885 qui
2538 816 2599 867 et
2660 808 2987 886 praeterita

673 911 880 963 nosset
923 910 988 963 et
1029 902 1232 963 tutus-a
1275 903 1669 981 prospiceret,
1716 903 1877 962 sicut
1918 904 2245 963 Auteuorta
2290 911 2353 963 et
2388 903 2719 982 Postuorta,
2766 904 2983 965 diuini-
3036 921 3060 961 ι

675 1002 814 1061 tatis
877 998 1110 1061 scilicet
1171 1000 1516 1078 aptissimae
1579 1000 1859 1077 comites,
1922 1000 2081 1079 apud
2148 999 2445 1063 Romanos
2506 1002 2804 1063 coluntur.
2884 1002 2985 1063 hie

671 1100 860 1177 igitur
903 1098 1100 1176 lanus,
1145 1115 1286 1159 cum
1329 1096 1657 1158 Saturnum
1702 1096 1897 1159 classe
1942 1108 2295 1177 peruentum
2339 1102 2677 1180 excepisset
2726 1100 2987 1180 hospitio

673 1204 736 1257 et
779 1194 854 1256 ab
899 1214 972 1257 eo
1017 1195 1266 1258 edoctus
1301 1196 1580 1275 peritiam
1619 1198 1783 1256 ruris
1818 1196 2013 1257 serum
2052 1196 2221 1257 illum
2258 1206 2321 1258 et
2356 1197 2567 1260 rudem
2604 1206 2741 1259 ante
2782 1198 2987 1277 trugas

673 1295 940 1374 cognitas
985 1296 1214 1355 uictum
1259 1295 1324 1353 iu
1369 1292 1586 1355 melius
1634 1294 1992 1373 redegisset,
2038 1298 2209 1374 regui
2254 1313 2395 1356 eum
2440 1298 2725 1357 societate
2777 1314 2987 1357 mune·

671 1394 848 1454 rauit.
921 1410 1060 1453 cum
1109 1394 1342 1472 primus
1391 1410 1631 1471 quoque
1678 1410 1817 1453 aera
1862 1394 2147 1472 signaret,
2192 1396 2462 1455 seruauit
2504 1402 2567 1455 et
2610 1396 2675 1454 in
2720 1394 2836 1455 hoc
2880 1394 2986 1455 Sa·
3014 1412 3063 1451 ιο

671 1492 836 1553 turni
883 1491 1304 1567 reuerentiam,
1349 1496 1436 1569 ut,
1479 1490 1763 1569 quoniam
1808 1489 1911 1551 ille
1956 1492 2099 1552 naui
2144 1492 2341 1553 suerat
2382 1490 2689 1571 aduectus,
2742 1510 2817 1553 ex
2866 1510 2987 1553 una

671 1588 914 1669 quidem
969 1596 1138 1669 parte
1193 1589 1290 1649 sui
1343 1589 1558 1667 capitis
1611 1588 1874 1667 effigies,
1918 1607 1993 1650 ex
2040 1588 2227 1650 altera
2270 1608 2419 1650 uero
2464 1592 2637 1651 nauis
2684 1592 2985 1671 exprime-

671 1694 866 1767 retur,
930 1704 1048 1766 quo
1111 1685 1357 1748 Saturni
1421 1688 1772 1747 memoriam
1836 1688 1899 1747 in
1964 1696 2237 1766 posteros
2300 1696 2673 1768 propagaret.
2710 1722 2783 1731 —
2833 1688 2987 1749 Cum

669 1786 832 1847 inter
883 1784 1032 1847 haec
1085 1783 1284 1845 subito
1339 1784 1636 1845 Saturnus
1690 1802 1811 1845 non
1866 1788 2329 1865 comparuisset,
2382 1788 2741 1865 excogitauit
2806 1786 2989 1847 Ianus

671 1882 966 1943 honorum
1011 1884 1144 1943 eius
1189 1890 1526 1961 augmenta.
1599 1901 1671 1943 ac
1716 1884 1979 1961 primum
2026 1891 2247 1944 terram
2294 1902 2533 1945 omnem
2572 1882 2796 1945 dicioni
2840 1902 2987 1946 suae
3014 1899 3060 1941 ιι

669 1988 980 2060 parentem
1019 1980 1360 2042 Saturniam
1397 1981 1749 2059 nominauit,
1786 1998 1951 2042 aram
1997 1980 2213 2043 deinde
2260 2000 2399 2042 cum
2446 1983 2635 2043 sacris
2682 1990 2985 2061 tamquam

674 2078 784 2141 deo
832 2077 1116 2157 condidit,
1163 2096 1318 2158 quae
1364 2077 1701 2139 Saturnalia
1748 2080 2095 2140 nominauit.

851 2171 966 2237 7*.
1015 2178 1191 2239 Seru.
1230 2185 1452 2237 auctus
1496 2182 1560 2238 in
1611 2178 1761 2238 Aen.
1806 2177 1968 2238 VIII
1996 2178 2131 2237 600
2181 2176 2257 2238 Hi
2294 2176 2595 2256 [Pela-sai]
2642 2178 2826 2257 primi
2873 2178 2985 2238 Ita·

671 2274 810 2335 liam
877 2275 1144 2336 tenuisse
1206 2273 1619 2353 perhibentur.
1664 2308 1749 2317 —
1796 2273 2064 2353 Hyginus
2129 2274 2277 2336 dicit
2338 2274 2615 2355 Pelasgos
2680 2294 2815 2337 esse
2884 2278 2988 2355 qui

673 2370 970 2452 Tyrrheni
1017 2381 1183 2433 sunt:
1228 2370 1343 2433 hoc
1389 2373 1566 2433 etiam
1613 2371 1797 2432 Varro
1844 2380 2285 2434 commemorat.
3010 2390 3061 2431 ιο

851 2464 919 2533 8.
969 2470 1247 2532 Macrob.
1273 2478 1388 2531 sat.
1431 2470 1487 2529 V
1508 2469 1608 2545 18,
1631 2470 1719 2529 15
1764 2468 1829 2530 ln
1868 2488 1985 2550 qua
2021 2470 2263 2551 quidem
2303 2489 2369 2533 re
2406 2473 2615 2532 mirari
2649 2480 2743 2533 est
2770 2480 2985 2551 poetae

669 2568 850 2629 huius
889 2566 1210 2647 [Veryilii]
1257 2566 1723 2628 occultissimam
1772 2565 2159 2648 diligentiam,
2205 2570 2309 2649 qui
2360 2587 2497 2630 cum
2544 2568 2791 2649 legisset
2834 2568 2985 2631 Her-

671 2668 858 2747 nicos,
903 2684 1159 2745 quorum
1207 2674 1299 2726 est
1343 2664 1625 2743 Anagnia,
1672 2683 1705 2725 a
1750 2664 2014 2744 Pelasgis
2061 2666 2345 2729 oriundos
2400 2666 2847 2747 appellatosque
2906 2668 2985 2728 ita

671 2782 704 2825 a
751 2763 1005 2844 quodam
1053 2763 1300 2843 Pelasgo
1358 2762 1508 2824 duce
1565 2782 1701 2841 suo,
1757 2764 1860 2842 qui
1906 2762 2199 2826 Hernicus
2256 2763 2699 2844 nominabatur,
2750 2784 2983 2826 morem

671 2880 849 2942 quem
896 2860 969 2923 de
1016 2861 1243 2923 Aetolia
1287 2858 1530 2940 legerat,
1578 2859 1854 2922 Hernicis
1900 2860 2262 2943 adsignauit,
2318 2864 2423 2943 qui
2470 2870 2611 2925 sunt
2653 2872 2836 2925 uetus
2884 2881 2980 2925 co·
3006 2879 3053 2920 ει

670 2957 828 3021 Ionia
863 2960 1264 3039 Pelasgorum.
1331 2967 1393 3020 et
1426 2957 1752 3021 Hernicum
1791 2958 2035 3039 quidem
2070 2960 2373 3022 hominem
2410 2960 2725 3041 Pelasgum
2766 2961 2983 3023 ducem

670 3056 946 3119 Hernicis
992 3057 1177 3119 fuisse
1221 3056 1409 3119 lulius
1447 3055 1715 3136 Hyginus
1760 3058 1823 3117 iu
1872 3056 2025 3118 libro
2070 3057 2335 3120 secundo
2380 3058 2621 3121 urbium
2668 3078 2790 3120 non
2840 3078 2982 3140 pau·

673 3158 761 3217 cis
807 3155 1013 3217 uerbis
1059 3154 1285 3235 probat.

849 3250 920 3315 9.
979 3254 1154 3316 Seru.
1193 3260 1416 3316 auctus
1460 3258 1522 3314 in
1564 3255 1715 3315 Aen.
1760 3253 1922 3314 VIII
1954 3253 2086 3314 638
2150 3254 2266 3315 Aut
2320 3250 2597 3316 ‘seueris'
2662 3253 2980 3335 disciplina

673 3361 775 3414 aut
828 3370 955 3413 rem
1011 3352 1124 3413 hoc
1177 3350 1364 3413 uerbo
1422 3349 1788 3411 reconditam
1846 3349 1996 3412 dixit
2042 3350 2440 3432 [VerqiliusL
2497 3354 2635 3433 quia
2692 3352 2900 3414 Sabini
2950 3372 2981 3413 a
3006 3368 3054 3409 ιο

675 3486 717 3491 -.-
764 3484 1156 3493 ————

854 3558 910 3614 7.
952 3560 1034 3628 Of.
1066 3560 1239 3614 Dion.
1271 3560 1310 3613 1
1332 3562 1408 3613 25
1464 3558 1769 3613 ἐκαλοῦντο
1806 3556 1870 3612 δὲ
1906 3558 2018 3613 ὑπὸ
2054 3566 2165 3612 τῶν
2202 3557 2385 3615 ἄλλων
2420 3558 2748 3627 ἀνθρώπων
2786 3566 2891 3628 τῆς
2922 3576 2981 3612 τε

667 3632 854 3703 χώρας
898 3629 1180 3699 ἐπικλήσει
1225 3624 1334 3697 ἀφ’
1377 3624 1444 3696 ἧς
1477 3627 1644 3696 ἕεανέ
1745 3646 1852 3686 σαν
1900 3629 1997 3684 καὶ
2040 3638 2141 3684 τοῦ
2178 3632 2424 3685 παλαιοῦ
2461 3627 2661 3701 γένους
2696 3630 2891 3703 μνήμῃ
2928 3628 2981 3683 οἱ

672 3702 835 3757 αὐτοὶ
879 3701 1159 3771 Ίῖυρρηνοὶ
1204 3700 1302 3756 καὶ
1348 3697 1645 3771 Πελασγοί.
1758 3721 1792 3756 ν
1840 3698 1948 3771 ἐγὼ
1994 3700 2163 3771 λόγον
2210 3698 2561 3772 ἐποιησάμην
2594 3709 2695 3756 τοῦ
2734 3702 2815 3770 μή
2852 3720 2979 3755 τινα

671 3777 871 3843 θαῦμα
907 3776 1216 3839 ποιεῖσθαι,
1256 3770 1488 3827 ἐπειδὰν
1515 3782 1767 3843 ποιητῶν
1802 3768 1837 3841 ἢ
1876 3770 2246 3842 συγγραφέων
2280 3772 2461 3861 ἀκούῃ
2498 3772 2631 3836 τοὺς
2658 3773 2983 3843 Πελασγοὺς

673 3844 769 3899 καὶ
823 3845 1146 3914 Τυρρηνοὺς
1199 3841 1617 3913 ὀνομαζόντων,
1662 3852 1782 3907 πῶς
1834 3842 2159 3912 ἀμφοτέρας
2196 3843 2361 3912 ἔσχον
2394 3862 2495 3906 τας
2549 3841 2874 3912 ἐπωνυμίας
2928 3842 2981 3898 οἱ

673 3912 836 3970 αὐτοί
871 3918 983 3971 κτλ.
1039 3932 1083 3971 c.
1111 3920 1188 3971 28
1214 3912 1541 3979 Ἑλλάνικος
1577 3913 1607 3969 ὁ
1646 3913 1879 3987 Λέσβιος
1914 3915 2047 3978 τοὺς
2096 3919 2247 3983 Τυρρ
2286 3915 2421 3978 νοός
2464 3931 2603 3983 φησι
2653 3915 2981 3985 Πελασγοὺς

671 3986 944 4055 πρότερον
981 3983 1375 4057 καλουμένους,
1413 3984 1610 4055 ἐπειδὴ
1648 3985 1981 4057 κατῴκησαν
2016 3986 2080 4042 ὲν
2112 3934 2339 4060 'huffen
2374 3989 2603 4054 παραλα
2642 3994 2727 4041 εῖν
2764 3984 2841 4055 ἣν
2876 3993 2979 4041 νῦν

675 4058 860 4130 ἔχουσι
905 4054 1290 4128 προσηγορίαν
1326 4060 1437 4112 κτλ.
1461 4058 1728 4125 (Mueller
1754 4056 1931 4113 ΓΗΘ
1957 4059 2001 4111 Ι
2020 4060 2133 4125 45).
2174 4058 2471 4128 Βώωῳῖον
2488 4058 2564 4112 H.
2647 4099 2658 4110 .
2680 4058 2723 4111 I
2746 4062 2975 4127 1568qq,

853 4130 914 4185 9.
965 4130 1086 4185 Via.
1120 4128 1238 4185 Cat.
1266 4130 1341 4198 fr.
1372 4132 1458 4183 50.
1490 4132 1558 4185 51
1596 4146 1641 4183 c.
1672 4128 1802 4183 adn.
1832 4134 1883 4183 et
1923 4128 2060 4185 Gall.
2088 4129 2161 4196 fr.
2193 4126 2278 4185 10.

857 4327 925 4412 7,
979 4336 1078 4395 19.
1122 4334 1339 4412 yginus
1377 4332 1539 4393 Fam.
1724 4326 1794 4412 8,
1846 4334 1945 4392 2⁷.
1992 4316 2214 4411 yginus
2250 4332 2444 4392 Pares.
