3234 5034
475 784 578 832 723

439 1565 505 1617 fr.
540 1569 587 1618 1.

617 317 703 381 38
1434 316 1749 372 CORNELI
1783 315 2095 372 NEPOTIS

618 502 793 564 saepe
852 486 915 544 in
976 484 1291 546 scribendo
1349 485 1539 565 magis
1603 485 1720 546 sibi
1785 485 2166 546 successisse.
2243 481 2456 543 deinde
2520 488 2784 561 rogatum
2843 487 2908 540 ut

618 585 839 662 scripta
892 582 992 644 illa
1045 583 1365 663 proferret,
1419 585 1836 663 pronuntiasse
1892 601 2132 662 uersuS,
2189 583 2292 661 qui
2347 588 2487 642 sunt
2540 582 2604 641 in
2651 578 2906 639 Heauton

621 683 1040 742 timorumeno:

799 775 979 840 ‘Satis
1025 779 1124 860 pol
1166 789 1449 860 protei-ue
1493 799 1591 842 me
1638 781 1772 860 Syri
1819 780 2111 859 promissa
2156 779 2272 840 huc
2317 773 2723 839 induxerunt'.

802 872 919 940 13.
974 879 1151 940 Corn.
1180 880 1327 957 Nep.
1358 879 1537 941 Dion.
1566 879 1628 954 3,
1657 879 1699 939 2
1747 877 2087 957 Eodemque
2125 884 2393 956 tempore
2431 875 2577 954 [quo
2607 876 2916 936 Platonem
2941 886 2964 926 ⁸

621 975 980 1054 Dionysius]
1020 975 1335 1039 Philistum
1370 977 1724 1038 historicum
1763 976 2085 1055 Syracusas
2132 974 2386 1053 reduxit,
2430 973 2731 1035 hominem
2779 972 2918 1032 ami-

622 1093 759 1134 cum
812 1092 931 1134 non
988 1077 1178 1153 magis
1226 1082 1475 1154 tyranno
1520 1093 1698 1156 quam
1746 1072 2062 1154 tyrannidi,
2114 1072 2218 1134 sed
2267 1071 2340 1134 de
2385 1072 2500 1133 hoc
2543 1074 2604 1132 in
2653 1089 2725 1132 eo
2771 1069 2920 1130 libro

620 1171 791 1252 plura
838 1179 978 1233 sunt
1023 1174 1305 1253 exposita,
1352 1174 1455 1252 qui
1502 1172 1574 1234 de
1619 1173 1925 1234 historicis
1972 1171 2214 1233 Graecis
2261 1171 2635 1250 conscriptus
2680 1177 2792 1231 est.

804 1264 918 1334 14.
990 1273 1135 1334 Gell.
1173 1273 1283 1332 XI
1318 1272 1360 1332 8
1425 1272 1585 1333 Iuste
1649 1279 2024 1350 uenusteque
2087 1269 2401 1331 admodum
2468 1266 2925 1348 reprehendisse

624 1369 845 1430 dicitur
899 1368 1115 1430 Aulum
1176 1368 1452 1431 Albinum
1514 1369 1586 1431 Μ.
1635 1369 1794 1430 Cato.
1867 1369 2140 1447 Albinus,
2205 1370 2309 1447 qui
2371 1387 2507 1428 cum
2568 1366 2630 1428 L.
2681 1364 2924 1428 Lucullo
2951 1381 2999 1421 ιο

624 1467 831 1528 consul
891 1467 1029 1547 ruit,
1094 1485 1193 1529 res
1250 1467 1544 1529 Romanas
1604 1470 1870 1529 oratioue
1932 1467 2154 1528 Graeca
2215 1467 2590 1545 scriptitauit.
2671 1465 2736 1524 in
2798 1466 2925 1524 eius

628 1565 907 1626 historiae
967 1567 1261 1646 principio
1322 1565 1611 1627 scribtum
1679 1574 1770 1627 est
1835 1565 1906 1626 ad
1970 1564 2124 1626 hanc
2183 1565 2562 1625 sententiam:
2627 1565 2924 1624 neminem

624 1681 979 1724 suscensere
1025 1662 1141 1724 sibi
1188 1666 1529 1745 conuenire,
1588 1666 1643 1724 si
1688 1663 1831 1744 quid
1878 1665 1942 1724 in
1988 1662 2083 1724 his
2130 1661 2300 1723 libris
2345 1680 2554 1742 parum
2602 1661 2926 1740 composite

626 1768 726 1822 aut
762 1763 960 1822 minus
998 1760 1299 1840 eleganter
1334 1770 1458 1823 tum
1499 1764 1788 1842 scriptum
1829 1761 1994 1822 soret.
2062 1758 2234 1821 ‘Nam
2273 1756 2447 1839 sum’,
2485 1761 2698 1839 inquit,
2729 1755 2926 1819 ‘homo

624 1859 943 1936 RomanuS‚
988 1868 1163 1921 natus
1206 1862 1271 1920 in
1317 1860 1499 1921 Latio.
1576 1859 1800 1922 Graeca
1846 1860 2034 1920 oratio
2083 1879 2112 1920 a
2161 1858 2333 1919 nobis
2381 1858 2746 1919 alienissima
2791 1865 2882 1918 est
2894 1851 2926 1934 ⁹,
2955 1869 3000 1912 15

626 1957 886 2041 ideoque¹
933 1959 1169 2018 ueniam
1226 1951 1591 2038 gratiamque
1647 1958 1835 2019 malae
1895 1959 2351 2018 existimationis
2360 2003 2378 2036 ,
2445 1958 2498 2017 si
2561 1954 2706 2036 quid
2771 1961 2928 2016 esset

626 2064 919 2135 erratum,
983 2055 1321 2135 postulauit.
1413 2056 1496 2118 Ea
1552 2075 1688 2117 cum
1745 2056 1990 2134 legisset
2041 2055 2115 2115 M.
2165 2053 2351 2116 Catoz·
2390 2049 2502 2114 ‘Ne
2557 2050 2664 2133 tu',
2717 2055 2927 2133 inquit,

629 2151 817 2234 ‘Aule,
864 2155 1114 2216 nimium
1170 2163 1423 2234 nugator
1476 2173 1541 2214 es
1550 2201 1567 2234 ,
1616 2174 1753 2215 cum
1798 2153 2061 2216 maluisti
2108 2152 2342 2234 culpam
2401 2151 2706 2232 deprecari
2753 2169 2926 2231 quam

630 2251 802 2331 culpa
846 2270 1075 2314 uacare.
1149 2270 1286 2314 nam
1332 2261 1537 2332 petere
1581 2253 1818 2313 ueniam
1875 2251 2152 2329 solemuS,
2207 2258 2308 2312 aut
2361 2269 2497 2312 cum
2544 2249 2930 2331 inprudentes

630 2351 964 2411 errauimus
1002 2359 1105 2411 aut
1140 2369 1277 2412 cum
1314 2351 1605 2431 compulsi
1641 2352 2040 2431 peccauimus.
2086 2348 2240 2428 Tibi,
2276 2351 2490 2429 inquit,
2527 2366 2631 2410 oro
2675 2355 2752 2426 te,
2797 2349 2929 2427 quis
2955 2361 3004 2401 ιο

628 2447 907 2529 perpulit,
962 2457 1030 2509 ut
1082 2447 1144 2509 id
1200 2452 1624 2529 committereS‚
1671 2447 1828 2528 quod
1873 2449 2220 2528 priusquam
2269 2447 2514 2524 facereS,
2567 2454 2822 2526 petereS,
2867 2452 2932 2505 ut

629 2542 1081 2626 ignosceretur’.
1157 2546 1457 2627 Scriptum
1504 2547 1616 2608 hoc
1665 2555 1758 2607 est
1810 2548 1873 2607 in
1929 2545 2080 2606 libro
2127 2543 2363 2606 Corneli
2411 2543 2658 2624 Nepotis
2715 2543 2788 2604 de
2841 2544 2930 2602 in·

634 2644 921 2707 lustrihus
965 2646 1118 2705 uiris
1162 2659 1309 2706 xm.

815 2736 931 2805 15.
990 2743 1169 2805 Libri
1212 2761 1345 2804 mss
1393 2745 1570 2805 Corn.
1610 2746 1754 2822 Nep.
1803 2748 1867 2804 in
1918 2746 2046 2816 fine
2107 2741 2296 2802 Verba
2353 2759 2424 2802 ex
2481 2739 2736 2821 epistula
2793 2741 2928 2799 Cor-

634 2841 825 2901 neliae
872 2839 1271 2902 Gracchorum
1319 2843 1528 2902 matris
1574 2860 1646 2901 ex
1694 2839 1846 2902 libro
1899 2839 2156 2901 Cornelii
2205 2837 2449 2919 Nepotis
2500 2838 2571 2899 de
2618 2837 2842 2898 Latinis
2886 2833 2930 2914 †
2957 2853 3004 2892 η

814 3047 911 3104 14.
950 3049 1049 3103 Ex
1088 3049 1265 3103 Gellio
1306 3049 1550 3104 Maerob.
1580 3055 1683 3103 sat.
1705 3049 1888 3118 praef.
1921 3054 1988 3102 14
2029 3049 2530 3118 (-i9noseeretur).

816 3119 913 3174 15.
953 3121 1040 3174 De
1074 3121 1183 3187 fide
1216 3123 1415 3174 harum
1452 3121 1814 3188 epistularum
1849 3121 1965 3174 uid.
1994 3135 2036 3174 8.
2069 3137 2127 3188 p.
2161 3141 2343 3174 xxxxv.

638 3343 908 3403 gressum
952 3323 1011 3382 A
1070 3324 1373 3402 ingressus
1428 3329 1547 3384 cett.
1586 3324 1747 3384 codd.
1979 3328 2034 3381 1.
2090 3323 2301 3383 deinde
2357 3327 2606 3400 rogatus
2641 3323 2705 3382 Β
2749 3323 2934 3395 Neap.

640 3413 837 3486 (Leia.
868 3411 1111 3487 Dresd.)
1305 3415 1361 3471 2.
1410 3415 1467 3472 3.
1514 3413 1796 3473 Heauton
1843 3413 2237 3472 timorumeno
2291 3415 2464 3472 uarie
2507 3415 2575 3471 im
2619 3413 2783 3472 codd.
2819 3429 2938 3470 cor·

638 3507 881 3578 ruptum
1059 3503 1120 3561 4.
1165 3503 1264 3561 hic
1300 3503 1361 3562 B
1396 3503 1569 3562 Leia.
1598 3503 1812 3563 Dresd.
1859 3503 2017 3561 hunc
2055 3503 2191 3561 Vrb.
2219 3501 2410 3576 Neap.

823 3582 939 3670 13,
988 3592 1044 3649 7.
1090 3594 1364 3668 tyrannis
1402 3593 1539 3652 libri
1582 3591 1894 3668 tyrannidi
1929 3589 2249 3650 Ascensius
2409 3591 2475 3649 in
2521 3609 2592 3649 eo
2629 3591 2751 3650 cod.
2781 3591 2939 3650 Dan.

642 3686 695 3742 d
728 3681 897 3740 Parc.
944 3679 1009 3739 in
1056 3699 1125 3740 eo
1172 3699 1303 3740 meo
1350 3685 1469 3740 cett.
1498 3680 1662 3740 codd.
1818 3683 1874 3740 8.
1924 3677 2166 3740 Graecis
2203 3697 2312 3739 om.
2342 3680 2512 3738 Mon.

826 3761 943 3846 14,
994 3771 1049 3828 9.
1098 3769 1191 3829 De
1226 3773 1524 3844 smptura
1558 3789 1615 3828 u.
1653 3773 1917 3828 10—17
1942 3768 2064 3828 uid.
2096 3771 2177 3828 ad
2211 3767 2347 3828 Alb.
2383 3770 2464 3842 fr.
2497 3772 2533 3827 1
2735 3770 2836 3827 17.
2871 3785 2944 3826 ea.

643 3860 838 3919 Macr.
878 3877 1011 3917 eam
1038 3859 1202 3919 codd.
1236 3858 1415 3918 Gellii
1561 3860 1662 3918 20.
1701 3861 1810 3918 aut
1837 3877 1972 3917 cum
1999 3877 2216 3917 noxam
2246 3857 2496 3934 imperio
2525 3857 2942 3933 compellent-is

644 3948 993 4008 admisimus
1030 3947 1227 4008 Macr.
1280 4015 1285 4022 ¹
1362 3951 1421 4007 te
1469 3949 1665 4008 Maor.
1721 3947 1815 4006 Tu
1851 3946 1966 4004 tibi
1995 3946 2100 4019 (sc.
2127 3950 2368 4007 ueniam
2394 3941 2579 4024 petis)
2617 3947 2731 4005 Th.
2774 3946 2945 4020 Vogel

644 4037 759 4096 Dic
805 4039 874 4096 ci.
912 4037 1139 4096 Hosius
1320 4038 1423 4096 22.
1470 4035 1716 4096 cornelii
1755 4036 1934 4096 Rern.
1968 4037 2129 4096 Voss.
2159 4036 2217 4094 Z
2393 4037 2495 4095 23.
2540 4037 2693 4096 uiris
2725 4027 2946 4110 Mad?

648 4127 872 4202 ReaJI
909 4125 1081 4184 libris
1126 4130 1247 4186 cett.
1276 4126 1441 4186 codd.
1595 4143 1730 4184 :mn
1769 4126 1930 4185 Voss
1961 4125 2027 4184 X
2058 4143 2168 4184 om.
2195 4125 2340 4184 Par.
2369 4125 2420 4200 Q
2460 4125 2622 4185 Voss.
2651 4125 2710 4183 Z

831 4215 946 4302 15,
996 4225 1097 4283 24.
1144 4225 1463 4299 Inscriptio
1499 4228 1581 4284 est
1616 4224 1828 4283 codicis
1869 4221 2163 4298 Gif(am'a')
2320 4223 2421 4282 25.
2469 4240 2788 4299 gracorum
2825 4240 2946 4280 ma·

648 4315 761 4372 tris
809 4333 878 4372 ex
924 4311 1142 4378 ,eodem
1196 4311 1350 4372 libro
1405 4311 1668 4373 Cornelii
1721 4313 1972 4389 Nepotis
2029 4315 2308 4388 excerpta
2355 4312 2536 4386 (cod.)
2568 4309 2946 4384 Gaadiams)
