3234 5034
1137 315 1193 370 C.
1223 314 1464 370 IVLIVS
1501 314 1833 372 HYGINVS
2542 320 2632 368 CV

321 479 612 560 Nepotem
669 481 936 542 imitatus
990 482 1176 544 multa
1231 483 1544 562 uariaque,
1600 501 1753 562 quae
1817 487 2102 545 memoria
2166 483 2343 564 digna
2410 494 2634 564 essent,

320 581 639 658 congessit,
687 597 840 658 quae
887 578 1052 642 solus
1100 578 1326 641 Gellius
1374 579 1655 642 laudauit.
1671 575 1721 666 ¹)

495 685 590 748 De
651 689 840 748 uiris
907 686 1328 748 illustribus
1393 690 1793 768 scripserunt,
1851 697 1921 750 ut
1974 691 2057 752 ait
2100 690 2497 771 Hieronymus
2554 694 2633 752 de

319 788 437 845 uir.
477 788 560 845 iel.
602 786 679 845 II
705 803 772 862 Ρ.
811 784 942 846 821
988 786 1155 861 Vall„
1193 781 1303 829 ³—-
1353 784 1509 866 apud
1564 784 1808 847 Latinos
1852 787 2063 866 Varro,
2121 786 2359 868 Santra,
2415 787 2632 868 Nepos,

317 880 586 962 Hyginus
652 889 714 944 et
776 881 1204 962 Tranquillus'.
1295 883 1535 944 diuersa
1607 893 1808 946 tamen
1873 903 2094 964 genera
2159 888 2427 965 miscuit,
2492 905 2632 948 nam-

317 978 601 1042 Varronis
661 983 978 1060 imagines,
1037 999 1186 1062 quas
1251 981 1422 1062 dicit,
1483 981 1657 1060 longe
1724 981 1871 1043 aliae
1938 984 2181 1046 fuerunt
2237 994 2413 1064 atque
2469 987 2631 1046 uitae

316 1076 567 1158 Nepotis
615 1078 712 1139 uel
761 1078 1050 1140 Suetonii.
1127 1078 1233 1140 sed
1280 1081 1332 1140 si
1381 1097 1452 1140 ex
1500 1079 1572 1140 fr.
1613 1077 1655 1141 3
1704 1087 1764 1140 et
1810 1078 1854 1142 4
1900 1081 2259 1144 concludere
2310 1083 2469 1163 licet,
2514 1082 2630 1162 Hy-

317 1177 493 1255 ginus
541 1175 832 1256 Nepotem
889 1179 1062 1256 sequi
1117 1177 1326 1238 maluit
1378 1195 1555 1257 quam
1605 1177 2065 1240 Alexandrinam
2112 1179 2443 1242 doctrinam
2491 1180 2631 1240 Var-

317 1275 484 1334 ronis
541 1281 718 1354 atque
775 1293 878 1336 eos
935 1277 1040 1354 qui
1095 1275 1366 1354 legerent
1419 1277 1598 1336 etiam
1656 1274 1873 1337 fabulis
1932 1275 2255 1358 delectare,
2302 1278 2462 1358 quod
2509 1286 2633 1340 stu-

319 1370 484 1433 dium
541 1373 722 1433 etiam
776 1375 840 1433 in
907 1372 1040 1434 aliis
1096 1375 1226 1433 eius
1291 1371 1462 1434 libris
1530 1372 2053 1453 deprehendimus,
2128 1377 2366 1436 Asconii
2434 1385 2631 1437 autem

317 1469 516 1531 locum
546 1469 655 1547 (fr.
687 1471 759 1546 2)
790 1473 921 1532 sine
961 1470 1328 1532 dubitatione
1367 1471 1564 1532 eidem
1602 1474 1771 1550 operi
1819 1471 2241 1552 tribueremus,
2288 1476 2405 1534 nisi
2454 1470 2634 1535 ‘liber

317 1569 522 1646 prior
569 1567 642 1629 de
688 1571 840 1630 uiris
888 1566 1135 1630 claris'
1185 1571 1500 1647 citaretur,
1548 1587 1687 1629 cum
1733 1565 1831 1631 ‘de
1879 1572 2030 1632 uiris
2086 1569 2442 1632 illustribus'
2493 1571 2631 1632 libri

315 1667 633 1726 minimum
689 1684 794 1726 sex
853 1667 1136 1746 luissent,
1184 1685 1378 1746 neque
1426 1666 1827 1746 corruptelam
1880 1667 2128 1730 subesse
2178 1668 2376 1730 dicere
2423 1668 2635 1749 audeo,-

315 1782 452 1825 cum
501 1764 608 1843 qui
654 1759 763 1825 ‘De
807 1766 962 1826 uiris
1008 1761 1366 1826 illustribus'
1417 1763 1557 1825 libri
1603 1767 1814 1845 scripti
1861 1767 2006 1846 sint,
2063 1785 2304 1846 semper
2347 1767 2474 1828 fere
2520 1768 2632 1829 hac

315 1863 446 1940 ipsa
501 1863 898 1942 inscriptione
955 1865 1234 1925 citentur.
1309 1863 1510 1942 itaque
1567 1863 1672 1923 alii
1729 1863 1952 1943 duplici
2004 1866 2232 1926 ratione
2281 1864 2354 1926 ab
2399 1865 2631 1945 Hygino

316 1958 504 2020 libros
559 1959 864 2021 ordinatos
920 1979 1054 2022 esse
1111 1960 1384 2022 arbitrati
1439 1968 1605 2041 sunt,
1664 1959 1765 2022 alii
1821 1964 2121 2046 epitomen
2181 1961 2411 2025 duobus
2457 1963 2631 2024 libris

317 2057 650 2118 conlectam
699 2058 736 2133 (
734 2059 970 2134 Teuffel
998 2078 1066 2135 Ρ.
1107 2059 1254 2120 615.
1305 2059 1556 2120 Schanz
1604 2060 1684 2119 II
1714 2060 1750 2119 1
1786 2077 1854 2136 Ρ.
1893 2060 2074 2140 329),
2120 2059 2321 2140 Unger
2364 2061 2631 2123 illustres

315 2157 482 2216 uiros
531 2173 670 2217 cum
719 2159 780 2217 in
829 2155 974 2218 alias
1020 2166 1240 2236 partes,
1288 2164 1414 2217 tum
1461 2156 1525 2216 in
1571 2155 1718 2218 duas
1758 2156 2057 2220 clarorum
2094 2161 2366 2220 uirorum
2406 2159 2631 2220 diuisos

319 2255 383 2326 (l.
419 2271 466 2314 s.
494 2271 565 2330 Ρ.
607 2253 786 2332 224),
851 2253 946 2315 Fr.
994 2253 1114 2316 Leo
1180 2253 1438 2333 denique
1497 2255 1736 2331 (Bioqr.
1771 2273 1838 2332 Ρ.
1880 2255 2040 2331 138)
2099 2255 2301 2318 doctas
2369 2256 2631 2337 disputa-

321 2354 512 2413 tiones
539 2351 937 2414 Alexandrina
964 2351 1064 2414 uel
1093 2351 1455 2414 varroniana
1485 2355 1715 2414 ratione
1745 2353 1838 2414 bis
1878 2353 2111 2415 duobus
2148 2354 2630 2435 comprehensas,

319 2449 489 2510 libris
536 2451 854 2512 minimum
901 2467 1005 2510 sex
1051 2452 1324 2511 uirorum
1371 2448 1699 2512 illustrium
1743 2453 1900 2512 uitas
1939 2459 2245 2513 enarratas
2283 2470 2433 2513 esse.
2500 2470 2630 2514 cer·

319 2549 395 2608 tis
455 2555 658 2608 tamen
715 2551 1084 2626 argumentis
1138 2547 1304 2609 nulla
1359 2549 1655 2610 sententia
1713 2550 2125 2630 confirmatur,
2180 2558 2249 2610 ut
2297 2551 2451 2611 uiris
2498 2549 2630 2612 illu·

320 2645 545 2708 sti-ibus
584 2641 826 2706 ‘claros'
863 2647 1244 2707 inseruerim.
1309 2645 1457 2707 illud
1505 2649 1811 2708 mentione
1859 2646 2105 2727 dignum
2149 2657 2243 2709 est
2289 2647 2361 2708 ab
2399 2648 2630 2729 Hygino
2742 2724 2749 2732 ·

318 2743 647 2805 Varronem
694 2752 1000 2805 auctorem
1047 2746 1418 2805 nominatum
1465 2762 1616 2823 esse.

495 2850 822 2930 Quousque
867 2858 1112 2930 praeter
1157 2850 1413 2912 Gellium
1453 2844 1545 2934 (et
1579 2847 1931 2937 Asconinm)
1981 2854 2111 2914 eius
2157 2871 2305 2914 usus
2350 2857 2627 2934 patuerit,

318 2967 393 3010 ne
459 2951 758 3029 suspicari
823 2948 1065 3028 quidem
1131 2948 1288 3011 licet.
1377 2967 1514 3010 nam
1581 2968 1717 3010 cum
1774 2949 2041 3030 Hyginus
2106 2951 2295 3013 aliena
2363 2952 2631 3014 doctrina

319 3047 563 3126 gloriari
611 3053 714 3108 aut
759 3049 1046 3108 orationis
1093 3046 1386 3127 elegantia
1431 3047 1727 3109 noluisset
1778 3047 1885 3110 sed
1930 3057 2205 3110 auctores
2251 3069 2393 3112 suos
2441 3053 2629 3111 nomi-

321 3154 540 3223 nasset,
588 3147 692 3224 qui
739 3147 1066 3226 scriptores
1112 3163 1250 3206 eum
1295 3155 1759 3226 usurpauerunt,
1806 3145 1881 3208 ad
1918 3148 2286 3226 antiquiores
2325 3149 2455 3210 eius
2492 3167 2629 3210 auc·

321 3250 479 3304 tores
535 3261 599 3304 se
657 3242 888 3304 redisse
943 3241 1330 3325 simulabant3
1386 3243 1530 3324 quid
1586 3243 1746 3323 quod
1801 3245 2006 3304 nescio
2052 3262 2127 3305 an
2176 3248 2355 3307 etiam
2402 3245 2629 3309 Gellius

321 3339 498 3420 Oppii
551 3343 740 3402 uitam
787 3339 1050 3401 Africani
1106 3359 1178 3401 ex
1225 3340 1457 3420 Hygino
1505 3344 1853 3421 cognouerit
1903 3343 1990 3416 (u.
2026 3361 2073 3404 s.
2100 3363 2167 3420 Ρ.
2208 3349 2389 3420 unt).
2464 3353 2629 3406 certe

323 3457 472 3517 quos
527 3437 642 3499 alio
699 3437 828 3499 loco
891 3436 990 3499 ‘de
1044 3441 1170 3500 uita
1227 3447 1288 3500 et
1343 3438 1524 3500 rebus
1580 3437 1868 3500 Africani'
1917 3438 2177 3520 Oppium
2226 3449 2286 3503 et
2330 3441 2629 3522 Hyginum

326 3537 429 3614 (fr.
469 3538 540 3611 4)
589 3538 750 3615 citat,
799 3539 978 3598 etiam
1015 3536 1096 3598 111
1131 3535 1193 3617 4,
1238 3536 1345 3598 ubi
1382 3536 1568 3599 libros
1606 3533 1705 3598 ‘de
1752 3539 1877 3599 uita
1914 3539 1976 3599 P.
2008 3539 2304 3618 Scipionis
2342 3538 2625 3602 Africani’

324 3653 386 3696 se
430 3634 650 3714 legisse
699 3634 861 3714 dicit,
908 3652 1040 3696 esse
1087 3636 1408 3714 significati
1453 3634 1755 3696 uidentur.
1820 3637 1964 3716 quin
2005 3638 2183 3698 etiam
2220 3636 2459 3698 indiciis
2496 3641 2629 3717 qui·

325 3731 571 3794 busdam
629 3735 808 3794 etiam
865 3735 929 3793 in
985 3732 1137 3794 libro
1192 3731 1420 3794 Aurelii
1466 3732 1721 3795 Victoris
1781 3731 1877 3795 ‘de
1933 3734 2266 3796 illustribus
2322 3732 2496 3797 uiris’
2556 3736 2629 3797 ad

323 3830 578 3892 eundem
631 3849 946 3910 uocamur,
1010 3849 1369 3910 quamquam
1426 3830 1583 3911 quod
1629 3830 1939 3892 Woelfflin
1987 3833 2110 3907 (De
2157 3833 2419 3909 Ampelii
2470 3836 2629 3894 libro

503 4077 556 4142 1)
592 4073 818 4128 Traube
855 4075 986 4130 Ber.
1016 4074 1114 4128 der
1151 4075 1355 4143 Bayer.
1387 4075 1687 4129 Akademt'e
1727 4079 1861 4128 1891
1900 4091 1954 4143 p.
1985 4080 2089 4128 406
2139 4073 2311 4129 etiam
2340 4073 2628 4130 Valerium

323 4153 630 4208 Maximum
659 4151 786 4207 VIII
815 4159 881 4208 13
913 4156 1022 4214 ext..
1042 4159 1092 4220 7,
1131 4152 1229 4207 ubi
1257 4152 1582 4208 Alexander
1616 4152 1828 4208 citatur
1864 4157 1953 4222 (ex
1984 4169 2051 4208 eo
2078 4153 2223 4208 Plin.
2244 4155 2369 4210 n.h.
2390 4154 2495 4209 VII
2526 4163 2627 4212 15⁶

325 4233 671 4290 ‘Alexander
715 4232 1068 4303 Cornelius')‚
1116 4250 1221 4287 sua
1274 4249 1343 4288 ex
1387 4233 1615 4305 Hygino
1674 4233 1976 4304 sumpsisse
2032 4233 2379 4304 suspicatur,
2446 4236 2628 4291 Bunte

317 4333 370 4384 p.
404 4321 489 4369 12.
527 4311 675 4368 Plin.
709 4313 782 4367 vl
822 4319 1104 4369 187—197
1143 4313 1236 4385 (de
1273 4312 1614 4384 Aethiopia).
