3234 5034
568 343 890 400 GARGILH
926 343 1322 400 MARTIALIS
1359 344 1535 400 VITA
1572 343 1999 399 ALEXANDRI
2036 343 2299 398 SEVERI
2462 344 2583 407 131

285 520 596 574 senatores
652 513 984 592 principem
1041 511 1362 574 salutatum
1407 513 1694 590 uenisset,
1741 511 2120 573 exclamauit:
2169 509 2243 572 Ὃ
2290 511 2508 589 Marna,
2555 530 2589 570 o

284 610 570 691 Iuppiter,
615 630 652 672 ο
690 611 750 672 di
787 611 1153 692 inmortales,
1189 611 1518 672 Arabianus
1557 629 1675 671 non
1714 610 1906 672 solum
1944 612 2112 688 uiuit,
2160 628 2370 671 uerum
2410 611 2588 670 etiam

285 711 350 770 in
397 717 669 772 senatum
717 713 903 788 uenit,
949 709 1221 770 fortassis
1269 711 1448 770 etiam
1497 708 1568 770 de
1613 728 1711 770 me
1750 709 1975 789 sperat!
2024 717 2143 770 tam
2186 708 2432 787 fatuum,
2468 714 2589 768 tam

286 806 537 870 stultum
586 826 717 869 esse
763 827 861 870 me
908 805 1196 869 iudicat‘P'

230 927 254 966 5
467 900 584 970 2³⁸.
634 906 879 983 Lampr.
913 909 1084 968 Alex.
1124 906 1229 982 48,
1261 908 1302 966 7
1349 906 1566 967 Contra
1607 917 1805 967 autem
1846 915 1905 966 et
1943 907 2267 985 Septimius
2305 913 2365 965 et
2404 903 2588 965 Acho-

286 1004 404 1065 lius
445 1013 512 1066 et
556 1004 880 1084 Encolpius
926 1013 988 1065 et
1030 1024 1086 1085 q.
1127 1023 1171 1066 s.
1211 1033 1278 1052 =
1331 1007 1576 1082 Encolp.
1609 1004 1695 1082 fr.
1734 1005 1777 1065 2
1826 1001 1913 1082 (et
1950 1007 2161 1066 Achol.
2194 1004 2279 1082 fr.
2318 1001 2409 1082 2).

285 1289 722 1364 GARGILII
769 1290 1298 1365 MARTIALIS
1337 1291 1569 1364 VITA
1608 1289 2180 1364 ALEXANDRI
2236 1289 2583 1364 SEVERI

382 1463 496 1530 1³¹³.
633 1469 878 1548 Lampr.
911 1473 1085 1533 Alex.
1123 1471 1229 1550 37,
1266 1471 1310 1531 3
1374 1471 1524 1531 Vsus
1572 1471 1837 1532 conuiuii
1887 1468 2135 1530 diurnus
2185 1467 2587 1548 [Alexandri]

285 1568 387 1628 hic
434 1568 570 1629 fuit:
619 1570 746 1630 uini
793 1568 867 1629 ad
913 1575 1103 1630 totum
1153 1568 1311 1630 diem
1358 1571 1603 1630 sextarii
1643 1570 1904 1648 triginta,
1940 1570 2112 1648 panis
2150 1567 2357 1629 mundi
2396 1566 2589 1647 pondo

287 1667 548 1746 triginta,
607 1669 776 1747 panis
823 1669 1130 1747 sequentis
1178 1667 1252 1728 ad
1300 1666 1638 1729 donandum
1686 1666 1881 1746 pondo
1927 1668 2370 1747 quinquaginta.
2454 1684 2589 1726 nam

206 1793 261 1832 ιο
286 1783 527 1845 semper
575 1763 645 1826 de
693 1783 874 1826 manu
919 1784 1026 1826 sua
1081 1767 1376 1826 ministris
1423 1767 1690 1826 conuiuii
1746 1773 1804 1826 et
1861 1783 2073 1843 panem
2130 1773 2189 1826 et
2244 1772 2443 1844 partes
2491 1773 2593 1824 aut

286 1862 558 1926 holerum
596 1871 696 1925 aut
734 1865 932 1924 carnis
971 1872 1072 1925 aut
1109 1864 1475 1945 leguminum
1517 1863 1708 1943 dabat,
1748 1861 1921 1924 senili
1964 1881 2212 1942 prorsus
2250 1865 2589 1924 maturitate

287 1969 516 2041 patrem
556 1961 810 2023 familias
849 1981 1048 2041 agenS.
1115 1970 1285 2023 erant
1323 1962 1562 2024 decreta
1603 1971 1663 2022 et
1700 1963 1899 2022 carnis
1938 1961 2211 2022 diuersae
2248 1961 2444 2040 pondo
2480 1963 2589 2020 tri-

285 2062 466 2140 ginta,
506 2069 682 2136 erant
713 2067 770 2121 et
808 2059 1121 2141 gallinacei
1160 2060 1292 2121 duo.
1342 2059 1671 2121 addebatur
1707 2079 1885 2120 anser
1922 2058 2133 2121 diebus
2173 2060 2359 2136 festis,
2388 2058 2587 2120 kalen-

288 2157 382 2219 dis
410 2166 609 2219 autem
637 2158 929 2220 Ianuariis
958 2166 1018 2220 et
1045 2157 1288 2219 Hilariis
1322 2160 1531 2221 matris
1563 2158 1741 2220 deum
1781 2166 1841 2218 et
1875 2156 2034 2219 ludis
2064 2156 2501 2238 Apollinaribus
2530 2166 2591 2218 et

205 2283 258 2322 ιε.
286 2256 446 2317 louis
501 2255 676 2335 epulo
731 2265 794 2318 et
838 2255 1251 2319 Saturnalibus
1307 2264 1366 2318 et
1418 2256 1761 2318 huiusmodi
1818 2257 1986 2317 festis
2044 2256 2253 2317 diebus
2310 2257 2589 2335 fasianuS‚

285 2357 369 2415 ita
433 2363 502 2417 ut
564 2354 878 2434 aliquando
945 2362 1005 2416 et
1069 2354 1184 2417 duo
1239 2363 1609 2436 ponerentur
1667 2354 1885 2416 additis
1939 2353 2282 2435 gallinaceis
2340 2353 2587 2416 duobus,

285 2452 553 2534 leporem
609 2452 852 2515 cottidie
906 2453 1138 2533 habuit,
1193 2455 1570 2515 uenationem
1629 2453 2030 2535 frequentem,
2096 2452 2200 2514 sed
2266 2471 2398 2514 eam
2452 2471 2589 2514 cum

286 2553 498 2613 amicis
554 2550 859 2613 diuidebat
913 2559 974 2613 et
1027 2555 1080 2613 is
1133 2553 1388 2613 maxime
1445 2571 1595 2631 quos
1649 2550 1875 2613 sciebat
1918 2570 2029 2631 per
2074 2569 2139 2612 se
2185 2569 2305 2612 non
2348 2549 2587 2613 habere.

288 2667 400 2711 nec
448 2649 736 2711 diuitibus
783 2651 1100 2731 quicquam
1147 2650 1354 2711 talium
1403 2667 1718 2711 munerum
1765 2652 1930 2711 misit
1964 2648 2072 2710 sed
2109 2648 2182 2709 ab
2218 2649 2313 2710 his
2352 2667 2590 2727 semper

206 2771 260 2812 so
287 2749 535 2828 accepit.
609 2747 816 2809 habuit
861 2747 1104 2810 cottidie
1152 2747 1330 2809 amuli
1379 2750 1508 2809 sine
1545 2750 1754 2829 pipere
1792 2749 2082 2808 sextarios
2120 2754 2414 2826 quattuor,
2452 2765 2588 2807 cum

287 2847 496 2926 pipere
545 2844 678 2926 duo,
726 2853 803 2926 et,
849 2865 924 2908 ne
971 2846 1215 2925 longum
1253 2848 1330 2906 sit
1367 2848 1564 2907 omnia
1602 2848 1892 2924 inserere,
1930 2863 2081 2925 quae
2121 2843 2419 2923 Gargilius
2456 2846 2587 2906 eius

285 2945 576 3022 temporis
614 2945 872 3023 scriptor
909 2942 1252 3023 singillatim
1289 2951 1643 3024 persecutus
1680 2949 1789 3022 est,
1827 2945 2025 3004 omnia
2062 2951 2123 3003 et
2160 2942 2231 3003 ad
2258 2940 2501 3003 modum
2529 2950 2591 3004 et

286 3040 360 3102 ad
398 3043 689 3103 rationem
727 3040 814 3102 illi
851 3048 992 3103 sunt
1029 3040 1312 3121 praebita.

1037 3245 1382 3319 AELIVS
1432 3245 1839 3318 SABINVS

2626 3399 2728 3447 238

471 3418 534 3487 1.
592 3425 782 3502 Capit.
815 3425 1069 3486 Maxim.
1098 3425 1204 3504 32,
1234 3425 1273 3484 1
1323 3422 1544 3484 Scribit
1579 3422 1781 3486 Aelius
1819 3424 2092 3504 SabinuS,
2131 3425 2287 3505 quod
2323 3434 2587 3503 praeter·
2622 3471 2729 3478 ..-

207 3539 262 3579 ns
288 3521 648 3585 mittendum
701 3540 819 3583 non
877 3522 1014 3601 ruit,
1070 3529 1294 3583 tantam
1348 3520 1856 3601 pulchritudinem
1912 3526 2036 3583 oris
2092 3523 2274 3584 fuisse
2340 3525 2399 3583 in
2468 3523 2586 3583 filio
2625 3488 2725 3537 9⁹¹

473 3724 528 3780 1.
573 3719 873 3797 principes
908 3721 968 3780 P
1143 3721 1198 3778 2.
1245 3739 1282 3780 o
1328 3723 1462 3780 ante
1507 3719 1570 3778 di
1615 3737 1725 3778 om.
1754 3719 1813 3778 P

474 3800 540 3886 l,
592 3812 646 3869 7.
693 3809 968 3870 concubii
991 3811 1050 3869 P
1229 3811 1328 3870 10.
1377 3808 1671 3869 conuiuiis
1698 3810 1757 3868 P
1932 3813 2032 3869 11.
2079 3827 2321 3885 prossus
2360 3811 2415 3867 P

293 3903 392 3960 12.
441 3898 734 3958 familiam
762 3900 821 3958 P
997 3902 1095 3959 13.
1142 3898 1544 3978 gallinaciouo
1573 3892 1651 3956 Ρ1
1696 3898 1958 3978 gallinae
2005 3917 2120 3958 ouo
2148 3899 2205 3957 P
2226 3916 2371 3957 corr.

289 3987 611 4048 adhibetur
638 3982 720 4046 P¹
760 3987 1114 4048 adibebatur
1138 3989 1196 4046 P
1215 3991 1282 4047 in
1319 4005 1426 4061 my.
1458 4007 1560 4046 em.
1589 3989 1927 4062 Petscheniy
1963 3988 2120 4047 Pha.
2150 3988 2293 4045 LII
2313 4007 2377 4060 p.
2408 3989 2542 4046 352

295 4083 394 4138 14.
441 4079 678 4137 matriis
704 4077 764 4137 P
940 4079 1039 4136 16.
1086 4077 1279 4138 additi
1307 4077 1643 4151 Petscheniy
1679 4077 1718 4137 1.
1744 4095 1791 4136 s.
1971 4077 2310 4153 gallinaciis
2339 4078 2396 4135 P

293 4170 395 4228 20.
444 4162 658 4244 amuli}
686 4165 944 4242 Scaliyer
980 4171 1042 4225 et
1073 4168 1252 4226 mulis
1279 4167 1338 4225 P
1359 4159 1463 4248 (m
1480 4183 1589 4226 rec.
1601 4183 1731 4240 sup.
1750 4186 1795 4224 u
1820 4183 1929 4224 scr.
1949 4157 2000 4246 l)
2031 4169 2093 4225 et
2128 4166 2308 4224 mulsi
2334 4167 2585 4225 Momm-

288 4274 391 4316 sen
575 4259 675 4316 21.
723 4253 1026 4333 Gargilius
1061 4256 1361 4316 Martialis
1389 4248 1476 4314 P⁸
1513 4257 1597 4315 ed.
1627 4275 1723 4329 pr.
1910 4257 2011 4314 22.
2059 4257 2121 4314 et
2166 4253 2241 4314 ad
2293 4256 2585 4316 rationem

289 4348 500 4420 scffpsi
543 4345 938 4406 tax-rationem
963 4345 1022 4404 P

2089 4439 2159 4496 9*
