3234 5034
673 337 814 389 CLX
1169 332 1266 391 DE
1306 333 1771 393 SCRIPTORVM
1807 331 1996 393 VTTIS
2034 332 2129 393 ΕΤ
2165 330 2480 393 SCRIPTIS

675 526 792 587 quo
832 524 984 569 anno
1013 504 1254 569 Tacitus
1291 507 1354 567 in
1387 503 1701 567 annalibus
1738 506 1865 569 suis
1907 502 2243 567 scribendis
2268 503 2447 567 Plinii
2474 503 2742 567 historiis
2768 503 2862 567 uti
2886 501 2987 567 uel

675 624 777 667 eas
843 624 978 667 cum
1037 605 1168 667 aliis
1230 602 1400 667 libris
1458 607 1863 666 contaminare
1922 606 2203 685 coeperit.
2218 598 2269 689 ¹)
2363 606 2571 683 utique
2632 604 2731 665 bic
2792 605 2983 665 amico

675 710 912 766 mortuo
971 723 1108 767 cum
1155 704 1396 765 annales
1453 710 1863 784 componeret,
1920 722 1989 765 ea
2046 705 2275 765 ratione
2332 711 2392 765 et
2446 704 2695 783 pietate,
2750 720 2869 781 qua
2922 704 2985 763 in

676 803 948 865 historiis
995 802 1328 882 tenebatur,
1369 802 1596 863 solutus
1644 810 1789 883 erat,
1836 804 1919 864 ita
1957 810 2040 882 ut,
2089 803 2204 865 etsi
2240 820 2459 863 nomen
2496 808 2671 881 tacet,
2711 800 2987 879 dignitati

676 903 962 963 historiae
1009 901 1312 963 Plinianae
1361 903 1538 962 etiam
1586 900 1921 963 obtrectare
1968 901 2183 963 audeat
2228 901 2364 977 (13,
2402 902 2537 975 31).

859 998 1098 1062 Malalae
1154 999 1282 1061 loco
1331 1001 1439 1078 (fr.
1480 1000 1594 1075 10)
1642 1018 1835 1079 paene
1876 1000 2104 1061 inuitus
2139 998 2318 1060 Plinii
2364 998 2829 1078 fragmentorum
2876 1016 2985 1059 nu·

677 1116 911 1159 merum
967 1100 1172 1178 augeri
1227 1116 1439 1178 passus
1496 1116 1647 1175 sum,
1696 1118 1727 1158 a
1772 1116 1890 1177 quo
1937 1099 2002 1158 in
2050 1097 2320 1159 historiis
2359 1096 2711 1159 Sabinarum
2749 1105 2984 1177 raptum

678 1204 984 1258 narratum
1032 1214 1166 1259 esse
1209 1198 1312 1258 uix
1361 1196 1626 1278 credam;
1682 1198 1736 1257 si
1782 1198 1916 1277 quis
1964 1204 2161 1257 tamen
2210 1215 2345 1257 cum
2392 1196 2673 1257 chronico
2715 1194 2986 1257 Paschali

679 1298 752 1369 (I
776 1316 844 1373 p.
875 1296 1005 1357 211
1047 1296 1176 1370 Di.)
1221 1313 1330 1375 pro
1377 1294 1568 1356 Plinio
1615 1294 1989 1374 Apollonium
2036 1294 2429 1375 substituerit,
2484 1294 2597 1355 hoc
2652 1293 2987 1355 remedium

678 1396 918 1455 irritum
965 1402 1072 1472 est,
1121 1395 1399 1473 quoniam
1447 1392 1773 1453 chronicon
1812 1392 2078 1453 Malalam
2122 1393 2223 1453 hic
2266 1392 2335 1454 ad
2374 1391 2627 1453 uerbum
2670 1392 2991 1472 descripsit

681 1493 1156 1568 (Krumbacher,
1203 1493 1409 1553 Gesch.
1443 1494 1498 1553 d.
1529 1494 1778 1569 byzant.
1810 1484 1954 1552 Lit?
1976 1509 2046 1569 p.
2085 1491 2232 1552 328.
2272 1491 2434 1565 338)
2482 1498 2657 1571 atque
2704 1508 2781 1551 ne
2830 1490 2989 1551 Liuii

680 1588 920 1672 quidem
969 1608 1186 1652 nomen
1235 1592 1645 1669 incorruptum
1694 1591 1961 1651 seruauit
2007 1581 2327 1672 (mutatum
2376 1590 2437 1650 in
2486 1582 2789 1673 Siluium).
2804 1582 2857 1673 ²)

858 1689 1076 1751 Contra
1131 1707 1204 1749 ex
1251 1688 1428 1749 Plinii
1485 1686 1743 1749 naturali
1796 1688 2045 1749 historia
2099 1688 2247 1749 haec
2303 1706 2373 1749 ex
2423 1686 2677 1749 Neronis
2732 1688 2987 1767 imperio

679 1788 876 1849 omina
923 1796 990 1848 ut
1035 1789 1154 1847 iam
1199 1788 1264 1847 in
1309 1786 1576 1847 historiis
1624 1786 1919 1867 descripta
1964 1786 2063 1847 hic
2110 1804 2431 1867 apponam:

859 1884 949 1947 16,
977 1882 1092 1934 236
1139 1877 1344 1933 Verum
1393 1877 1576 1932 altera
1618 1876 1767 1932 lotos
1814 1877 1873 1931 in
1901 1876 2229 1948 Vulcanali,
2274 1878 2421 1947 quod
2463 1877 2736 1933 Romulus
2778 1878 2991 1933 consti-

681 1960 798 2014 tuit
842 1976 910 2014 ex
957 1958 1199 2013 uictoria.
1245 1958 1316 2013 de
1363 1957 1640 2027 decumis,
1689 1974 1949 2027 aquaeue.
1983 1958 2112 2011 urbi
2150 1957 2525 2029 intellegitur,
2562 1961 2631 2013 ut
2667 1962 2867 2012 auctor
2903 1960 2992 2013 est

681 2039 977 2095 Masurius.
1010 2072 1076 2080 —
1114 2038 1227 2094 fuit
1272 2056 1400 2094 cum
1444 2055 1514 2093 ea
1565 2055 1863 2109 cupressus
1918 2038 2173 2108 aequalis
2230 2038 2383 2094 circa
2438 2054 2697 2109 suprema
2742 2037 2991 2093 Neronis

683 2118 955 2192 principis
990 2119 1258 2191 prolapsa
1295 2122 1468 2189 atque
1503 2118 1783 2190 neglecta.

861 2206 950 2268 17,
975 2204 1086 2255 245
1133 2198 1313 2271 Super
1348 2198 1556 2269 omnia,
1603 2216 1751 2268 quae
1788 2216 2058 2268 umquam
2096 2197 2295 2255 audita
2332 2201 2479 2269 sunt,
2518 2198 2629 2254 erit
2660 2198 2991 2270 prodigium

680 2281 741 2335 in
777 2284 970 2337 nostro
1007 2296 1151 2336 aeuo
1187 2279 1428 2337 Neronis
1464 2278 1735 2351 principis
1773 2279 1940 2333 ruina
1966 2278 2181 2335 factum
2210 2279 2269 2333 in
2300 2294 2437 2351 agro
2466 2278 2807 2349 Marrucino,
2832 2278 2993 2335 Vetti

681 2360 938 2417 Marcelli
984 2378 1016 2416 e
1059 2360 1256 2433 primis
1303 2360 1578 2429 equestris
1635 2359 1849 2414 ordinis
1904 2358 2117 2415 olineto
2173 2360 2436 2414 uniuerso
2492 2359 2647 2414 uiam
2697 2359 2991 2430 publicam

681 2446 1005 2513 trangresso
1045 2441 1308 2510 aruisque
1345 2440 1476 2495 inde
1514 2457 1545 2495 e
1583 2440 1864 2496 contrario
1902 2438 1963 2493 in
2000 2439 2185 2495 locum
2224 2438 2436 2495 olineto
2470 2439 2757 2511 profectis.

872 2524 1012 2578 Tum
1038 2524 1386 2591 inopen-ator&
1409 2521 1663 2578 Olaudii:
1688 2526 1745 2588 2,
1765 2526 1839 2577 99
1867 2520 2067 2575 Trinos
2098 2521 2242 2576 soles
2273 2519 2495 2589 antiqui
2522 2520 2749 2591 saepius
2776 2521 2993 2590 nidere,

681 2603 832 2658 sicut
858 2634 946 2670 -,
985 2605 1044 2657 et
1087 2606 1281 2657 nostra
1329 2606 1486 2657 aetas
1531 2602 1683 2657 uidit
1729 2601 1863 2656 diuo
1910 2600 2147 2656 Claudio
2192 2600 2473 2672 principe,
2520 2602 2823 2656 consulatu
2872 2600 2993 2657 eius

684 2682 940 2739 Cornelio
978 2681 1154 2738 Orfito
1191 2682 1426 2752 collega

861 2770 1024 2833 atque
1049 2764 1180 2819 haec
1207 2766 1397 2819 mortis
1427 2762 1655 2819 Claudii
1684 2763 2096 2834 Galiyuloeque:
2120 2766 2177 2829 2,
2197 2766 2273 2818 92
2300 2761 2652 2834 sparguntur
2676 2762 2995 2832 aliquando

684 2848 743 2900 et
779 2842 1097 2899 errantibus
1135 2842 1318 2898 stellis
1355 2842 1669 2912 ceterisque
1705 2842 1901 2898 crines.
1966 2843 2065 2897 sed
2102 2845 2351 2898 cometes
2388 2858 2693 2912 numquam
2730 2842 2793 2897 in
2832 2860 2995 2899 occa-

675 2941 816 2980 ·sura
851 2926 1013 2996 parte
1051 2922 1197 2979 caeli
1233 2928 1337 2993 est,
1374 2922 1680 2978 terrificum
1716 2939 1927 2995 magna
1962 2940 2031 2978 ex
2068 2926 2231 2993 parte
2260 2922 2415 2978 sidus
2446 2926 2617 2992 atque
2644 2940 2756 2978 non
2786 2922 2997 2979 leuiter

681 3005 919 3077 piatum,
957 3007 1024 3059 ut
1059 3003 1218 3058 ciuili
1262 3007 1420 3060 motu
1458 3003 1697 3059 Octauio
1735 3004 1963 3059 consule
2016 3002 2333 3072 iterumque
2370 3002 2601 3074 Pompei
2638 3007 2697 3059 et
2732 3004 2995 3059 Caesaris

681 3086 852 3154 bello,
897 3085 959 3139 in
995 3086 1185 3139 nostro
1233 3100 1368 3139 uero
1417 3100 1558 3139 aeuo
1597 3083 1749 3138 circa
1784 3083 2135 3155 ueneficium,
2185 3100 2298 3153 quo
2336 3082 2605 3139 Claudius
2642 3084 2859 3139 Caesar
2894 3084 2995 3138 im-

683 3166 904 3237 perium
947 3162 1184 3233 reliquit
1226 3163 1474 3219 Domitio
1517 3162 1732 3218 Neroni
1778 3180 1845 3219 ac
1892 3164 2097 3219 deinde
2142 3164 2469 3235 principatu
2514 3162 2637 3218 eius
2686 3164 2995 3219 adsiduum

683 3262 860 3319 prope
899 3262 966 3300 ac
1004 3260 1250 3299 saeuum.

866 3330 952 3393 11,
981 3330 1089 3381 189
1127 3324 1321 3379 Defuit
1349 3324 1523 3395 (iecur
1558 3323 1620 3378 in
1658 3324 1823 3395 extis)
1854 3327 1913 3379 et
1950 3323 2006 3380 C.
2038 3324 2237 3390 Mario,
2274 3340 2402 3379 cum
2428 3324 2749 3380 immolaret
2770 3324 2995 3392 Vticae,

683 3408 823 3462 item
852 3406 994 3461 Gaio
1031 3404 1278 3476 principi
1315 3404 1578 3460 kalendis
1605 3404 1903 3473 Ianuariis,
1942 3422 2069 3459 cum
2104 3404 2277 3460 iniret
2314 3403 2667 3459 consulatum
2698 3422 2819 3474 quo
2848 3422 2995 3460 anno

683 3486 1014 3543 interfectus
1043 3488 1146 3555 est,
1167 3484 1404 3540 Claudio
1433 3485 1741 3540 successori
1771 3486 1891 3539 eius
1919 3502 2032 3553 quo
2056 3500 2251 3539 mense
2277 3485 2611 3541 interfectus
2639 3488 2727 3541 est
2750 3502 2995 3541 ueneno.

863 3574 1130 3653 Denique
1195 3572 1374 3633 Plinii
1439 3574 1844 3635 curiositatem
1909 3574 2087 3634 etiam
2151 3572 2324 3652 haec,
2391 3590 2543 3652 quae
2608 3574 2671 3632 in
2734 3571 2999 3635 naturali

683 3674 932 3735 historia
979 3672 1191 3750 tetigit,
1229 3672 1291 3732 in
1327 3671 1575 3733 historia
1613 3674 1809 3733 facere
1845 3690 1964 3733 non
2002 3672 2267 3752 potuisse
2306 3672 2451 3750 quin
2500 3680 2999 3734 commemoraret

686 3774 820 3834 ueri
866 3769 1060 3832 simile
1107 3776 1225 3831 est:

875 3864 926 3916 V
959 3868 1026 3917 11
1065 3860 1306 3931 (Bellum
1343 3862 1402 3915 in
1439 3861 1797 3917 Mauretania
1832 3861 1937 3917 sub
1976 3860 2249 3933 Claudio).
2302 3862 2423 3917 VII
2454 3865 2529 3916 62
2555 3860 2659 3932 (De
2688 3860 2751 3916 L.
2774 3860 2997 3915 Volusii

867 4026 918 4093 1)
957 4022 1041 4078 De
1097 4022 1263 4077 Fabii
1316 4022 1535 4079 Rustici
1593 4022 1933 4079 auctoritate
1988 4021 2048 4077 in
2094 4021 2281 4077 Taciti
2339 4021 2640 4077 annalibus
2696 4021 2999 4077 uidflnfn

683 4122 738 4176 p.
771 4122 916 4159 onxn
945 4120 1086 4172 sqq.,
1125 4103 1195 4158 de
1233 4102 1422 4158 Cluuii
1459 4121 1513 4173 p.
1545 4122 1745 4158 cuvn.

865 4186 920 4255 2)
959 4182 1138 4238 Omisi
1173 4186 1422 4238 ueterem
1459 4182 1747 4239 quenalis
1776 4182 2157 4251 scholiastam,
2187 4200 2354 4252 quem
2386 4181 2533 4237 Aelii
2562 4180 2773 4236 Donati
2806 4188 2998 4237 aetate

687 4265 860 4321 etiam
897 4263 1070 4319 Plinii
1105 4264 1356 4319 historiis
1393 4282 1558 4319 usum
1597 4279 1719 4319 esse
1757 4262 2029 4318 Gerekius
2066 4280 2118 4334 p.
2152 4268 2254 4317 192
2294 4263 2609 4333 suspicatus
2660 4264 2759 4317 est.
2840 4262 2999 4315 nulla

689 4346 838 4401 enim
875 4344 1072 4399 subest
1109 4359 1293 4399 causa.
