3234 5034
479 1894 544 1948 fr.
577 1900 609 1948 2

649 344 687 409 7
691 346 734 411 6
1453 345 1511 401 C.
1541 344 1785 400 IVLIVS
1822 344 2059 401 HYGIN
2062 346 2151 400 VS

648 510 928 575 dixerunt
979 518 1191 593 χαῖρεε
1257 532 1432 593 quam
1481 511 1897 573 salutationem
1942 512 2193 574 Romani
2246 532 2463 573 nomen
2510 514 2774 575 ciuitatis
2822 532 2957 575 esse

645 619 1012 692 putauerunt
1076 618 1138 672 et
1211 609 1474 672 detracta
1539 612 1901 691 aspiratione
1966 630 2097 671 eam
2167 611 2353 672 Caere
2418 615 2831 692 nominarunt,
2890 622 2959 675 ut

649 709 793 771 dicit
837 708 1106 789 Hyginus
1152 710 1214 768 in
1261 707 1514 769 urbibus
1557 708 1797 769 Italicis,

827 800 941 870 13.
993 808 1167 868 Seru.
1213 810 1278 869 in
1328 808 1478 868 Aen.
1517 808 1634 869 III
1669 808 1803 867 553
1870 805 2060 867 Aulon
2118 826 2291 869 mons
2352 815 2445 870 est
2500 806 2807 870 Calabriae
2856 844 2963 887 —,

647 907 710 966 in
757 923 876 984 quo
921 904 1204 985 oppidum
1253 905 1368 965 suit
1401 924 1434 964 a
1473 903 1681 965 Locris
1718 904 2041 985 conditum,
2077 904 2237 985 quod
2274 905 2605 967 secundum
2640 905 2963 987 Hyginum,
3014 923 3040 964 5

649 1004 752 1083 qui
799 1004 1040 1083 scripsit
1087 1002 1160 1063 de
1207 1004 1326 1063 situ
1374 1002 1614 1062 urbium
1664 1002 2019 1082 Italicarum,
2066 1002 2289 1064 Caulon
2338 1022 2499 1065 nunc
2544 1012 2653 1065 est.

1325 1200 1433 1258 DE
1483 1198 1842 1259 FAMILIIS
1890 1199 2274 1259 TROIANIS

829 1336 944 1406 14.
993 1343 1168 1403 Seru.
1207 1346 1270 1403 in
1319 1344 1470 1403 Aen.
1515 1342 1568 1401 V
1604 1340 1739 1401 389
1804 1340 1958 1401 Sane
2014 1340 2327 1402 sciendum
2380 1341 2543 1404 hunc
2598 1342 2959 1422 [Entellum]

647 1440 978 1502 secundum
1024 1439 1339 1519 Hyginum,
1385 1440 1488 1518 qui
1539 1438 1610 1500 de
1648 1438 1887 1499 familiis
1924 1437 2199 1500 Troianis
2237 1442 2495 1520 scripsit,
2534 1460 2717 1502 unum
2758 1439 2964 1502 Troia·

647 1556 862 1600 norum
911 1539 1115 1613 fuisse,
1164 1536 1235 1598 de
1283 1556 1401 1616 quo
1438 1536 1734 1616 Vergilius
1782 1545 1971 1599 mutat
2014 1536 2343 1599 historiam.

1184 1734 1380 1794 ALIA
1427 1732 1928 1794 FRAGMENTA
1972 1732 2410 1794 HISTORICA

830 1871 941 1939 15.
991 1877 1166 1937 Seru.
1206 1880 1272 1937 in
1319 1878 1470 1937 Aen.
1511 1875 1589 1936 II
1630 1876 1715 1935 15
1778 1874 1861 1936 De
1916 1875 2030 1935 hoc.
2084 1893 2239 1954 equo
2298 1875 2622 1954 [Troiano]
2672 1879 2840 1938 uaria
2898 1880 2961 1939 in
2994 1894 3051 1935 ιο

646 1974 917 2036 historiis
977 1973 1126 2035 lecta
1183 1980 1340 2034 sunt.
1420 1980 1492 2033 ut
1535 1972 1803 2052 Hyginus
1860 1980 1920 2035 et
1964 1972 2201 2033 Tubero
2249 1973 2473 2051 dicunt,
2520 1974 2967 2036 machinamen-

647 2080 775 2133 tum
812 2071 1092 2133 bellicum
1121 2072 1250 2149 suit,
1288 2070 1448 2150 quod
1487 2090 1677 2151 equus
1714 2070 2061 2151 appellatur,
2100 2072 2259 2132 sicut
2294 2072 2471 2151 aries,
2508 2073 2667 2133 sicut
2704 2072 2965 2153 testudo,

651 2170 870 2249 quibus
915 2172 1075 2231 muri
1121 2169 1219 2230 uel
1269 2168 1486 2230 discuti
1531 2168 1631 2229 uel
1678 2168 1885 2230 subrui
1932 2167 2145 2229 solent.

829 2262 942 2330 16.
992 2270 1244 2329 Paulini
1289 2285 1478 2329 carm.
1517 2267 1623 2341 32,
1655 2267 1782 2327 131
1822 2269 1907 2344 (p.
1946 2267 2079 2327 334
2118 2268 2221 2341 H.)
2289 2267 2409 2329 Cur
2466 2268 2593 2347 dea,
2642 2288 2763 2329 non
2812 2268 2965 2331 deus

647 2374 742 2427 est
814 2362 1106 2443 [Vesta]“?
1186 2384 1295 2426 cur
1367 2367 1524 2443 ignis
1597 2366 1817 2426 femina
1892 2362 2131 2426 fertur?
2224 2367 2337 2425 ista
2412 2364 2651 2446 quidem
2724 2366 2967 2447 mulier,
3000 2391 3055 2432 ιε

649 2466 807 2525 sicut
861 2461 1236 2524 commendat
1278 2462 1570 2543 Hyginus,
1628 2466 1881 2524 stamine
1936 2465 2129 2543 prima
2176 2482 2333 2524 nouo
2376 2472 2607 2525 uestem
2654 2467 2971 2527 contexuit

649 2561 790 2622 olim
837 2562 1077 2622 nomine
1127 2559 1198 2621 de
1244 2562 1488 2641 proprio
1537 2560 1781 2639 dictam,
1829 2578 2006 2640 quam
2053 2560 2300 2622 tradidit
2346 2563 2473 2640 ipsa
2518 2562 2806 2643 Vulcano,
2854 2566 2967 2644 qui

647 2668 792 2721 tunc
838 2658 926 2720 illi
971 2665 1332 2720 monstrarat
1385 2666 1626 2738 opertos
1682 2659 1983 2720 custodire
2030 2660 2221 2740 focos;
2275 2658 2375 2721 hic
2423 2678 2661 2721 rursum
2708 2680 2967 2723 munere

830 2856 928 2913 18.
967 2858 1224 2911 Eandem
1257 2857 1466 2923 falsam
1572 2859 1813 2912 inionem
1850 2860 2097 2927 sequitur
2132 2857 2333 2913 Strabo
2371 2858 2459 2912 VI
2488 2863 2519 2912 1
2552 2875 2613 2927 p.
2642 2862 2753 2913 261
2792 2860 2973 2915 Μετὰ

649 2928 714 2986 δὲ
760 2928 864 2999 τὴν
903 2928 994 2983 Σά
1031 2948 1138 2996 ραν
1179 2925 1407 2997 Ἀχαιῶν
1451 2874 1655 2997 ”Qua
1700 2926 2025 2997 Καυλωνία,
2070 2925 2347 2997 πρότερον
2394 2924 2452 2983 δ’
2496 2926 2757 2984 Αὐλωνία
2802 2933 2973 3001 λεγο-

649 2998 787 3071 μένη
827 2998 924 3056 διὰ
960 2950 1060 3054 τῖν
1098 2995 1470 3068 προκείμενον
1508 3000 1751 3054 αὐλῶνα.

831 3070 929 3127 14.
968 3072 1186 3127 Nomen
1220 3072 1407 3138 fictum
1443 3072 1514 3125 ab
1552 3072 1684 3126 urbe
1721 3072 1950 3127 Entella
1986 3072 2227 3128 Siciliae.

833 3269 886 3325 1.
933 3266 1195 3325 ΚΛΙΡΕ
1230 3266 1372 3340 1209.
1420 3266 1647 3324 XHPE
1682 3266 1853 3341 Lips.
1901 3260 2173 3346 ΧΗΗΡΕ
2208 3268 2369 3327 M.
2544 3267 2801 3327 Romani
2846 3286 2972 3329 om.

649 3356 790 3432 Rey.
913 3356 969 3413 2.
1017 3373 1147 3415 cere
1193 3355 1332 3415 libri
1443 3358 1501 3415 3.
1530 3355 1791 3434 hyginus
1825 3354 1962 3415 Gar.
1989 3355 2171 3431 Scmq.
2216 3352 2321 3433 igi
2358 3355 2499 3430 Req.
2549 3355 2747 3434 iginus
2786 3357 2971 3433 LipS.

647 3446 868 3506 Hoemb.
914 3443 1136 3521 yginus
1163 3444 1326 3504 Fris.
1355 3444 1521 3503 Flor.
1656 3442 1747 3521 in]
1795 3444 1868 3503 de
1906 3445 2073 3505 Flor.

829 3525 945 3613 13,
994 3536 1051 3592 5.
1099 3533 1163 3591 in
1210 3532 1369 3608 quod
1395 3532 1564 3592 Flor.
1602 3533 1763 3609 quod
1796 3533 1977 3593 Fuld.
2113 3534 2365 3613 yginum
2393 3534 2559 3593 Flor.
2588 3534 2766 3593 Fuld.
2803 3535 2973 3613 higi-

648 3643 794 3683 num
819 3623 1037 3683 Hamb.
1257 3622 1313 3681 6.
1363 3623 1470 3697 qui
1514 3622 1756 3698 scripsit
1800 3640 1909 3681 om.
1938 3624 2099 3682 Fris.
2300 3622 2441 3682 olim
2491 3641 2611 3682 non
2657 3626 2749 3683 est
2792 3626 2971 3685 codd.

648 3714 850 3773 Aulon
899 3713 989 3772 est
1025 3712 1365 3771 mastacius
1412 3710 1610 3770 Aulon
1638 3730 1759 3771 non
1788 3714 1879 3770 est
1909 3712 2229 3772 Burmann
2258 3729 2295 3770 a
2321 3711 2439 3771 coli
2466 3704 2565 3793 (τι
2588 3706 2822 3795 ‘cauli')
2851 3732 2971 3775 no-

649 3803 940 3861 minatum
972 3804 1064 3859 est
1092 3802 1198 3860 Fr.
1219 3800 1442 3860 Schoell
1481 3798 1710 3859 caulon
1740 3818 1899 3860 nune
1930 3804 2020 3861 est
2045 3800 2277 3861 Samter
2297 3799 2549 3875 Quaem.
2573 3802 2743 3861 Varr.
2770 3820 2829 3875 p.
2852 3804 2969 3863 89.

830 3883 943 3950 14.
991 3890 1123 3948 Hoc
1157 3892 1236 3963 fr.
1265 3906 1375 3948 om.
1403 3888 1568 3948 Hor.
1752 3894 1811 3949 9.
1856 3883 2085 3968 mutat]
2124 3908 2205 3949 an
2232 3891 2593 3949 mutuatur?

831 3971 946 4058 15,
997 3982 1097 4038 11.
1143 3981 1216 4038 ut
1261 3978 1418 4037 enim
1457 3978 1638 4038 led.
1848 3981 1911 4037 et
1956 3978 2207 4056 Tuben-0,
2255 3977 2412 4055 quod
2463 4010 2549 4019 -—
2578 3979 2773 4038 solent
2820 3981 2969 4041 add.

649 4070 820 4129 schol.
849 4068 1126 4128 Danielis
1171 4066 1319 4127 dicit
1357 4067 1524 4141 Lips.
1553 4067 1774 4126 Hamb.
1804 4067 1965 4130 Fris.
2000 4067 2269 4142 Teyemw.

831 4149 947 4235 16,
997 4159 1098 4217 16.
1146 4158 1510 4216 commentat:
1555 4158 1700 4215 coni.
1734 4155 1899 4215 Vonk
2050 4158 2149 4216 17.
2197 4154 2334 4215 nom
2366 4156 2695 4232 A(mbros.)
2740 4156 2969 4217 nomen

651 4247 949 4321 Mamas.)
1129 4244 1292 4304 dicta
1338 4242 1498 4305 ΑΜ
1678 4246 1776 4304 18.
1825 4249 2191 4305 monstrabat
2217 4243 2377 4305 ΑΜ
2406 4262 2512 4305 em.
2542 4246 2854 4306 Mur-atem·

651 4335 791 4395 hinc
827 4333 887 4394 A
906 4338 988 4395 Μ
1019 4353 1122 4395 em.
1151 4336 1319 4393 Mur.
