3234 5034
1110 319 1451 380 AVFIDIVS
1490 320 1756 378 BASSVS
2390 343 2576 392 cxxv

281 513 313 554 a
356 511 471 573 quo
532 511 641 556 sua
690 491 986 556 industria
1040 501 1101 554 et
1154 492 1487 554 eruditione
1541 511 1736 572 usque
1799 491 1871 554 ad
1927 511 2093 554 suam
2160 501 2410 555 aetatem
2477 491 2576 554 de-

286 591 533 654 scendit.
1506 645 1515 654 .

454 690 575 752 Sed
624 691 693 752 i'r.
740 689 1008 752 Pliniana
1052 687 1225 752 4-7
1277 709 1413 751 cum
1460 689 1563 752 tali
1608 690 2076 770 chronographia
2121 708 2331 770 parum
2367 688 2576 752 uiden·

277 796 375 850 tur
418 790 767 868 conuenire,
814 797 881 850 ut
915 789 1061 850 haec
1098 807 1171 850 ex
1210 787 1360 850 libro
1399 784 1506 849 ‘De
1544 787 1908 850 admirandis
1945 784 2284 868 Hispaniae’
2333 788 2578 850 fluxisse

277 886 609 950 Mommsen
642 907 711 966 p.
752 908 892 948 ινιτ
932 887 1273 949 arbitretur.
1366 895 1425 948 at
1468 889 1663 966 primo
1709 888 1809 961 (4)
1867 888 2032 967 origo
2087 886 2255 948 urbis
2311 894 2577 966 tempore

278 986 495 1048 excidii
544 985 760 1048 Troiae
808 984 1091 1048 definitur
1134 994 1203 1048 ut
1248 986 1317 1046 fr.
1359 983 1417 1066 1,
1462 993 1523 1047 et
1568 1003 1706 1047 cum
1741 987 1875 1047 ueri
1911 984 2168 1047 similius
2205 986 2284 1046 sit
2318 984 2578 1047 Plinium

276 1103 463 1164 unum
510 1083 735 1146 Bocchi
781 1084 1001 1146 librum
1047 1087 1109 1145 in
1156 1083 1431 1146 manibus
1476 1083 1784 1164 hahuisse,
1839 1085 2017 1146 huius
2072 1091 2268 1145 autem
2315 1082 2576 1146 studium

274 1201 551 1261 magnam
600 1200 803 1245 rerum
846 1184 1197 1245 uarietatem
1244 1181 1615 1262 complexum
1663 1201 1797 1244 esse
1840 1182 1942 1244 uel
1988 1201 2060 1244 ex
2097 1183 2392 1262 excerptis
2431 1181 2578 1242 Soli·

274 1283 471 1342 nianis
520 1281 819 1362 adpareat,
864 1283 1064 1342 omnia
1100 1280 1365 1342 Pliniana
1415 1279 1487 1343 ad
1526 1281 2055 1361 chronographiam
2095 1279 2330 1344 trahere
2368 1279 2577 1343 malui-

277 1399 426 1458 mus,
494 1399 617 1460 quo
682 1382 929 1461 propius
994 1379 1067 1441 ad
1132 1398 1235 1441 sua
1304 1387 1567 1459 tempora
1626 1378 2106 1460 progrederetur,
2171 1382 2348 1440 etiam
2407 1378 2578 1459 plura

277 1485 555 1540 ueterum
621 1478 922 1541 annalium
986 1481 1215 1540 ratione
1280 1479 1682 1558 arripientem.
1775 1477 1933 1558 quod
1997 1485 2194 1540 autem
2257 1477 2329 1540 ad
2394 1476 2576 1538 solam

278 1575 627 1657 Hispaniam
672 1579 991 1657 pertinent,
1037 1576 1263 1638 Plinius
1300 1583 1575 1638 auctores
1612 1579 1709 1638 sui
1745 1595 2042 1657 quemque
2089 1578 2240 1638 situs
2277 1579 2364 1650 (u.
2389 1576 2476 1654 fr,
2506 1577 2576 1651 7)

276 1677 631 1738 uerissimos
678 1675 1283 1755 diligentissimosque
1330 1677 1564 1754 putauit
1609 1675 1754 1748 (III
1776 1676 1812 1736 1
1819 1723 1832 1736 .
1877 1676 1967 1735 1⁷!
1987 1669 2220 1758 141).¹)

1194 1897 1260 1904 υ...-

972 2076 1421 2150 AVFIDIVS
1474 2077 1824 2150 BASSVS
1841 2071 1894 2162 ²)

458 2255 694 2318 Aufidia
730 2275 879 2335 gens
924 2257 1099 2318 etiam
1148 2255 1293 2318 alios
1329 2259 1495 2318 uiros
1530 2255 1667 2318 tulit
1703 2259 1890 2336 magis
1929 2255 2144 2318 litteris
2182 2275 2356 2337 quam
2398 2257 2578 2318 rebus

282 2357 465 2433 gestis
494 2353 877 2434 excellenteS‚
895 2354 992 2415 hic
1020 2361 1233 2434 tamen,
1256 2373 1390 2416 cum
1412 2350 1676 2435 ‘semper
1703 2355 1924 2416 infirmi
1951 2357 2218 2436 corporis
2247 2363 2307 2416 et
2326 2351 2577 2417 exsucti'

284 2461 459 2532 esset,
518 2451 593 2514 ab
648 2454 821 2514 initio
867 2455 1051 2514 uitam
1106 2455 1169 2514 in
1226 2455 1345 2515 otio
1394 2454 1627 2532 degisse
1673 2452 1915 2516 uidetur
1959 2455 2226 2533 corporis
2274 2453 2578 2516 doloribus

284 2559 571 2630 quantum
608 2558 812 2631 posset
848 2559 1188 2613 constanter
1222 2551 1533 2614 obluctans
1570 2559 1746 2632 atque
1784 2553 1960 2614 etiam
1999 2553 2180 2614 animi
2217 2552 2578 2615 alacritatem

284 2668 561 2730 seruans;
608 2651 809 2730 itaque
854 2658 921 2712 ut
964 2657 1217 2712 mortem
1256 2669 1375 2712 non
1414 2669 1545 2712 esse
1584 2650 1908 2713 timendam
1947 2649 2429 2713 commentariolo
2468 2669 2576 2712 suo

286 2755 557 2828 exponat,
604 2747 831 2810 Seneca
876 2750 1073 2810 minor
1128 2767 1357 2810 summa
1413 2748 1802 2810 admiratione
1857 2750 1920 2811 in
1977 2748 2230 2829 epistula
2279 2751 2580 2810 tricesima

284 2865 417 2908 eum
464 2848 871 2926 prosequitur,
917 2846 1151 2909 laudem
1194 2847 1601 2928 philosophiae
1649 2846 1720 2908 ab
1769 2867 1840 2909 eo
1885 2855 2182 2928 repetem,
2239 2847 2395 2928 quod
2443 2865 2578 2910 eum

286 2937 576 3027 (Epicuro
642 2963 707 3006 se
770 2939 1103 3030 addixerat)
1168 2945 1279 3007 sub
1336 2953 1615 3025 mortem,
1683 2965 1818 3007 cum
1880 2941 2115 3025 ‘magno
2179 2954 2457 3008 senectus
2522 2952 2584 3007 et

284 3045 573 3106 uniuerso
620 3043 881 3122 pondere
924 3041 1338 3124 incubuisset’‚
1395 3044 1503 3106 hac
1557 3046 1781 3106 uirtute
1841 3045 2208 3106 instruxerit.
2299 3051 2426 3106 tum
2473 3046 2581 3124 igi-

286 3150 377 3203 tm·
434 3134 519 3225 (a.
560 3136 847 3226 63s816)
908 3161 1253 3222 supremum
1310 3142 1467 3205 diem
1522 3161 1660 3204 eum
1714 3142 1934 3204 obiisse
1983 3141 2208 3206 Seneca
2260 3143 2418 3224 uult,
2476 3142 2580 3205 sed

286 3239 525 3318 paulum
575 3247 767 3301 aetate
808 3243 1136 3320 praecessit
1173 3239 1493 3304 Seruilium
1531 3240 1866 3302 Nonianum
1913 3234 2064 3325 (cos.
2093 3237 2360 3324 35s7883
2407 3251 2581 3304 mort.

288 3333 577 3422 59s812),
626 3357 881 3418 quocum
930 3347 1001 3400 ut
1047 3339 1365 3401 historicus
1410 3347 1471 3402 et
1516 3359 1547 3400 a
1594 3339 1958 3411 Quintiliano
2005 3342 2104 3414 (Χ
2137 3342 2195 3420 1,
2235 3341 2393 3415 103)
2441 3346 2504 3402 et
2548 3359 2582 3401 a

286 3434 485 3498 Tacito
554 3438 619 3497 in
684 3436 913 3518 dialogo
977 3437 1123 3512 (23)
1190 3436 1475 3500 laudatur.
1576 3438 1858 3500 historias
1921 3445 2118 3500 autem
2182 3437 2398 3500 Aufidii
2463 3440 2582 3498 iam

288 3533 511 3597 Seneca
558 3544 733 3614 pater
777 3528 857 3619 (a.
896 3530 1167 3620 39s792)
1214 3544 1589 3616 cognouerat.

457 3635 645 3713 Atqui
670 3633 1117 3713 distinguuntur
1144 3633 1257 3696 duo
1282 3651 1479 3714 opera,
1498 3653 1754 3714 quorum
1783 3652 1968 3697 unum
1997 3636 2385 3715 inscriptione
2404 3633 2582 3696 Plinii

288 3733 527 3792 maioris
575 3739 823 3811 constat,
866 3734 968 3812 qui
1004 3740 1339 3813 temporum
1376 3735 1802 3812 imperatorum
1841 3732 2180 3795 Flauiorum
2217 3751 2580 3814 suorumque

288 3827 595 3890 historiam
626 3825 685 3890 ‘a
712 3831 830 3890 flne
856 3830 1075 3891 Aufidii
1103 3829 1292 3894 Bassi'
1326 3849 1499 3893 orsus
1528 3839 1658 3894 erat
1686 3834 1771 3906 (u.
1793 3832 1965 3910 infra
1986 3850 2055 3909 p.
2081 3851 2427 3894 omnm!
2446 3835 2582 3910 sq),

463 4021 519 4090 1)
554 4018 621 4072 In
648 4017 931 4074 indicibus
960 4020 1248 4076 Cornelius
1266 4021 1519 4076 Bocchus
1548 4021 1759 4076 citatur
1783 4020 1881 4076 lib.
1905 4039 1995 4075 xvx
2025 4023 2084 4076 et
2101 4039 2305 4086 xxxvn,
2331 4020 2582 4074 Bocchus

286 4101 559 4234 :lxixnlxogt
594 4119 777 4170 nnn
814 4099 959 4155 latet
992 4099 1168 4172 igitur
1202 4101 1377 4155 etiam
1406 4101 1468 4156 in
1494 4101 1657 4156 libris
1686 4121 1858 4156 xxxm
1885 4100 1980 4156 uel
2008 4121 2176 4155 xxx1v
2201 4101 2582 4171 fragmentum

366 4195 405 4247 q
465 4221 535 4331 2).
560 4259 647 4315 W.
676 4260 904 4316 Harless
942 4263 1031 4318 De
1066 4263 1265 4318 Fabiis
1300 4269 1349 4318 et
1386 4263 1634 4330 Aufidii-3
1668 4279 1850 4318 rerum
1890 4263 2269 4319 Romanarum
2303 4265 2582 4333 scriptori-

286 4339 405 4394 bus.
456 4339 605 4396 Diss.
636 4341 811 4398 Bonn.
846 4348 983 4398 1853
1018 4361 1074 4412 p.
1104 4349 1333 4398 45-52.
