3234 5034
527 241 610 289 CC
1016 239 1112 293 DE
1151 238 1615 294 SCRIPTORVM
1653 237 1843 293 VITIS
1880 237 1975 292 ET
2012 237 2327 293 SCRIPTIS

523 405 738 488 ptore’,
802 406 1202 485 Theoclio,
1267 407 1770 468 Caesareanorum
1828 413 2161 487 temporum
2216 408 2535 486 scriptore,
2602 404 2829 466 Nico-

524 499 854 590 machal),
886 508 1029 568 item
1059 504 1318 586 Graecis,
1347 505 1468 567 uid.
1499 505 1568 566 fr.
1600 523 1738 566 cum
1768 504 1961 566 adnot.
1993 507 2123 566 crit.
2153 524 2209 585 p.
2234 501 2359 566 149
2380 523 2487 585 sq„
2516 523 2665 584 quos
2692 506 2829 584 qui-

525 604 658 666 dem
701 604 988 684 Vopiscus
1037 604 1396 683 significauit
1441 605 1558 681 iam
1604 605 1669 665 in
1716 605 2019 684 prooemio
2066 605 2227 664 uitae
2264 602 2567 665 Aureliani
2580 597 2651 688 ³),
2698 611 2829 664 tum

524 705 831 765 coniunxit
887 703 981 763 his
1037 701 1184 764 locis
1235 697 1335 782 15,
1373 698 1414 764 2
1483 703 1739 764 Memini
1782 721 1877 764 me
1930 706 1995 763 in
2052 704 2313 778 quodam
2368 703 2525 764 libro
2588 702 2829 764 Graeco

522 805 757 880 leyisse,
803 803 971 879 quod
1013 804 1339 863 tacendum
1385 819 1515 863 esse
1559 818 1682 863 non
1720 803 1979 878 credidi,
2016 802 2371 861 mandatum
2416 818 2548 862 esse
2592 801 2829 862 Crinito

525 918 564 961 a
607 901 951 979 Valeriana,
990 907 1058 961 ut
1093 901 1472 962 Aurelianus
1517 902 1939 978 adoptaretur,
1986 899 2225 961 idcirco
2256 902 2625 976 praecipue,
2667 901 2834 975 quod

512 1017 762 1078 pauper
807 1006 978 1075 esset,
1021 1000 1136 1060 sed
1175 1001 1293 1060 hoc
1338 1003 1404 1060 in
1449 1001 1649 1060 medio
1694 1000 2163 1074 relinquendum
2194 1005 2371 1074 puto.
2420 1004 2481 1058 et
2528 992 2631 1076 16,
2670 994 2712 1058 2
2742 1015 2830 1076 sq.

525 1097 658 1159 Hoc
711 1100 845 1159 loco
901 1104 1077 1158 tanta
1131 1104 1221 1158 est
1274 1099 1608 1158 diuersitas
1661 1098 2111 1171 historicorum,
2162 1104 2221 1156 et
2265 1097 2509 1173 quidem
2561 1095 2831 1157 Graeco·

524 1212 687 1271 rum,
764 1203 831 1256 ut
903 1199 1016 1256 alii
1088 1198 1303 1257 dicant
1365 1199 1560 1257 inuito
1634 1195 1890 1256 Claudio
1963 1195 2042 1255 ab
2108 1194 2443 1256 Aureliano
2497 1195 2835 1256 Aureolum

525 1294 942 1371 interfectum,
989 1297 1100 1355 alii
1157 1295 1491 1355 mandante
1543 1311 1625 1354 ac
1679 1296 1947 1368 uolente,
1998 1295 2110 1354 alii
2164 1293 2243 1354 ab
2289 1296 2662 1370 imperatore
2708 1296 2836 1353 iam

526 1393 868 1454 Aureliano
904 1395 1164 1454 eundem
1200 1396 1484 1470 occisum,
1524 1395 1638 1454 alii
1672 1409 1824 1453 uero
1873 1393 2078 1453 adhuc
2114 1409 2155 1452 a
2177 1395 2455 1469 priuato.
2518 1393 2635 1453 sed
2676 1393 2839 1453 haec

526 1507 768 1567 quoque
801 1493 1006 1552 media
1042 1493 1471 1567 relinquemus,
1517 1492 1596 1552 ab
1634 1494 1787 1567 ipsis
1815 1492 2108 1567 petenda,
2142 1506 2267 1566 per
2302 1505 2452 1566 quos
2488 1493 2552 1551 in
2590 1492 2837 1552 litteras

525 1592 710 1650 missa
755 1581 980 1673 sunt.⁸)

704 1685 1291 1766 Asclepiodotum
1357 1689 1418 1748 in
1483 1687 1596 1748 hoc
1652 1704 1903 1748 numero
1961 1685 2169 1748 deesse
2224 1683 2416 1764 nolui,
2472 1702 2830 1765 quamquam

525 1785 626 1845 uix
677 1792 838 1846 recte
885 1784 1044 1846 huuc
1100 1784 1296 1846 locum
1350 1784 1596 1846 obtinet.
1670 1803 1807 1845 nam
1855 1786 1909 1844 si
1954 1783 2178 1845 codicis
2226 1785 2582 1864 scripturam
2632 1785 2830 1862 sequi·

526 1900 679 1961 mur,
726 1881 911 1944 altero
957 1882 1087 1944 loco
1125 1882 1574 1964 Asclepiodotus
1622 1901 1751 1944 rem
1798 1902 1831 1944 a
1865 1881 2250 1961 Diocletiano,
2296 1884 2400 1962 qui
2447 1899 2578 1943 eam
2626 1901 2663 1943 a
2700 1879 2831 1943 Gal-

527 1979 738 2042 licanis
794 1979 1107 2043 druidibus
1163 1989 1554 2062 compererat,
1610 1981 1725 2061 uel,
1772 1983 1825 2042 si
1872 2000 2005 2042 cum
2056 1979 2419 2042 Mommseno
2466 1981 2705 2054 (Herm.
2744 1980 2830 2041 25

523 2097 584 2157 p.
622 2078 784 2154 258)
833 2098 872 2141 a
918 2087 1054 2140 ante
1103 2081 1232 2142 eius
1277 2097 1494 2142 nomen
1541 2080 1995 2161 interponimus,
2042 2080 2147 2160 qui
2188 2097 2319 2140 eam
2357 2097 2493 2140 cum
2531 2077 2831 2158 Asclepio-

530 2176 666 2238 doto
705 2179 1265 2256 communicauerat,
1303 2177 1377 2238 ad
1406 2175 1706 2239 Celsinum
1746 2185 2048 2239 auctorem
2078 2177 2317 2258 Vopisci
2356 2175 2593 2258 detulit3
2631 2178 2831 2257 itaque

529 2293 668 2336 cum
695 2276 894 2354 priore
924 2281 986 2337 et
1003 2269 1395 2360 Vercon(n)io
1423 2276 1803 2337 Herenniano
1834 2283 1894 2337 et
1913 2276 2161 2355 vopisco
2189 2277 2363 2336 testis
2389 2293 2525 2336 esse
2552 2277 2832 2355 potuerit,

529 2371 630 2434 illa
677 2372 1066 2435 similitudine
1113 2391 1184 2435 eo
1237 2373 1538 2454 ducimur,
1593 2382 1664 2436 ut
1707 2372 2183 2454 Asclepiodotum
2241 2373 2607 2454 praefectum
2660 2391 2832 2454 prae·

530 2473 682 2533 torio
717 2470 1070 2534 Diocletiani
1099 2475 1378 2550 (Prosop.
1410 2475 1451 2534 I
1466 2491 1534 2551 p.
1566 2473 1699 2534 190
1734 2491 1792 2534 n.
1824 2472 1981 2548 158)
2012 2464 2405 2556 Vercon(n)io
2432 2471 2833 2550 Herenniano,

529 2573 674 2631 item
721 2571 852 2632 eius
889 2570 1189 2651 praefecto
1228 2573 1560 2648 (Borqhesi
1605 2571 1821 2632 Oeuvr.
1852 2571 1923 2632 X
1939 2590 2007 2648 p.
2040 2571 2217 2649 147),
2252 2588 2403 2651 quos
2443 2570 2627 2632 duces
2662 2588 2833 2651 prae-

531 2667 894 2729 clarissimos
931 2688 1003 2729 ex
1033 2667 1211 2731 Probi
1247 2668 1559 2749 disciplina
1599 2669 1865 2730 euasisse
1902 2667 2085 2731 tradit
2113 2670 2207 2742 (in
2236 2673 2372 2731 uita
2400 2671 2589 2732 Probi
2616 2669 2723 2746 22,
2740 2669 2831 2747 3),

529 2767 692 2828 hunc
739 2765 856 2828 sibi
901 2784 1178 2829 sermone
1224 2775 1496 2829 auctores
1543 2767 1729 2829 fuisse
1778 2766 1977 2828 dicere
2024 2765 2289 2828 uoluisse
2326 2767 2646 2848 Vopiscum
2694 2785 2832 2828 cen-

533 2883 768 2927 seamus
807 2867 955 2940 (Die
993 2866 1126 2928 Ser.
1164 2868 1221 2927 h.
1262 2867 1333 2927 Α.
1358 2885 1426 2944 p.
1467 2867 1511 2927 6
1535 2869 1672 2942 sq).

707 2962 793 3025 De
839 2963 1129 3025 Aurelio
1177 2963 1468 3026 Festino
1513 2963 1635 3025 uid.
1674 2964 1744 3025 fr.
1783 2983 1840 3044 p.
1884 2959 2027 3025 152.

707 3061 792 3124 De
841 3061 1185 3123 Suetonio
1231 3061 1617 3143 Optatiano
1666 3061 1777 3123 hoc
1826 3069 1922 3122 est
1964 3063 2372 3124 testimouium
2421 3063 2683 3144 Vopisci,
2730 3067 2835 3143 qui

717 3219 770 3286 1)
807 3215 914 3270 Hic
951 3232 1248 3286 perperam
1287 3233 1414 3271 cum
1451 3233 1517 3270 eo
1553 3215 1915 3283 Nicomach0‚
1954 3214 2053 3285 qui
2090 3214 2379 3286 Apollonii
2415 3215 2597 3272 uitam
2634 3233 2667 3271 e
2702 3216 2833 3272 Phi-

531 3295 768 3352 lostrato
797 3295 1094 3366 exscripsit
1111 3296 1322 3366 (Sidon.
1343 3295 1572 3367 ep.vm
1599 3302 1652 3364 8,
1672 3299 1744 3366 4),
1774 3294 1823 3349 si
1852 3295 1943 3351 hic
1974 3295 2168 3352 consul
2197 3313 2246 3351 a..
2268 3301 2373 3351 894
2400 3295 2527 3364 fuit,
2558 3297 2834 3366 aVossio‚

533 3375 803 3432 Muellero
849 3375 936 3429 Fr.
965 3376 1034 3431 H.
1066 3376 1156 3432 Gr.
1187 3376 1264 3430 111
1303 3381 1403 3431 661
1453 3375 1719 3431 confusus
1765 3379 1852 3431 est
1892 3376 2063 3448 (Jahn
2098 3375 2361 3432 Berichte
2398 3377 2451 3430 d.
2484 3376 2699 3434 ssechs.
2728 3378 2833 3434 Ge-

533 3455 752 3512 sellsch.
795 3462 927 3512 1851
971 3457 1096 3530 [m]
1133 3476 1186 3528 p.
1219 3459 1361 3528 348),
1409 3456 1614 3512 rectius
1660 3457 1900 3512 fortasse
1946 3474 2071 3511 cum
2117 3455 2441 3512 Nicostrato
2486 3457 2643 3528 opud
2688 3458 2835 3514 Eus-

532 3537 716 3610 grium
745 3536 796 3589 V
825 3543 892 3591 24
935 3537 1323 3604 Νικοστράτου
1361 3555 1420 3592 τε
1457 3545 1556 3592 τοῦ
1596 3546 1866 3608 σοφιστοῦ
1902 3546 2001 3592 τοῦ
2040 3535 2102 3592 ἐκ
2138 3539 2557 3605 Τραπεζοῦντος
2593 3535 2833 3608 συγγρά-

532 3629 750 3686 ψαντος
783 3617 854 3672 τὰ
891 3617 1004 3672 ἀπὸ
1047 3616 1326 3673 Φιλίππου
1363 3626 1462 3672 τοῦ
1499 3617 1637 3688 μετὰ
1666 3617 1985 3686 Γορδιανὸν
2025 3614 2312 3672 ἐκτίθεται
2349 3615 2452 3680 ἕως
2481 3615 2835 3674 Ὀδαινοὲθου

531 3706 631 3753 τοῦ
671 3697 733 3754 ἐκ
772 3699 1074 3766 Hal-udonis
1119 3699 1215 3753 καὶ
1260 3705 1360 3767 τῆς
1408 3699 1795 3765 Οὐαλεριανοῦ
1840 3697 1983 3766 πρὸς
2028 3693 2250 3765 Πέρσας
2295 3697 2527 3768 αἰσχρᾶς
2571 3695 2833 3768 ἀφίξεως.

533 3795 668 3832 nam
705 3794 924 3832 summe.
961 3795 1086 3832 cum
1123 3778 1360 3834 leuitate
1399 3795 1434 3832 a.
1470 3779 1715 3850 Vopisco
1754 3778 1984 3834 nomina
2021 3777 2219 3832 adlata
2256 3792 2378 3832 esse
2414 3781 2653 3833 constat.

714 3860 767 3927 2)
809 3864 857 3920 1,
885 3863 918 3912 4
958 3860 1052 3913 cui
1094 3877 1216 3914 cwm
1261 3877 1355 3930 eqo
1399 3860 1791 3930 respondissem
1836 3861 2103 3914 neminem
2150 3857 2246 3930 [de
2282 3857 2407 3913 nita
2443 3858 2762 3932 Aureliani]
2798 3877 2837 3914 a

535 3956 615 3993 me
661 3937 1020 4005 Latinorum,
1080 3939 1413 3995 Graecorum
1459 3941 1674 4010 aliquos
1720 3941 1984 3996 lectitatos
2028 3945 2079 3994 et
2114 3957 2161 4010 q.
2191 3956 2232 3996 s.
2289 3945 2321 4006 ξ
2356 3944 2389 3992 9
2440 3941 2626 4011 accept·
2670 3941 2837 3997 libros

540 4017 792 4084 Graecos,
832 4023 864 4084 ξ
903 4023 970 4072 10
1017 4025 1079 4073 tu
1114 4021 1279 4074 uelim
1325 4037 1438 4076 meo
1485 4023 1701 4076 muneri
1744 4021 1876 4075 boni
1917 4020 2171 4076 eon-sulas
2215 4025 2281 4084 et,
2325 4020 2378 4075 ei
2420 4019 2519 4076 hoc
2552 4027 2837 4077 contentus

533 4114 650 4153 non
682 4099 874 4165 fueris,
912 4099 1109 4154 lectites
1149 4100 1399 4156 Graecos.

717 4181 770 4246 3)
809 4195 854 4232 c.
885 4183 971 4244 24,
1001 4184 1034 4234 8
1090 4178 1333 4236 Graecos
1389 4179 1561 4236 libros
1607 4181 1681 4235 de
1734 4180 1859 4235 uite.
1904 4179 2192 4250 Apollonii
2246 4177 2539 4250 Thymoei
2594 4180 2835 4251 scriptos

537 4257 811 4328 Vopiscus
847 4257 1107 4330 intellegi
1143 4258 1284 4314 uult.
