3234 5034
595 270 938 320 CLXXXIIII
1115 270 1214 324 DE
1253 269 1721 325 SCRIPTORVM
1757 269 1946 324 VITIS
1983 270 2078 324 ΕΤ
2117 269 2432 325 SCRIPTIS

593 435 788 498 hibuit
851 430 1048 520 quamj
1093 439 1487 517 certissimos,
1556 436 1725 498 uelut
1789 445 1918 498 acta
1982 437 2153 499 urbis
2212 439 2327 516 (fr.
2366 439 2471 499 15.
2528 437 2611 516 cs.
2650 440 2906 516 adnot),

592 536 1023 614 imperatorum
1063 536 1418 616 Septimium
1467 535 1781 614 Seuerum,
1829 538 2001 597 cuius
2046 538 2209 599 uitae
2251 537 2580 615 fragmenta
2618 553 2733 615 per
2768 552 2906 596 eum

593 631 668 692 ad
705 633 1084 712 Spartianum
1135 633 1328 695 delata
1373 643 1528 713 sunt,
1573 641 1643 694 ut
1689 633 1941 696 sortasse
1988 637 2166 696 etiam
2204 633 2509 714 Hadriani,
2556 641 2619 696 et
2664 642 2907 696 senatus

593 749 834 792 causam
881 740 1225 793 constanter
1268 734 1457 793 tuitus
1505 740 1624 810 est,
1679 734 1761 793 ita
1807 741 1876 794 ut
1922 741 1983 793 et
2028 752 2143 812 qua
2188 734 2418 793 ratione
2466 733 2647 793 etiam
2693 730 2804 791 Dio
2852 738 2911 793 et

597 827 969 891 Herodianus
1029 833 1450 910 imperatorem
1507 833 1797 892 uirtutem
1844 827 2183 892 ‘incruento
2234 831 2488 910 imperio
2505 825 2522 852 ’
2567 831 2913 890 aestimaret

593 930 632 988 i.
672 947 723 989 e.
763 946 865 988 eos
911 936 1013 989 aut
1059 927 1328 990 laudaret
1374 937 1476 990 aut
1521 928 2009 1008 reprehenderet,
2058 938 2239 1009 prout
2282 931 2585 991 senatorio
2632 929 2914 1006 sanguini

593 1028 1033 1106 pepercissent,
1081 1045 1232 1106 quae
1287 1044 1496 1088 norma
1541 1044 1654 1106 per
1698 1045 1909 1088 omnes
1954 1027 2240 1089 historiae
2285 1027 2584 1106 Augustae
2630 1028 2793 1088 uitas
2838 1024 2913 1086 ad

595 1142 733 1186 eum
779 1123 1102 1187 redeuntes
1151 1124 1363 1185 diffusa
1411 1131 1520 1204 est,
1570 1133 1631 1186 et
1677 1134 1884 1186 contra
1930 1124 2261 1186 aulicorum
2298 1127 2709 1186 amicorumue
2746 1125 2911 1204 prin-

595 1223 746 1301 cipis
793 1224 1192 1301 arrogantiam
1240 1221 1598 1284 declamaret
1646 1223 1754 1300 (fr.
1794 1223 1886 1302 2),
1932 1222 2090 1303 quod
2137 1221 2340 1284 odium
2387 1241 2421 1284 a
2466 1222 2672 1283 Tacito
2720 1240 2911 1301 usque

595 1319 668 1380 ad
725 1320 1035 1381 historiam
1090 1321 1414 1399 Augustam
1473 1339 1583 1400 per
1630 1323 1956 1401 scriptores
2004 1322 2336 1384 senatorios
2382 1329 2775 1400 propagatum
2823 1327 2917 1380 est

597 1419 843 1492 (Gesch.
875 1419 1018 1480 Litt.
1048 1420 1128 1479 II
1151 1437 1219 1496 p.
1251 1418 1382 1479 108
1409 1437 1494 1496 sq.
1533 1420 1622 1480 55
1649 1421 1785 1496 sq).
1832 1437 2047 1496 uerum
2086 1428 2289 1480 tamen
2326 1417 2577 1480 eandem
2616 1420 2913 1479 rationem

595 1518 836 1597 imperii
883 1516 1339 1578 administrandi
1375 1516 1779 1578 Alexandrum
1826 1517 2117 1580 Seuerum
2166 1523 2439 1578 secutum
2487 1534 2620 1578 esse
2668 1515 2772 1578 uel
2820 1533 2911 1576 se·

597 1617 702 1694 qui
755 1614 1020 1676 uoluisse
1080 1633 1152 1676 ex
1217 1615 1542 1695 Lampridii
1602 1617 1728 1677 uita
1784 1617 1850 1676 in
1909 1615 2152 1677 modum
2216 1616 2561 1695 panegyrici
2624 1622 2912 1676 exornata

595 1712 999 1791 intellegimus
1029 1713 1175 1786 (Die
1213 1713 1349 1774 Ser.
1377 1715 1435 1774 h.
1466 1716 1538 1774 A.
1565 1733 1635 1792 p.
1667 1713 1799 1775 127
1824 1731 1951 1791 sqq.
2008 1715 2217 1776 Gesch.
2246 1714 2390 1776 Litt.
2418 1715 2500 1774 II
2514 1732 2584 1791 p.
2614 1713 2750 1774 110
2774 1715 2911 1788 sq).

595 1810 1002 1890 habemusque
1051 1809 1302 1871 eandem
1349 1809 1505 1890 apud
1554 1810 1826 1873 Cassium
1872 1811 2124 1874 Dionem
2170 1814 2234 1872 in
2282 1814 2411 1873 eius
2463 1812 2715 1890 gratiam
2763 1811 2913 1870 scri·

595 1908 858 1988 bentem,
902 1917 974 1970 ut
1019 1910 1199 1969 etiam
1243 1908 1386 1969 hinc
1432 1908 1687 1970 Marium
1728 1909 2048 1971 Maximum
2098 1909 2171 1971 ab
2218 1909 2319 1969 illo
2367 1911 2729 1989 imperatore
2776 1927 2910 1987 pro-

597 2015 822 2069 motum
881 2015 940 2068 et
996 2006 1263 2067 adiutum
1307 2007 1453 2067 uitis
1502 2008 1744 2086 scriptis
1791 2009 2043 2087 gratiam
2091 2007 2395 2069 rettulisse
2442 2014 2753 2087 appareat,
2800 2023 2909 2067 nec

597 2107 819 2166 mirum
876 2113 995 2183 est,
1042 2103 1199 2184 quod
1257 2113 1317 2166 et
1364 2103 1606 2166 Cassius
1652 2105 1763 2166 Dio
1810 2114 1870 2167 et
1914 2105 2138 2166 Marius
2182 2105 2475 2166 Maximus
2524 2104 2595 2165 de
2642 2106 2911 2184 superio-

599 2203 766 2264 ribus
820 2201 1284 2283 imperatoribus
1339 2201 1499 2263 idem
1556 2202 1657 2264 uel
1712 2202 2082 2264 simillimum
2130 2202 2420 2264 iudicium
2466 2203 2745 2263 fecerunt
2788 2219 2911 2262 om·

597 2303 860 2380 uinoque
916 2303 1067 2361 ratio
1124 2299 1333 2361 eadem
1381 2299 1453 2361 de
1499 2300 1681 2362 rebus
1728 2300 1986 2380 publicis
2036 2303 2197 2363 inter
2242 2318 2344 2362 eos
2390 2299 2715 2362 intercedit
2760 2317 2912 2379 quae

598 2401 759 2460 inter
795 2399 1065 2459 Tacitum
1113 2406 1174 2458 et
1209 2398 1561 2460 Suetonium
1591 2400 1839 2472 (Gesch.
1870 2400 2013 2461 Litt.
2043 2401 2124 2460 II
2136 2418 2205 2477 p.
2235 2399 2325 2460 84
2348 2401 2525 2476 sqq).
2584 2397 2755 2459 uelut
2798 2396 2912 2458 Ha·

601 2497 793 2558 driani
850 2495 1011 2558 laudi
1063 2505 1318 2576 uterque
1374 2497 1632 2576 inuidet,
1690 2516 1827 2558 cum
1884 2516 2022 2558 eum
2077 2516 2194 2559 non
2242 2497 2484 2558 Traiani
2529 2495 2755 2557 iudicio
2808 2494 2914 2558 sed

599 2595 866 2656 Plotinae
912 2594 1116 2656 fauore
1153 2594 1495 2675 adoptatum
1534 2613 1668 2656 esse
1706 2596 1979 2656 referunt
2026 2588 2121 2678 (ἐξ
2170 2591 2484 2678 ἐρωτικῆς
2526 2595 2759 2674 φιλίας
2796 2595 2915 2655 Dio

601 2693 705 2770 69,
737 2695 794 2772 1,
824 2694 883 2754 1.
923 2693 1087 2754 Mar.
1118 2693 1290 2754 Max.
1313 2693 1399 2770 fr.
1429 2694 1474 2754 3
1512 2711 1564 2754 e.
1595 2687 1771 2778 adn.)
1800 2712 1997 2773 neque
2035 2692 2110 2754 de
2146 2692 2500 2754 crudelitate
2536 2695 2669 2754 eius
2696 2700 2915 2770 tacent,

598 2790 707 2851 Dio
764 2793 872 2870 ita,
927 2797 995 2851 ut
1050 2790 1508 2852 calumniatores
1557 2809 1690 2852 eam
1738 2790 2168 2871 exprobrantes
2213 2791 2391 2852 faciat
2437 2791 2571 2868 (69,
2606 2791 2669 2866 2,
2708 2792 2789 2862 4;
2825 2791 2913 2869 5),

599 2887 822 2950 Marius
869 2888 1160 2950 Maximus
1168 2934 1187 2967 ,
1242 2895 1310 2949 ut
1363 2897 1572 2950 natura
1624 2907 1762 2950 eum
1810 2888 2115 2950 crudelem
2162 2889 2346 2950 fuisse
2392 2887 2554 2950 dicat
2599 2889 2717 2966 (fr.
2758 2889 2847 2963 6).
2862 2881 2911 2972 ¹)

602 2989 958 3066 grauissimo
1024 2995 1223 3048 autem
1289 2985 1423 3047 odio
1488 2989 1772 3066 quoniam
1831 2989 1895 3048 in
1956 2985 2346 3048 Commodum
2410 2989 2607 3047 omnis
2670 2993 2917 3048 senatus

601 3085 960 3164 flagrauerat
1013 3084 1349 3163 multasque
1407 3092 1477 3168 et⁸
1520 3084 1631 3145 Dio
1680 3091 1738 3145 et
1782 3083 2075 3146 Maximus
2130 3084 2444 3146 foeditates
2489 3082 2773 3144 uiderant
2819 3102 2915 3145 ex·

601 3185 878 3263 pertique
925 3189 1114 3262 erant,
1160 3201 1281 3243 non
1327 3181 1520 3244 solum
1568 3201 1707 3244 eum
1752 3183 1951 3263 ipsum
1998 3182 2276 3244 omnibus
2322 3181 2663 3262 opprobriis
2710 3200 2915 3243 cumu-

601 3280 874 3342 lauerant
919 3281 1037 3358 (fr.
1070 3281 1174 3342 14.
1208 3281 1310 3341 15.
1341 3281 1444 3341 16.
1500 3282 1711 3342 Gesch.
1751 3282 1894 3342 Litt.
1933 3282 2015 3342 II
2038 3300 2105 3359 p.
2144 3280 2235 3342 86
2260 3283 2376 3357 sq.)
2424 3279 2533 3340 sed
2578 3281 2787 3358 etiam,
2850 3285 2919 3340 ut

602 3377 788 3439 Marci
851 3378 1074 3458 gloriae
1139 3386 1459 3458 parcerent
1521 3377 2029 3458 Commodumque
2098 3378 2169 3439 de
2237 3377 2529 3439 adulterio
2599 3377 2917 3439 Faustinae

605 3475 1068 3556 gladiatorisque
1122 3482 1325 3537 natum
1385 3495 1518 3537 esse
1577 3475 1931 3556 probarent,
1985 3485 2239 3538 matrem
2285 3477 2480 3537 omnis
2526 3474 2777 3538 sceleris
2822 3493 2917 3536 ca·

605 3593 813 3656 pacem
860 3583 1038 3654 atque
1085 3576 1264 3635 etiam
1305 3574 1619 3635 seditionis
1666 3573 1865 3634 Auidii
1913 3573 2104 3635 Cassii
2150 3575 2516 3636 conscientia
2566 3573 2919 3635 obstrictum

605 3674 792 3734 fuisse
848 3672 1211 3734 rettulerunt
1257 3673 1372 3750 (fr.
1405 3672 1508 3733 12.
1557 3675 1747 3734 Klebs
1782 3692 1857 3734 m.
1889 3673 2005 3734 Rh.
2036 3674 2124 3734 43
2150 3692 2218 3751 p.
2247 3673 2377 3734 321
2406 3674 2582 3749 sqq.)
2657 3679 2721 3732 at
2771 3689 2919 3733 uero

607 3771 964 3849 Pertinacis,
1021 3773 1125 3850 qui
1181 3769 1502 3830 Commodo
1559 3772 1879 3849 successit,
1934 3773 2285 3832 memoriam
2350 3770 2807 3832 illustrauerunt
2860 3776 2919 3830 et

608 3868 1067 3930 celebrauerunt
1104 3870 1348 3942 (Gesch.
1388 3869 1530 3930 Litt.
1560 3870 1641 3929 II
1655 3888 1723 3946 p.
1753 3868 1860 3931 87.
1900 3868 2079 3948 108),
2135 3887 2313 3948 quem
2368 3869 2547 3929 etiam
2609 3867 2918 3929 horruisse

791 4113 840 4180 1)
878 4111 944 4166 V.
975 4109 1080 4166 Die
1119 4110 1232 4166 Ser.
1263 4109 1318 4164 h.
1346 4111 1414 4166 A.
1443 4127 1498 4181 p.
1519 4115 1618 4165 121
1642 4127 1763 4180 sqq.
1796 4141 1862 4151 -
1894 4108 2057 4176 Quod
2092 4113 2300 4165 mortes
2328 4109 2577 4178 Palmae,
2616 4108 2785 4176 Celsi,
2820 4108 2919 4163 Ni-

607 4191 777 4264 grini,
814 4191 972 4246 Lusii
1009 4191 1208 4246 eodem
1245 4189 1442 4246 ordine
1478 4191 1587 4244 Dio
1617 4193 1725 4262 (69,
1755 4196 1805 4258 2,
1836 4193 1889 4259 5)
1927 4192 1987 4246 et
2023 4191 2356 4262 Spartianus
2384 4193 2455 4262 (7,
2487 4193 2540 4260 2)
2569 4189 2919 4256 enumerant.

609 4287 678 4328 ex
713 4271 892 4343 ipsius
931 4270 1212 4326 Hadriani
1245 4270 1373 4326 uita
1411 4271 1729 4326 ducendum
1768 4273 1869 4326 est..
