3234 5034
589 319 813 366 xxv111
1087 295 1185 350 DE
1223 294 1689 351 SCRIPTORVM
1726 294 1915 350 vrrls
1952 295 2046 350 ET
2084 294 2401 351 SCRIPTIS

767 465 973 545 Neque
1031 472 1236 544 postea
1297 462 1505 524 Cicero
1567 462 1840 524 annalem
1901 464 2191 544 seposuit,
2252 483 2431 545 quem
2492 473 2653 528 recte
2716 464 2891 528 saluti

591 565 705 626 sibi
753 564 936 626 fuisse
987 563 1214 626 dixerat
1249 564 1452 638 (Brut.
1481 564 1542 640 3,
1575 563 1678 624 14.
1726 563 1798 623 cs.
1838 580 1927 624 or.
1959 565 2063 639 34,
2094 564 2273 644 120),
2320 582 2678 644 quamquam
2721 583 2891 646 prae-

590 672 684 726 ter
728 682 914 726 unum
960 663 1157 725 locum
1196 663 1303 740 (fr.
1331 661 1404 737 8)
1445 679 1581 723 eum
1628 660 1871 724 laudare
1916 664 2135 741 omisit,
2181 681 2317 724 cum
2364 662 2523 725 nuda
2557 673 2890 743 temporum

591 764 812 824 notatio
877 764 1143 824 omnium
1207 762 1540 822 communis
1605 779 1738 822 esse
1802 760 2127 823 uideretur.
2238 760 2519 823 similiter
2580 761 2890 824 Cornelius

591 860 814 941 NepoS‚
876 861 989 922 etsi
1049 859 1324 921 laudibus
1384 877 1520 920 eum
1581 859 1780 938 effert,
1839 878 1960 921 uno
2015 859 2144 921 loco
2198 878 2337 921 eum
2393 861 2536 922 citat
2586 861 2695 938 (fr.
2737 854 2889 944 7).¹)

591 959 837 1021 ultimus
897 967 1162 1039 tempore
1221 992 1304 1002 --
1358 965 1424 1018 ut
1483 959 1713 1018 incerta
1773 965 2145 1020 transeamus
2183 991 2268 1002 —-
2306 959 2369 1020 in
2423 959 2701 1021 manibus
2756 977 2891 1021 eum

591 1057 797 1119 habuit
842 1057 1131 1119 Asconius
1171 1057 1278 1135 (sr.
1317 1057 1376 1117 3.
1415 1056 1471 1117 6.
1521 1056 1599 1133 cf.
1639 1057 2051 1134 Lichtenfeldt
2094 1060 2131 1117 l.
2170 1075 2215 1118 s.
2240 1076 2309 1134 p.
2351 1058 2493 1139 73);
2538 1077 2675 1119 nam
2724 1057 2891 1118 scho-

592 1156 762 1217 liasta
797 1156 1007 1217 Veron.
1039 1156 1125 1233 fr.
1167 1157 1204 1215 1
1255 1161 1314 1216 et
1368 1153 1606 1216 Solinus
1652 1154 1737 1231 fr.
1776 1155 1819 1215 2
1876 1157 2144 1216 notitiam
2206 1173 2375 1217 suam
2435 1155 2661 1218 alienae
2720 1154 2891 1217 indu-

593 1257 772 1316 striae
821 1253 1056 1333 debent‚
1101 1255 1403 1315 nescimus
1450 1255 1564 1314 cui.

772 1352 888 1414 Sed
943 1354 1122 1414 etiam
1177 1359 1440 1414 nostram
1495 1369 1659 1414 nunc
1702 1359 2037 1432 temporum
2084 1352 2483 1414 Romanorum
2530 1353 2891 1414 notationem

593 1450 666 1513 ab
719 1451 833 1512 hoc
887 1451 1086 1513 annali
1137 1449 1400 1531 pendere
1455 1449 1835 1512 statuendum
1882 1459 2068 1530 esset,
2116 1452 2167 1512 si
2216 1458 2377 1512 recte
2422 1459 2559 1531 post
2602 1451 2893 1531 Pighium,

591 1550 954 1630 Matzatium‚
1012 1549 1157 1611 alios
1214 1547 1275 1610 C.
1321 1548 1631 1610 Cichorius
1680 1550 1879 1622 (stud.
1920 1551 2082 1627 Lips.
2123 1551 2229 1611 IX
2252 1569 2321 1627 p.
2359 1549 2743 1625 249—258)
2794 1548 2893 1610 de-

591 1656 984 1712 monstrasset
1027 1649 1204 1710 Attici
1251 1649 1663 1709 recensionem
1700 1648 2005 1728 fastorum,
2052 1649 2439 1728 compositam
2474 1647 2639 1709 illam
2674 1667 2747 1710 ex
2788 1647 2891 1710 du-

593 1747 756 1827 abuS‚
804 1747 1017 1808 Licinii
1057 1747 1240 1808 Macri
1287 1739 1474 1830 (apud
1518 1745 1799 1825 Idacium,
1845 1748 1907 1806 in
1955 1745 2157 1808 chron.
2194 1746 2482 1825 Paschali,
2534 1747 2716 1808 certis
2761 1749 2893 1827 qui-

591 1845 842 1908 busdam
897 1844 1168 1924 partibus
1213 1845 1369 1907 Liuii
1415 1838 1826 1930 Dionysiique)
1876 1853 1935 1906 et
1980 1864 2075 1926 ea,
2132 1847 2302 1907 cuius
2355 1845 2709 1926 particulam
2756 1839 2894 1930 (per

593 1937 928 2028 Castorem)
975 1945 1037 2005 in
1086 1942 1326 2004 Diodori
1372 1942 1539 2004 fastis
1577 1942 1919 2023 ubicunque
1958 1944 2327 2006 referrentur
2366 1944 2642 2006 consules
2680 1963 2891 2024 cogno-

593 2042 855 2104 minibus
893 2041 1209 2122 adscriptis
1237 2041 1609 2122 haberemus,
1640 2043 1989 2103 recensione
2024 2042 2350 2122 Capitolina
2386 2042 2559 2105 nobis
2596 2051 2893 2105 seruatam

595 2160 743 2202 esse.
811 2140 1046 2201 trahere
1081 2141 1201 2202 huc
1237 2138 1521 2202 uidentur
1558 2149 1905 2219 argumenta
1941 2140 2258 2223 quaedam3
2302 2143 2497 2221 potnit
2533 2143 2711 2202 etiam
2748 2140 2893 2202 illud

595 2238 730 2300 addi
767 2241 922 2300 intra
963 2257 1064 2299 eos
1101 2257 1305 2319 annos,
1343 2238 1560 2319 quibus
1598 2239 1736 2300 fasti
1774 2238 2088 2320 Capitolini
2124 2241 2337 2319 parieti
2376 2239 2657 2320 insculpti
2694 2247 2895 2300 essent

596 2331 1278 2422 (54s700-30s724)‚
1306 2337 1381 2399 Μ.
1410 2338 1756 2420 Vipsanium
1787 2338 2108 2418 Agrippam
2146 2338 2327 2399 filiam
2367 2338 2545 2399 Attici
2585 2340 2647 2398 in
2690 2339 2893 2399 matri-

595 2438 794 2497 monio
849 2434 1130 2496 habuisse
1179 2427 1279 2519 (ab
1329 2455 1378 2497 a.
1426 2431 1681 2518 36s718
1729 2455 1919 2516 usque
1969 2435 2042 2496 ad
2097 2455 2147 2497 a.
2186 2438 2509 2516 incertum,
2567 2443 2728 2497 certe
2774 2454 2893 2497 non

594 2532 750 2594 ultra
797 2551 847 2595 a.
886 2529 971 2595 28
977 2528 1008 2615 s
1015 2529 1161 2613 726,
1209 2553 1325 2614 quo
1382 2533 1590 2595 Iuliam
1650 2527 1846 2618 duxit)
1894 2533 2405 2614 Octauianumque
2461 2537 2590 2596 eius
2645 2553 2893 2596 consue-

595 2631 802 2693 tudine
851 2631 1204 2694 delectatum
1251 2651 1361 2712 per
1417 2632 1701 2713 epistulas
1759 2634 2101 2712 frequentes
2160 2631 2232 2694 de
2291 2633 2641 2713 antiquitate
2698 2631 2771 2693 ab
2822 2651 2893 2692 eo

595 2731 986 2810 requisiuisse
1043 2733 1290 2810 eiusque
1348 2729 1655 2792 admonitu
1709 2738 1977 2792 ueterem
2034 2730 2192 2792 louis
2248 2731 2502 2792 Feretrii
2562 2729 2769 2793 aedem
2830 2733 2893 2792 in

595 2827 885 2909 Capitolio
930 2828 1313 2890 reficiendam
1361 2830 1666 2890 curauisse
1706 2831 1879 2907 (Nep.
1910 2829 2015 2905 20,
2044 2831 2248 2910 2sq.);
2295 2847 2508 2891 uerum
2546 2836 2744 2890 tamen
2781 2847 2892 2890 nec

595 2929 962 3006 argumentis
1008 2929 1363 2988 sententiam
1411 2945 1578 2987 suam
1627 2929 1773 2989 satis
1810 2926 2101 2988 stabiliuit
2138 2926 2449 2988 Cichorius
2497 2935 2557 2988 et
2608 2926 2893 3007 quasdam

595 3043 809 3104 graues
858 3025 1252 3086 dubitationes
1301 3031 1507 3087 contra
1554 3044 1685 3086 eam
1721 3025 1971 3105 protulit
2008 3024 2068 3086 C.
2098 3025 2160 3085 F.
2191 3025 2386 3105 Vnger
2425 3027 2485 3086 in
2523 3023 2895 3086 Fleckeiseni

597 3141 730 3184 ann.
765 3119 892 3185 143
929 3143 985 3203 p.
1014 3120 1146 3184 472
1165 3141 1290 3204 sqq.
1338 3142 1550 3203 parum
1587 3126 1774 3203 igitur
1812 3123 2173 3203 exploratam
2213 3142 2343 3185 eam
2380 3141 2541 3184 nunc
2580 3142 2711 3185 esse
2742 3123 2892 3186 dico.

774 3222 977 3283 Tertio
1022 3221 1153 3282 loco
1197 3221 1297 3282 hic
1345 3222 1633 3284 afferendi
1681 3229 1821 3284 sunt
1867 3225 1941 3300 ei,
1988 3241 2137 3302 quos
2182 3222 2413 3283 Atticus
2464 3221 2543 3283 de
2590 3221 2893 3284 familiis

595 3319 931 3382 Romanis
987 3321 1232 3400 scripsit
1281 3319 1448 3399 libri,
1505 3319 1579 3381 de
1627 3320 1845 3401 quibus
1892 3319 2015 3382 sola
2070 3321 2355 3394 memoria
2402 3319 2560 3401 apud
2605 3319 2893 3401 Nepotem

597 3427 788 3480 exstat
835 3418 967 3496 (18,
1005 3419 1107 3494 3).·
1153 3421 1325 3480 Fecit
1370 3421 1486 3481 hoc
1533 3421 1691 3481 idem
1740 3411 1837 3503 (ut
1886 3418 2241 3480 familiarum
2298 3421 2654 3500 propagines
2709 3419 2895 3499 expli-

599 3525 778 3596 caret,
823 3516 896 3580 τὸ
949 3518 1372 3597 γενεαλογεῖν
1417 3510 1658 3579 ἑαυτόν
1693 3519 1919 3579 Herod.
1953 3519 2032 3578 II
2060 3511 2219 3601 143)
2262 3521 2595 3596 separatim
2641 3522 2705 3578 in
2754 3521 2894 3580 aliis

595 3618 796 3692 libri-e,
851 3625 918 3677 ut
967 3616 1048 3677 M.
1089 3617 1271 3677 Bruti
1315 3625 1538 3692 royatu
1587 3617 1832 3678 Iuniam
1880 3616 2185 3693 familiam
2244 3635 2284 3676 a
2340 3619 2533 3694 stirpe
2591 3618 2679 3678 ad
2731 3617 2896 3677 hanc

599 3721 860 3776 aetatem
918 3717 1140 3775 ordine
1199 3718 1596 3776 enarraverit
1650 3721 1897 3790 notam,
1958 3717 2065 3791 qui
2114 3733 2155 3775 a
2205 3731 2443 3791 quoque
2501 3721 2687 3790 ortus,
2747 3731 2897 3791 quos

596 3815 857 3876 honores
901 3815 1237 3890 quibusque
1290 3814 1659 3890 temporibus
1714 3817 1967 3891 cepisset
1976 3835 2001 3886 ;
2049 3817 2207 3890 pari
2260 3814 2435 3874 modo
2485 3812 2567 3872 M.
2610 3812 2896 3874 Marcelli

779 3986 832 4054 1)
873 3987 1066 4040 Annus
1110 3983 1266 4039 urbis
1311 3983 1573 4040 conditae
1611 3983 1801 4040 Attico
1847 4002 1975 4040 cum
2004 3985 2255 4040 Varrone
2298 3983 2609 4039 communis
2646 3986 2759 4052 eat,
2795 3982 2895 4054 qui

599 4065 830 4135 quidem
875 4065 926 4120 si
970 4067 1169 4120 auctor
1214 4063 1329 4119 dici
1375 4063 1545 4132 solet,
1591 4081 1843 4120 mensem
1890 4064 2150 4138 diemque
2186 4065 2244 4119 L.
2276 4062 2542 4118 Tarutius
2578 4062 2893 4133 Firmanus,

598 4145 897 4201 familiaris
923 4143 1216 4214 Varronis,
1268 4143 1577 4213 Ciceronis,
1634 4143 1835 4215 Attici,
1892 4144 2211 4200 accuratius
2262 4143 2412 4199 eruit
2455 4143 2787 4214 (Mommsen
2834 4143 2896 4198 in

598 4225 817 4282 chron?
850 4244 904 4296 p.
937 4232 1041 4280 146
1061 4229 1221 4294 sqq),
1267 4225 1338 4280 de
1385 4241 1534 4279 anno
1580 4224 1661 4278 nil
1710 4226 1899 4280 obstat
1944 4224 2245 4295 quominus
2280 4224 2459 4279 Varro
2505 4223 2761 4278 Atticum
2810 4241 2895 4278 se·

601 4309 762 4362 cutus
799 4305 890 4361 sit.
