3234 5034
644 283 730 347 56
1369 287 1865 345 IMPERATORIS
1904 291 2222 348 AVGVSTI

643 452 1065 516 immortalium
1112 458 1355 516 numina
1404 465 1729 538 receptam,
1785 479 1904 539 quo
1951 465 2190 524 nomine
2236 464 2300 525 id
2344 466 2578 545 insigue
2625 467 2920 528 simulacro

643 551 854 629 capitis
902 553 1049 631 eiuS,
1097 552 1254 632 quod
1301 573 1435 616 mox
1482 559 1545 617 in
1592 559 1720 619 foro
1769 565 2269 642 consecrauimus,
2317 563 2611 626 adiectum
2657 563 2786 627 est'.

497 647 592 724 34-
824 645 891 713 5.
941 652 1117 711 Seru.
1156 661 1375 714 auctus
1421 657 1509 715 ad
1556 657 1730 733 Vera.
1769 661 1904 720 buc.
1944 661 2002 735 9,
2041 663 2132 721 46
2185 661 2334 723 Cum
2378 664 2680 742 Augustus
2725 663 2928 726 Caesar

503 735 604 784 ⁷¹⁰
644 748 815 810 ludos
880 748 1162 810 funebres
1226 754 1383 830 patri
1440 752 1798 836 celebraret,
1855 756 1950 818 die
2006 759 2201 821 medio
2257 760 2426 822 stella
2483 766 2778 840 apparuit:
2839 764 2928 825 ille

644 865 775 908 eam
841 865 974 907 esse
1036 849 1411 911 confirmauit
1473 855 1739 931 parentis
1803 857 1914 915 sui.
1954 891 2035 898 —
2079 894 2161 900 —
2211 858 2466 921 Baebius
2531 860 2728 922 Macer
2781 865 2930 924 circa
2953 878 2977 918 ι

644 946 849 1006 boram
896 953 1167 1008 octauam
1214 947 1443 1010 stellam
1491 951 1932 1034 amplissimam,
1979 959 2151 1035 quasi
2197 957 2517 1035 lemnisciS,
2557 959 2740 1022 radiis
2776 979 2931 1022 com·

644 1051 840 1105 natam
880 1051 1070 1105 ortam
1110 1045 1269 1107 dicit.
1331 1065 1506 1126 quam
1545 1050 1788 1130 quidam
1827 1054 1900 1115 ad
1936 1054 2346 1117 illustrandam
2385 1057 2632 1136 gloriam
2671 1059 2933 1120 Caesaris

643 1144 881 1211 iuuenis
927 1145 1226 1222 pertinere
1276 1149 1708 1232 existimabant,
1754 1155 1882 1232 ipse
1930 1155 2186 1215 animam
2227 1157 2414 1234 patris
2453 1158 2546 1218 sui
2585 1176 2718 1218 esse
2755 1158 2936 1218 uoluit

643 1258 818 1336 eique
864 1259 926 1318 in
974 1257 1260 1337 Capitolio
1308 1260 1561 1315 statuam
1609 1271 1792 1334 super
1838 1261 2016 1332 caput
2060 1271 2301 1314 auream
2349 1254 2580 1315 stellam
2627 1255 2936 1317 habentem

641 1357 857 1434 posuit.
923 1357 1277 1435 inscriptum
1316 1357 1379 1415 in
1414 1354 1547 1415 basi
1591 1355 1728 1414 suit:
1777 1349 2091 1431 ‘Kalamos
2137 1346 2443 1437 vincti-{5122
2507 1353 2613 1414 sed
2643 1354 2936 1415 Vulcatius
2962 1371 3006 1411 ιο

645 1472 897 1534 aruspex
953 1455 1015 1515 in
1072 1456 1347 1515 contione
1405 1453 1553 1514 dixit
1608 1459 1880 1513 cometen
1935 1469 2093 1530 esse,
2149 1453 2254 1530 qui
2309 1453 2676 1530 significaret
2721 1455 2937 1514 exitum

643 1555 787 1613 noni
842 1553 1063 1614 saeculi
1119 1561 1179 1613 et
1232 1554 1569 1631 ingressum
1627 1550 1858 1611 decimi.
1934 1549 2040 1610 sed
2094 1549 2253 1629 quod
2300 1551 2506 1612 inuitis
2555 1549 2670 1612 diis
2718 1559 2938 1612 secreta

644 1669 846 1712 rerum
900 1653 1340 1731 pronuntiaret,
1396 1652 1594 1712 statim
1651 1667 1714 1710 se
1764 1667 1896 1708 esse
1941 1649 2316 1728 moriturum,
2364 1658 2424 1709 et
2469 1648 2734 1711 nondum
2785 1651 2937 1711 finita

644 1751 910 1809 oratione
966 1751 1027 1809 in
1083 1750 1211 1829 ipsa
1260 1751 1533 1809 contione
1592 1745 1868 1808 concidit.
1942 1746 2056 1806 boc
2111 1747 2290 1806 etiam
2336 1747 2636 1825 Augustus
2684 1751 2748 1808 in
2795 1747 2936 1808 libro

646 1847 907 1908 secundo
957 1847 1029 1908 de
1073 1849 1361 1908 memoria
1404 1848 1565 1907 uitae
1613 1864 1757 1907 suae
1804 1843 2147 1923 complexus
2195 1852 2300 1905 est.
2963 1860 3006 1900 ιε

498 1953 608 2032 st
824 1941 892 2008 6.
951 1947 1108 2007 Plut.
1148 1947 1314 2007 Dem.
1354 1954 1413 2007 et
1467 1946 1589 2006 Cic.
1629 1962 1895 2021 compar.
1925 1943 1969 2003 3
2024 1935 2118 2003 ‘H
2153 1934 2277 2020 μὲν
2322 1933 2448 2004 οὖν
2493 1939 2568 2004 ἐν
2613 1947 2704 2028 τῷ
2745 1941 2940 2023 δημη-

504 2041 607 2090 ⁷1⁰
646 2051 877 2124 γορεῖν
933 2038 1043 2104 καὶ
1098 2040 1571 2106 πολιτεύεσθαι
1623 2039 1904 2119 δύναμις
1950 2037 2210 2121 ὁμαλῶς
2255 2035 2655 2122 ἀμφοτέροις
2703 2041 2937 2120 [Demo-

642 2145 843 2204 stheni
900 2151 959 2204 et
1022 2141 1333 2220 Ciceroni]
1388 2136 1710 2221 ὑπῆρξεν,
1766 2138 1932 2201 ὥστε
1987 2133 2097 2200 καὶ
2152 2137 2310 2212 τοὺς
2363 2147 2502 2202 τῶν
2555 2136 2784 2202 ὅπλων
2833 2137 2938 2200 καὶ

644 2235 1114 2320 στρατοπέδων
1158 2241 1437 2322 κυρίους
1483 2238 1774 2318 δεῖσθαι,
1821 2233 2307 2319 Δημοσθένους
2351 2235 2476 2318 μὲν
2525 2236 2792 2319 Χάρητα
2835 2237 2936 2300 καὶ

642 2338 1029 2419 Διοπείθην
1101 2333 1211 2400 καὶ
1287 2334 1725 2419 Λεωσθένην,
1800 2331 2182 2418 Κικέρωνος
2256 2333 2332 2398 δὲ
2407 2334 2766 2417 Πομπήιον
2833 2329 2936 2398 καὶ
2961 2350 3008 2390 ¹⁰

649 2436 951 2515 Καίσαρα
1006 2433 1125 2499 τὸν
1179 2432 1357 2515 νέον,
1414 2431 1502 2510 ὡς
1548 2431 1748 2508 αὐτὸς
1793 2429 1829 2496 ὁ
1877 2434 2138 2514 Καῖσαρ
2185 2429 2261 2497 ἐν
2304 2440 2445 2507 τοῖς
2487 2431 2654 2514 πρὸς
2689 2429 2936 2517 Ἀγρίπ-

644 2553 780 2596 παν
824 2532 933 2596 καὶ
981 2533 1340 2614 Μαικήναν
1386 2531 1859 2616 ὑπομνήμασιν
1905 2535 2182 2615 εἴρηκεν.

500 2629 607 2708 fi
831 2627 897 2697 7.
946 2635 1105 2694 Plut.
1153 2634 1274 2695 Cic.
1314 2633 1399 2692 45
1474 2627 1649 2694 Ἐπεὶ
1718 2627 1774 2693 δ’
1815 2626 2158 2705 Ἀντώνιος
2212 2624 2333 2713 μὲν
2385 2629 2645 2712 ἥττητο,
2695 2637 2832 2692 τῶν
2875 2623 2966 2692 δ”

504 2721 603 2770 ⁷¹¹
642 2728 915 2793 ὑπάτων
961 2727 1356 2811 ἀμφοτέρων
1394 2725 1884 2793 ἀποθανόντων
1921 2727 1993 2792 ἐκ
2030 2737 2144 2810 τῆς
2180 2728 2386 2811 μάχης
2431 2727 2599 2807 πρὸς
2643 2729 2940 2810 Καίσαρα

644 2826 1058 2909 συνέστησαν
1106 2827 1181 2890 αἱ
1221 2826 1559 2909 δυνάμεις,
1606 2828 1883 2890 δείσασα
1921 2823 1980 2890 δ’
2024 2825 2065 2909 ἡ
2113 2827 2324 2910 βουλὴ
2369 2823 2529 2889 νέον
2575 2825 2790 2907 ἄνδρα
2831 2821 2937 2888 καὶ
2963 2841 3010 2880 ²⁵

824 3017 883 3073 4.
924 3018 983 3074 5.
1040 3019 1139 3074 Ex
1175 3021 1428 3090 Awyusto
1472 3019 1619 3075 Suet.
1654 3019 1803 3076 Caes.
1837 3023 1941 3074 88.-
1987 3017 2047 3070 in
2094 3018 2326 3072 deorum
2381 3034 2676 3072 numerum
2730 3017 2938 3072 relatus

643 3093 757 3158 est,
802 3107 916 3144 non
964 3105 1059 3144 ore
1095 3089 1263 3144 modo
1310 3089 1732 3146 decernentium
1768 3091 1866 3144 sed
1905 3092 1962 3144 et
1998 3088 2360 3159 persuasione
2396 3087 2570 3160 uolgi.
2627 3088 2676 3142 si
2714 3088 2938 3159 quidem

644 3161 821 3229 ludis,
859 3177 999 3229 quos
1036 3163 1245 3243 primos
1292 3166 1618 3244 consecrato
1657 3163 1710 3244 ei
1747 3163 1910 3216 heres
1941 3162 2235 3244 ‘August-:us
2272 3159 2702 3242 edebam-stella
2739 3161 2939 3215 crinita·

642 3238 1033 3385 ἒὲἔῶῖῗιξξῗθ
1056 3233 1628 3360 02ἒέἓὲἕὲαὲθὲεὲ
1633 3233 2281 3360 ¹33223112r¹3¹2¹⁸053f152
2317 3231 2675 3372 ἳὲἒέξὲἲῖᾜ
2717 3232 2938 3358 ἒὲῗῗὲ

646 3392 819 3429 causa
854 3374 1157 3429 simulacro
1198 3375 1319 3429 eius
1354 3375 1417 3428 in
1463 3379 1678 3431 uertice
1723 3376 1953 3431 additur
1998 3374 2180 3430 stella.
2241 3375 2325 3442 Of.
2353 3375 2557 3431 Seneca
2593 3382 2710 3430 nat.
2741 3380 2937 3444 quaesi.

657 3447 779 3501 VII
808 3451 895 3500 17.
954 3448 1104 3502 Plut.
1138 3448 1287 3502 Caes.
1318 3453 1404 3502 69.
1451 3449 1570 3503 Dio
1601 3450 1784 3504 XLV
1807 3453 1857 3514 7,
1877 3454 1926 3502 1.
1989 3447 2122 3502 Obse
2159 3490 2170 3500 .
2203 3452 2278 3501 68
2323 3444 2474 3501 ludis
2510 3445 2738 3500 Veneris
2766 3445 2940 3500 Gene-

644 3517 821 3584 tricis,
856 3535 998 3586 quos
1034 3535 1135 3588 pro
1175 3518 1416 3589 collegio
1453 3519 1607 3586 fecit,
1647 3520 1814 3575 stella
1852 3521 1989 3574 hora
2026 3536 2104 3571 un
2145 3516 2325 3572 ecima
2354 3517 2560 3572 crinita
2587 3517 2692 3572 sub
2723 3534 2783 3572 se
2823 3519 2940 3571 ten-

644 3589 844 3643 trionis
896 3589 1076 3643 sidere
1126 3592 1320 3643 exorta
1358 3591 1644 3645 conuertit:
1688 3592 1935 3646 omnium
1973 3589 2180 3644 oculos.
2237 3589 2390 3659 quod
2428 3589 2584 3644 sidus
2621 3589 2758 3658 quia
2817 3587 2938 3642 udis

644 3660 880 3716 Veneris
919 3660 1199 3731 apparuit,
1238 3661 1372 3716 diuo
1402 3661 1543 3717 Iulio
1581 3661 1804 3733 insigne
1843 3661 2046 3731 capitis
2093 3659 2408 3716 consecrari
2445 3659 2677 3730 placuit.
2739 3661 2941 3717 Gardt-

644 3733 855 3788 hausen
881 3734 1170 3804 Auqustua
1195 3735 1273 3788 II
1296 3741 1326 3788 1
1348 3751 1406 3803 p.
1430 3739 1503 3789 94
1518 3752 1593 3803 sq.
1647 3736 1776 3803 Ipse
1803 3735 1868 3789 de
1895 3751 1962 3789 ea
1987 3752 2046 3789 re
2072 3734 2158 3804 eyi
2183 3751 2319 3788 mus.
2338 3733 2514 3787 Rhen.
2531 3737 2605 3788 57
2625 3736 2816 3802 12:243
2833 3749 2938 3801 sqq.

646 3845 940 3852 ——u-——--——
983 3847 1125 3852 ——-

828 3913 898 3999 5,
948 3921 1005 3978 6.
1055 3923 1229 3996 quasi
1282 3921 1601 3990 lemniscis
1657 3921 1840 3982 radiis
1889 3922 1983 3981 uel
2027 3922 2204 3998 quasi
2253 3920 2550 3981 lemniscis
2597 3919 2697 3978 uel
2741 3921 2940 3979 fasciis

650 4010 820 4069 ‚Thilo
860 4011 1035 4085 quasi
1070 4009 1355 4070 lemnicas
1394 4014 1578 4070 caetis
1614 4011 1858 4070 Leman.
1897 4011 2069 4086 quasi
2105 4011 2471 4070 lemniscatis
2507 4010 2732 4069 Daniel
2768 4009 2944 4086 quasi

646 4097 833 4157 radiis
888 4099 1252 4158 lemniscatis
1299 4101 1586 4160 Heinsius
1644 4103 1818 4176 quasi
1871 4100 2168 4160 lemniscis
2214 4100 2552 4160 Masuioius
2752 4099 2810 4157 8.
2857 4099 2940 4155 in-

647 4189 820 4248 uenis
866 4187 1107 4248 Lemon.
1302 4191 1400 4249 10.
1449 4189 1764 4250 Vulcatius
1810 4191 2148 4250 Masuicius
2191 4189 2510 4250 uulcanius
2555 4187 2720 4247 Lem.

653 4277 751 4336 15.
801 4275 873 4336 de
920 4279 1204 4337 memoria
1255 4276 1647 4340 commotus
1691 4279 1883 4340 moria
1927 4271 2122 4340 Lem.²
2165 4279 2456 4339 memoria
2500 4267 2696 4337 Lem.¹¹
