3234 5034
931 374 1005 428 M.
1037 373 1518 429 SALVIDIENVS
1558 407 1625 417 -
1664 374 2032 430 ONESIMVS
2499 375 2627 439 153

327 541 702 621 crocodillos,
749 549 996 603 unctum
1042 541 1496 604 crocodillorum
1543 541 1835 622 adipibuS,
1880 551 2116 604 natasse
2153 551 2215 603 et
2249 542 2627 622 elephantum

327 642 558 702 rexisse
606 649 666 702 et
709 641 1128 721 hippopotamo
1175 639 1402 702 sedisse
1450 649 1511 702 et
1562 641 1868 703 sedentem
1922 641 2267 720 ingentibus
2322 643 2626 703 strutioni-

324 738 442 801 bns
487 747 730 801 uectum
778 758 912 801 esse
959 746 1019 801 et
1064 741 1233 820 quasi
1277 738 1578 802 uolitasse.

1123 972 1218 1045 Μ.
1275 971 1381 1046 SA
1392 969 1834 1045 LVIDIENI

512 1127 578 1194 l.
641 1134 781 1210 γορ.
821 1135 1072 1194 Satura.
1111 1134 1199 1194 10
1244 1132 1318 1195 Et
1363 1152 1498 1195 cum
1548 1151 1683 1194 eum
1725 1131 2258 1210 [Saturninum]
2296 1134 2629 1194 animarent

269 1249 295 1288 5
323 1231 424 1292 nel
473 1230 546 1292 ad
593 1233 778 1292 uitam
825 1231 922 1292 uel
961 1231 1034 1292 ad
1079 1233 1416 1311 imperium,
1453 1233 1556 1311 qui
1593 1221 1967 1296 amicuerunt
2005 1248 2343 1311 purpuram,
2380 1232 2443 1290 in
2482 1231 2627 1292 haec

325 1328 514 1391 uerba
545 1328 852 1391 disseruit:
893 1325 1192 1409 ‘Nescitis
1222 1331 1414 1409 amici,
1442 1329 1584 1409 quid
1615 1329 1753 1390 mali
1792 1330 1871 1390 sit
1896 1330 2207 1408 imperare.
2257 1327 2435 1408 gladii
2466 1337 2627 1390 saeta

324 1427 658 1508 pendentes
687 1426 1026 1489 ceruicibus
1053 1429 1366 1507 inminen't,
1396 1428 1600 1488 bastae
1629 1426 1909 1507 undique,
1936 1426 2201 1506 undique
2230 1427 2473 1506 spicula.
2511 1429 2629 1506 ipsi

326 1525 608 1588 custodes
657 1527 962 1606 timentur,
1009 1527 1125 1606 ipsi
1174 1527 1422 1587 comites
1462 1524 1873 1586 formidantur.
1922 1544 2041 1586 non
2078 1525 2252 1586 cibus
2298 1543 2407 1606 pro
2456 1525 2627 1586 uolu-

322 1631 506 1704 ptate,
561 1642 680 1684 non
735 1625 854 1685 iter
905 1642 1017 1704 pro
1073 1625 1440 1703 auctoritate,
1494 1643 1615 1685 non
1658 1623 1815 1686 bella
1859 1642 1969 1704 pro
2014 1623 2253 1703 iudicio,
2299 1642 2417 1685 non
2466 1642 2628 1684 arma

242 1745 294 1785 ιο
323 1741 435 1803 pro
502 1721 718 1784 studio.
792 1721 942 1783 adde
1015 1721 1173 1803 quod
1238 1725 1430 1785 omnis
1495 1730 1655 1783 aetas
1718 1723 1781 1783 in
1838 1723 2089 1802 imperio
2146 1721 2626 1802 reprehenditur:

323 1839 509 1882 senex
558 1827 652 1881 est
697 1817 1040 1901 quispiam?
1102 1820 1382 1883 inhabilis
1428 1820 1693 1904 uidetur3
1754 1817 2151 1882 adulescens?
2209 1828 2301 1882 est
2346 1821 2625 1882 furiosus.

321 1921 442 1980 iam
501 1917 646 1998 quid
701 1918 1014 1981 amabilem
1069 1918 1345 1982 omnibus
1391 1919 1651 1981 Probum
1707 1915 1883 1981 dico?
1956 1920 2053 1980 cui
2100 1937 2237 1982 cum
2286 1937 2379 1980 me
2428 1938 2625 1981 aemu-

323 2017 449 2078 lum
507 2035 640 2078 esse
697 2018 942 2097 cupitiS,
999 2019 1096 2079 cui
1152 2017 1343 2079 libens
1399 2017 1544 2078 cedo
1601 2025 1661 2078 et
1716 2019 1887 2079 cuius
1943 2017 2061 2079 dux
2118 2036 2249 2079 esse
2306 2019 2508 2098 cupio,
2562 2019 2626 2079 in

323 2117 746 2176 necessitatem
812 2116 1024 2176 mortis
1085 2134 1182 2177 me
1247 2117 1498 2178 trahitis,
1579 2115 1768 2177 habeo
1832 2115 2107 2177 solatium
2162 2117 2397 2177 mortis:
2463 2115 2624 2177 solus

241 2235 292 2276 ιε
319 2215 525 2294 perire
582 2231 702 2274 non
763 2210 1015 2293 potero.'
1089 2213 1162 2274 Μ.
1220 2213 1597 2276 Saluidienus
1653 2215 1805 2276 hanc
1858 2215 2045 2294 ipsius
2102 2216 2427 2276 orationem
2481 2233 2625 2275 uere

323 2311 512 2372 luisse
569 2310 730 2371 dicit.
816 2318 876 2372 et
931 2311 1044 2373 ruit
1099 2330 1164 2372 re
1221 2330 1362 2374 uera
1419 2331 1537 2373 non
1593 2331 1805 2393 parum
1860 2311 2173 2374 litteratus.
2256 2332 2391 2374 nam
2447 2322 2507 2373 et
2562 2314 2625 2372 in

321 2410 521 2470 Africa
586 2408 813 2470 rhetori
877 2427 1116 2490 operam
1183 2409 1452 2491 dederat,
1516 2409 1737 2473 Romae
1804 2411 2285 2492 frequentauerat
2347 2410 2624 2491 pergulas

321 2505 713 2588 magistrales.

1023 2701 1283 2776 FABII
1338 2702 1927 2778 CERYLLIANI

504 2856 568 2927 1.
631 2866 769 2942 Vop.
808 2865 947 2926 Car.
985 2865 1045 2940 4,
1074 2865 1118 2926 3
1164 2864 1281 2925 Sed
1326 2863 1542 2926 Fabius
1589 2863 1974 2946 CeryllianuS,
2021 2868 2123 2946 qui
2167 2873 2432 2946 tempora
2471 2866 2623 2946 Cari,

238 2986 291 3026 zo
320 2963 526 3025 Carini
573 2970 633 3024 et
679 2961 1025 3023 Numeriani
1072 2962 1460 3022 solertissime
1509 2971 1860 3042 persecutus
1908 2973 2015 3044 est,
2064 2963 2387 3043 [Carum]
2428 2982 2622 3043 neque

317 3061 542 3122 Romae
589 3059 696 3121 sed
734 3061 795 3120 iu
834 3059 1065 3138 illyrico
1103 3061 1368 3139 genitum
1419 3079 1610 3140 neque
1660 3061 1977 3124 Pannoniis
2016 3062 2119 3124 sed
2158 3063 2371 3123 Poenis
2409 3081 2620 3142 paren·

316 3159 481 3220 tibus
529 3157 753 3220 adserit
798 3166 1018 3218 natum.

965 3386 1362 3461 ONESIMI
1417 3389 1651 3462 VITA
1704 3389 1989 3464 PROBI

506 3543 571 3612 l.
632 3550 771 3627 γορ.
813 3551 991 3611 Proc.
1033 3549 1136 3624 13,
1176 3548 1214 3608 1
1272 3548 1382 3610 Hic
1429 3557 1627 3611 tamen
1676 3549 2029 3630 [Proculus]
2080 3571 2217 3614 cum
2264 3554 2438 3613 etiam
2485 3561 2621 3634 post

316 3650 578 3710 bonores
640 3647 930 3708 militares
985 3665 1050 3708 se
1105 3645 1354 3725 inprobe
1418 3646 1760 3728 libidinose,
1817 3655 2013 3710 tamen
2072 3650 2305 3711 fortiter
2364 3660 2620 3732 gereret,

501 3847 560 3905 2.
606 3843 1070 3921 hippopatamos
1107 3844 1197 3904 ed.
1227 3846 1284 3904 P
1305 3863 1409 3905 em.
1443 3845 1747 3907 Turnebus
1926 3847 2323 3908 strucionibus
2352 3849 2409 3906 P

505 3925 571 4012 1,
620 3935 678 3993 5.
726 3934 1110 4011 mugierunt
1134 3934 1194 3994 P
1215 3953 1319 3995 em
1352 3934 1602 3996 Gasaub.
1808 3937 1863 3996 6.
1911 3937 2127 4016 gladiis
2173 3941 2233 3996 et
2280 3957 2317 3997 a
2361 3939 2617 4014 penden-

315 4024 480 4084 tibus
509 4024 567 4081 P
796 4024 852 4081 9.
900 4021 1058 4082 inter
1083 4022 1143 4083 P
1408 4027 1438 4082 1
1453 4026 1507 4083 1.
1555 4024 1797 4084 additur
1848 4026 1942 4086 his
1989 4029 2052 4087 et
2093 4027 2293 4086 furore
2326 4029 2379 4085 P
2418 4027 2617 4088 adule-

316 4110 530 4173 scens?
576 4114 669 4171 est
715 4110 982 4171 furiosus
1017 4114 1228 4184 scripsi
1412 4115 1509 4171 12.
1557 4115 1656 4172 cui
1700 4117 2026 4175 momulum
2052 4109 2137 4174 Ρ1
2182 4118 2283 4175 cui
2327 4137 2423 4176 me
2469 4137 2615 4177 aem.

314 4204 376 4262 P
394 4220 544 4262 corr.
592 4219 728 4260 eum
774 4201 912 4260 add.
941 4199 1274 4261 Salmasius
1483 4204 1581 4261 17.
1630 4207 1885 4265 rectorio
1922 4207 1978 4263 P
2000 4224 2103 4266 em.
2131 4205 2440 4266 Baehrens

316 4293 857 4370 frequentauerant
900 4290 1154 4368 pergula
1198 4290 1562 4352 ministrales
1599 4293 1659 4350 P
1924 4286 1990 4374 l,
2041 4296 2138 4353 19.
2186 4295 2390 4355 fautus
2419 4290 2505 4355 P¹

503 4373 569 4459 l,
622 4381 722 4439 24.
769 4379 1061 4440 militares
1106 4397 1242 4438 eum
1289 4399 1350 4439 se
1387 4381 1445 4439 P
1614 4385 1848 4461 regeret
1883 4383 1942 4440 P
1960 4399 2109 4444 corr.
2140 4383 2444 4466 Baehrens

2664 1095 2785 1173 -.279

2665 1184 2802 1233 1032

2658 3529 2780 3606 380

2661 3603 2797 3666 loa-‘23‘
