3234 5034
634 347 721 412 90
1417 347 1880 404 BRVTTEDIVS
1917 348 2146 404 NIGER

634 535 781 597 quas
828 516 902 578 ob
950 517 1010 578 id
1058 516 1461 578 Memnonidas
1518 525 1751 579 uocant.
1842 517 1954 579 hoc
2009 515 2167 580 idem
2224 519 2430 597 quinto
2484 535 2720 597 quoque
2775 493 2922 578 anno

634 617 828 677 facere
884 633 983 677 eas
1040 617 1101 676 in
1146 616 1453 696 Aethiopia
1508 618 1668 678 circa
1725 617 1947 695 regiam
2001 614 2332 678 Memnonis
2387 615 2760 696 exploratum
2813 614 2924 676 sibi

634 714 974 775 Cremutius
1019 714 1215 776 tradit.

810 807 929 876 6³⁸.
978 815 1135 876 Ptin.
1182 834 1241 875 n.
1286 816 1344 875 h.
1390 813 1561 874 XVI
1598 813 1731 875 108
1786 813 2125 876 Cremutius
2189 821 2396 876 auctor
2459 821 2552 876 est
2604 831 2925 893 numquam

630 912 831 972 uirere
879 911 1167 990 arborem,
1216 931 1287 972 ex
1335 931 1449 992 qua
1494 911 1717 992 Phyllis
1764 931 1828 974 se
1877 911 2272 992 suspenderit.
2971 929 2994 970 ε

1070 1213 1595 1289 BRVTTEDII
1651 1215 1928 1288 NIGRI
1983 1215 2497 1290 HISTORIAE

815 1389 879 1458 1.
928 1398 1137 1456 Senec.
1172 1412 1336 1456 suas,
1375 1396 1433 1470 6,
1471 1395 1560 1456 20
1604 1395 1876 1458 Bruttedi
1913 1393 2108 1474 Nigri:
2154 1393 2430 1476 ‘Elapsus
2463 1396 2708 1456 interim
2747 1393 2924 1456 altera

631 1501 799 1574 parte
845 1492 1022 1554 uillae
1068 1492 1277 1555 Cicero
1324 1492 1533 1556 lectica
1576 1513 1689 1574 per
1733 1513 1906 1574 agros
1953 1493 2279 1576 ferebatur3
2337 1494 2442 1555 sed
2493 1501 2564 1554 ut
2617 1493 2774 1555 uidit
2828 1491 2924 1553 ad·

631 1593 1031 1672 propinquare
1076 1599 1281 1652 notum
1329 1589 1443 1652 sibi
1490 1592 1758 1673 militem,
1805 1591 2118 1672 Popillium
2155 1593 2413 1672 nomine,
2459 1609 2689 1653 memor
2727 1590 2923 1652 deren-

633 1709 765 1752 sum
812 1710 843 1752 a
892 1709 956 1750 se
1002 1689 1245 1751 laetiore
1290 1689 1461 1750 uultu
1508 1691 1752 1770 aspexit.
1821 1696 1880 1750 at
1923 1688 2024 1750 ille
2069 1688 2400 1751 uictoribus
2457 1686 2518 1749 id
2573 1690 2772 1768 ipsum
2817 1691 2924 1749 im·

632 1797 946 1869 putaturus
992 1796 1242 1867 occupat
1288 1789 1517 1850 facinus
1564 1796 1857 1869 caputque
1919 1788 2184 1849 decisum
2239 1786 2386 1847 nihil
2441 1787 2504 1847 in
2549 1785 2762 1848 ultimo
2809 1787 2923 1848 line
2949 1807 2998 1847 ιο

632 1888 791 1947 uitae
838 1887 1107 1947 facientis
1116 1931 1134 1964 ,
1182 1884 1337 1965 quod
1386 1886 1730 1948 alterutram
1776 1887 1840 1948 in
1885 1895 2114 1966 partem
2159 1893 2362 1965 posset
2406 1885 2626 1962 notari,
2672 1884 2924 1946 Antonio

633 1992 827 2064 portat
888 1982 1109 2046 oblitus
1172 2003 1236 2044 se
1302 1983 1474 2063 paulo
1530 1992 1666 2046 ante
1724 1983 2030 2046 defensum
2087 1984 2158 2046 ab
2213 1979 2358 2044 illo’.
2450 1981 2524 2044 Et
2581 1981 2679 2044 bic
2739 1983 2927 2044 uoluit

631 2085 811 2164 positi
854 2085 917 2144 in
966 2085 1177 2144 rostris
1216 2084 1425 2162 capitis
1464 2083 1863 2146 miserabilem
1901 2084 2113 2145 faciem
2153 2081 2510 2160 describere,
2557 2080 2666 2142 sed
2701 2083 2924 2161 magni-

508 2229 576 2278 43
632 2181 839 2244 tudine
887 2183 977 2242 rei
1022 2180 1269 2242 obrutus
1317 2189 1424 2243 est.

493 2301 592 2368 7‘1‘1
814 2275 880 2342 2.
932 2281 1139 2341 Serico.
1176 2298 1337 2341 suas,
1378 2281 1437 2358 6,
1477 2280 1559 2340 21
1608 2279 1882 2342 Bruttedi
1929 2280 2122 2360 Nigri:
2171 2280 2241 2341 Vt
2285 2298 2432 2340 uero
2482 2280 2650 2341 iussu
2687 2277 2924 2340 Antonii
2952 2297 2998 2339 ιε

635 2381 793 2441 inter
840 2378 984 2442 duas
1030 2397 1239 2440 manus
1284 2381 1543 2458 positum
1588 2380 1654 2438 in
1703 2381 1912 2440 rostris
1969 2387 2144 2460 caput
2198 2385 2583 2459 conspectum
2637 2385 2757 2456 est,
2813 2395 2924 2458 quo

633 2478 849 2540 totiens
903 2477 1167 2538 auditum
1225 2485 1351 2538 erat
1406 2475 1559 2558 loco,
1628 2477 1792 2539 datae
1859 2479 2082 2558 gemitu
2139 2485 2200 2540 et
2253 2478 2396 2538 fletu
2453 2476 2742 2537 maximae
2797 2477 2925 2536 uiro

632 2578 905 2654 inseriae,
962 2594 1073 2637 nec
1131 2583 1200 2636 ut
1254 2575 1405 2637 solet
1458 2577 1646 2637 uitam
1703 2575 1956 2656 depositi
2011 2578 2074 2637 in
2132 2579 2346 2638 rostris
2405 2575 2672 2655 corporis
2730 2574 2924 2636 contio

632 2675 861 2737 audiuit
908 2674 1011 2735 sed
1058 2675 1187 2754 ipsa
1232 2676 1515 2736 narrauit.
1574 2673 1734 2735 nulla
1781 2693 1896 2736 non
1948 2694 2084 2754 pars
2129 2675 2244 2736 sori
2291 2675 2485 2756 aliquo
2541 2673 2793 2734 actionis
2839 2674 2924 2733 in·

633 2774 822 2834 clutae
870 2773 1095 2852 signata
1144 2774 1396 2852 uestigio
1444 2781 1589 2852 erat,
1636 2791 1810 2834 nemo
1848 2792 1966 2834 non
2005 2773 2240 2854 aliquod
2279 2775 2407 2835 eius
2445 2775 2506 2833 in
2547 2791 2610 2833 se
2647 2773 2924 2832 meritum
2951 2789 2998 2830 ευ

488 1354 595 1432 ΞΒ-

491 1443 590 1492 711

811 2980 870 3036 6.
924 2981 1044 3036 Alii
1083 2981 1259 3048 (Seru.
1300 2981 1363 3035 in
1400 2982 1537 3036 Aen.
1576 2982 1668 3036 ecl.
1709 2985 1880 3048 5,10,
1926 2982 1996 3038 H
2025 2983 2139 3052 yin.
2177 2981 2291 3048 fab.
2323 2985 2418 3050 52)
2476 2981 2724 3038 arborem
2775 2981 2927 3048 foliis

624 3070 1045 3195 &gazaz-tarr
1046 3059 1300 3119 auorum,
1346 3051 1477 3108 dum
1514 3053 1872 3121 Demophoon
1908 3054 1963 3108 A
2093 3069 2140 3108 ιε
2183 3051 2383 3108 rediret
2428 3052 2778 3122 arboremque
2813 3070 2923 3108 am-

814 3205 874 3261 1.
911 3205 1175 3261 Similiter
1218 3205 1485 3259 declamat
1532 3205 1785 3260 Valerius
1831 3179 1992 3260 Max.
2036 3205 2087 3258 V
2117 3209 2170 3271 3,
2199 3211 2248 3260 4.
2305 3205 2374 3270 cf.
2409 3205 2654 3274 Appian
2685 3205 2733 3260 b.
2763 3222 2808 3260 c.
2839 3205 2934 3258 IV

635 3283 798 3346 198q.
842 3277 990 3334 Cass.
1020 3277 1137 3332 Dio
1174 3281 1447 3344 47,11,1
1468 3293 1545 3346 oq.
1584 3277 1859 3332 dexteram
1897 3283 2078 3332 tamen
2115 3283 2392 3332 tantuma
2425 3277 2666 3346 Popillio
2695 3275 2926 3332 Romam

634 3349 873 3404 delatam
910 3365 1017 3404 esee
1050 3349 1313 3416 referunt.

817 3544 883 3630 l,
924 3552 978 3609 6.
1027 3551 1261 3613 brotedi
1288 3551 1527 3627 A(ntu.)
1557 3551 1807 3629 Βάκι.)
1839 3552 2024 3627 wat.)
2061 3551 2286 3612 brotidi
2313 3552 2428 3626 D(
2441 3580 2506 3600 ·=
2538 3553 2925 3626 BmweaJI)

634 3644 785 3702 niori
811 3641 870 3700 A
890 3643 952 3701 Β
1088 3643 1146 3702 8.
1194 3642 1484 3719 popilium
1530 3643 1692 3702 codd.
1833 3646 1888 3702 9.
1938 3642 2098 3702 uicto
2143 3641 2472 3704 uictoribus
2519 3641 2578 3702 A
2607 3661 2662 3702 a.
2691 3659 2841 3703 oorr.

640 3735 739 3792 13.
787 3731 1230 3808 magnitudines
1259 3730 1318 3790 A

813 3815 879 3900 2,
932 3823 1029 3880 15.
1084 3821 1361 3880 Bruttedi
1408 3821 1585 3898 Nigri
1630 3824 1797 3881 uncis
1843 3822 2320 3881 circumscribunt
2364 3822 2644 3882 Muelleri
2695 3821 2929 3881 brotedi

635 3911 795 3972 codd.
954 3908 1033 3969 16
1083 3910 1241 3988 quod
1270 3911 1331 3968 D
1488 3913 1586 3968 17.
1635 3908 1839 3986 datae]
1873 3911 2069 3970 Faber
2114 3909 2256 3969 dato
2283 3910 2342 3969 A
2364 3910 2424 3969 Β
2448 3912 2503 3971 V
2541 3909 2749 3970 sedato
2778 3912 2841 3969 D

634 4003 893 4060 maximo
938 3999 1071 4060 uiro
1107 4000 1304 4060 Faber
1348 4001 1467 4058 uiri
1502 4000 1664 4059 codd.
1840 4001 1939 4059 18.
1985 3997 2202 4076 uitam]
2247 3999 2590 4076 Schuztinqh
2633 4000 2722 4060 ita
2769 4000 2925 4059 codd.

636 4090 842 4149 laudes
874 4089 1048 4150 Gertz
1188 4093 1285 4149 19.
1334 4085 1597 4164 audiuit]
1639 4091 1748 4147 aut
1781 4088 2002 4149 diuidit
2029 4088 2084 4147 A
2102 4088 2162 4147 Β
2207 4085 2370 4149 claro
2406 4089 2633 4167 gemitu
2679 4093 2744 4148 et
2785 4089 2928 4149 fletu

636 4181 896 4238 maximo
932 4180 1065 4254 pias
1092 4178 1337 4238 inferias
1372 4197 1512 4253 non,
1554 4180 1628 4237 ut
1663 4178 1832 4254 solet,
1875 4181 1988 4237 rite
2027 4178 2283 4255 depositi
2319 4181 2382 4238 in
2418 4178 2627 4239 rostris
2665 4181 2926 4256 eorporis

636 4271 837 4328 contio
882 4267 1119 4327 audiuit
1150 4267 1408 4328 Gronou.
1552 4269 1682 4343 ipse
1716 4259 1814 4325 D¹
1951 4267 2152 4344 aliquo
2185 4260 2271 4326 B²
2285 4261 2438 4327 V²D
2485 4267 2685 4344 alique
2713 4267 2774 4327 A
2821 4268 2927 4327 ali·

637 4378 789 4434 quae
818 4350 904 4418 B¹
951 4358 1157 4433 aliqua
1197 4359 1251 4418 V
1420 4357 1628 4416 indute
1657 4355 1716 4414 A
1760 4357 2006 4417 inclitae
2031 4347 2262 4417 B⁹VD
