3234 5034
693 379 1129 436 SCRIPTORES
1168 380 1475 435 AETA'I'IS
1513 379 1804 435 OMNINO
1842 379 2210 434 INCERTAE
2387 383 2628 432 ccvml

323 552 530 610 adnot.
569 551 777 611 Gesch.
809 550 949 610 Litt.
982 549 1139 626 Hp.
1173 549 1301 608 172
1328 551 1463 627 sq),
1502 549 1613 609 etsi
1651 566 1868 609 nomen
1907 547 2146 609 diuerso
2184 550 2300 610 iam
2335 548 2407 610 ab
2446 551 2630 611 inter-

318 647 595 728 pretibus
622 647 867 709 Eusebii
905 655 1251 727 corruptum
1290 656 1397 725 est,
1435 646 1507 706 ab
1546 646 1824 707 Armenio
1863 647 1924 707 in
1954 645 2263 726 Brettium,
2294 665 2326 707 a
2357 647 2528 726 Syrio
2565 650 2630 708 in

323 744 635 824 Burtnum,
673 754 799 806 tum
838 764 871 804 a
910 743 1113 804 Malaia
1154 747 1214 804 in
1243 744 1503 805 Bottium
1540 744 1637 804 uel
1667 744 1949 805 Buttium.
2017 744 2273 805 eundem
2312 755 2527 823 autem,
2565 745 2628 805 id

322 842 483 922 quod
513 842 737 904 dudum
766 851 1147 922 perspectum
1178 850 1285 921 est,
1314 842 1609 904 Eusebius
1643 845 1704 903 in
1735 842 1982 903 historia
2012 841 2414 903 ecclesiastiea
2443 846 2625 922 signi·

324 943 528 1003 fioauit
564 943 709 1015 (III
738 939 873 1020 18),
908 940 1015 1003 ubi
1050 940 1196 1002 haec
1234 943 1363 1002 eius
1400 940 1585 1002 uerba
1628 949 1792 1001 sunt:
1838 940 1961 1014 Εἰς
2005 947 2330 1003 τοσοῦτον
2379 933 2452 1002 δὲ
2499 937 2626 1024 ἄρα

320 1037 487 1101 κατὰ
559 1038 718 1112 τοὺς
792 1035 1247 1120 δηλουμένους
1312 1034 1379 1120 [i.
1427 1059 1475 1101 e.
1520 1041 1633 1100 sub
1690 1035 1956 1120 Flauiis]
2009 1035 2056 1118 ἡ
2132 1044 2247 1119 τῆς
2318 1035 2633 1122 ἡμετέρας

320 1137 606 1211 πίστεως
652 1133 968 1217 διέλαμπε
1016 1135 1435 1216 διδασκαλία,
1483 1133 1573 1210 ὡς
1617 1131 1728 1198 καὶ
1777 1137 1935 1211 τοὺς
1982 1135 2242 1199 ἄποθεν
2297 1143 2418 1199 τοῦ
2465 1133 2624 1200 καθ’

322 1233 493 1316 ἡμᾶς
548 1233 757 1314 λόγου
812 1243 1223 1316 συγγραφεῖς
1269 1233 1357 1315 μὴ
1413 1230 1784 1315 ἀποκυῆσαι
1839 1243 1982 1308 ταῖς
2037 1233 2260 1297 αὐτῶν
2308 1233 2632 1315 ἱστορίαις

322 1333 447 1396 τόν
481 1353 553 1396 τε
599 1331 897 1413 διωγμὸν
940 1328 1049 1394 καὶ
1097 1331 1177 1394 τὰ
1224 1328 1299 1394 ἐν
1344 1330 1519 1416 αὐτῷ
1566 1330 1898 1416 μαρτύρια
1951 1331 2398 1415 παραδοῦναι,
2444 1332 2516 1396 οἴ
2556 1353 2632 1415 γε

322 1431 433 1493 καὶ
486 1430 607 1494 τὸν
665 1428 903 1512 καιρὸν
958 1427 1057 1493 ἐπ’
1113 1423 1378 1512 ἀκριβὲς
1422 1427 1938 1512 ἐπεσημήναντο,
1995 1427 2070 1494 ἐν
2122 1425 2252 1493 ἔτει
2299 1450 2634 1495 πεντεκαι-

324 1527 578 1614 δεκάτῳ
651 1533 1073 1611 Δομετιανοῦ
1147 1527 1307 1609 μετὰ
1377 1527 1710 1591 πλείστων
1783 1523 2026 1610 ἑτέρων
2097 1528 2207 1590 καὶ
2285 1531 2636 1593 Φλαουίαν

324 1627 749 1708 Δομετίλλαν
814 1626 1308 1708 ἱστορήσαντες,
1374 1621 1439 1700 ἐξ
1502 1623 1795 1707 ἀδελφῆς
1857 1635 2219 1706 γεγονυῖαν
2289 1629 2634 1691 Φλαουίου

326 1726 736 1808 Κλήμεντος,
792 1721 939 1800 ἑνὸς
991 1733 1129 1788 τῶν
1182 1723 1494 1805 τηνικάδε
1553 1721 1661 1787 ἐπὶ
1710 1719 1955 1806 Ῥώμης
2011 1724 2310 1805 ὑπάτων,
2370 1733 2487 1807 τῆς
2542 1725 2636 1801 εἰς

326 1823 621 1904 Χριστὸν
667 1825 1032 1907 μαρτυρίας
1080 1820 1305 1886 ἕνεκεν
1352 1823 1446 1897 εἰς
1489 1831 1702 1903 νῆσον
1753 1823 2056 1886 Ποντίαν
2101 1823 2265 1885 κατὰ
2310 1825 2635 1907 τιμωρίαν

326 1921 653 1986 δεδόσθαι
691 1923 799 2001 (cf.
832 1923 918 2001 fr.
956 1924 1046 1997 3).
1122 1924 1286 2002 atqui
1332 1921 1584 2001 MalalaS,
1634 1924 1737 2002 qui
1784 1921 2113 1983 secundum
2153 1921 2631 1984 Gutsohmidium

326 2022 475 2084 {ulio
523 2023 800 2083 Africano
846 2040 993 2082 usus
1040 2029 1151 2101 est,
1198 2029 1258 2083 et
1293 2019 1441 2082 illud
1479 2023 1829 2100 martyrium
1869 2021 1942 2082 ad
1978 2020 2235 2082 eundem
2275 2024 2631 2100 scriptorem

326 2115 481 2205 (τὸν
511 2117 904 2202 σοφώτατον
934 2117 1282 2199 Βούττιον,
1314 2117 1652 2198 ἱστορικὸν
1678 2116 2150 2200 χρονογράφον
2183 2121 2267 2196 [ν.
2300 2115 2370 2204 1)
2403 2121 2631 2181 rettulit

325 2229 387 2280 et
417 2219 677 2280 Bottium
708 2211 1132 2301 (σοφώτατον
1162 2218 1249 2296 fr.
1271 2218 1329 2295 2,
1357 2215 1478 2280 τὸν
1515 2217 1732 2299 σοφὸν
1763 2214 2232 2298 χρονογράφον
2265 2218 2350 2296 fr.
2381 2219 2425 2278 3
2454 2214 2628 2304 adn.)

326 2317 556 2378 Danaes
596 2325 867 2397 stuprum
910 2314 1233 2377 Euhemeri
1270 2318 1497 2378 ratione
1537 2315 1930 2396 explicantem
1969 2317 2110 2376 fecit
2139 2315 2245 2393 (fr.
2278 2317 2348 2392 1)
2387 2317 2633 2378 Alexan-

326 2415 624 2495 drumque
661 2423 727 2476 ut
764 2417 947 2475 totius
986 2413 1147 2475 orbis
1184 2422 1482 2475 terrarum
1519 2413 1900 2474 liberatorem
1927 2413 2371 2493 praedicantem
2403 2417 2520 2492 (fr.
2543 2417 2632 2490 2).

326 2512 545 2594 quibus
594 2512 833 2593 quidem
882 2513 1245 2592 fragmentiS‚
1293 2511 1451 2592 quod
1497 2511 1792 2573 Eusebius
1841 2531 1872 2572 a
1919 2511 2035 2573 fide
2092 2512 2409 2574 christiana
2459 2514 2632 2576 Brut-

211 2673 219 2680 ,
326 2615 476 2673 tium
525 2611 907 2672 abhorruisse
968 2609 1131 2688 dixit,
1188 2611 1530 2671 confirmari
1581 2610 1840 2670 uidetur.
1908 2621 1966 2671 at
2019 2628 2166 2671 uero
2234 2610 2632 2691 discrepantia

327 2717 814 2789 argumentorum
870 2716 1029 2769 tanta
1087 2716 1202 2787 est,
1257 2717 1325 2769 ut
1382 2714 1540 2768 recte
1598 2706 1828 2768 Gelzeri
1886 2706 2312 2768 dubitationem
2379 2713 2635 2772 mouerit

329 2811 475 2883 (Iul.
518 2809 871 2886 Afri0.1p.
903 2806 1033 2866 282
1061 2811 1196 2884 sq),
1243 2808 1347 2886 qui
1394 2807 1489 2886 pia
1537 2805 1744 2867 fraude
1791 2805 1938 2867 illud
1985 2824 2133 2885 opus
2181 2806 2399 2868 Bruttii
2445 2812 2633 2870 nomi-

326 2909 423 2968 nis
478 2904 787 2967 nobilitate
844 2903 1321 2965 commendatum
1377 2923 1409 2964 a
1456 2904 1783 2965 christiano
1838 2903 2034 2983 aliquo
2093 2906 2296 2966 fictum
2353 2926 2485 2967 esse
2534 2927 2631 2968 su-

327 3009 595 3086 spicatus
633 3011 741 3083 est,
778 3002 1102 3064 Eusebium
1142 3011 1339 3063 tamen
1376 3008 1553 3081 atque
1592 3000 1805 3062 lulium
1845 3002 2188 3063 Africanum
2226 3002 2325 3064 uel
2364 3002 2630 3067 Malalam

326 3123 437 3164 nos
494 3102 700 3164 fallere
756 3101 1017 3162 noluisse
1075 3101 1179 3161 sed
1237 3103 1397 3179 ipsos
1453 3119 1589 3161 cum
1647 3100 1792 3160 alias
1849 3109 1975 3160 tum
2024 3100 2122 3160 hie
2171 3099 2450 3182 deceptos
2498 3121 2632 3164 esse

328 3194 711 3284 concessitst)

511 3429 563 3494 1)
600 3423 757 3479 Haeo
802 3425 1127 3479 coniectura.
1171 3423 1312 3478 mihi
1357 3425 1538 3493 magis
1582 3424 1774 3478 arrisit
1811 3441 1978 3492 quam
2019 3423 2272 3479 Bourieri
2310 3426 2509 3494 (Ueber
2544 3428 2634 3481 die

332 3507 557 3577 Quenen
603 3505 701 3559 der
744 3511 918 3560 ersten
963 3509 1032 3558 14
1072 3506 1291 3560 Biclcher
1337 3504 1429 3559 des
1473 3503 1595 3558 Joh.
1639 3506 1906 3560 Matala&
1971 3503 2162 3575 Progr.
2195 3505 2405 3575 Augsb.
2439 3505 2628 3576 Steph.

330 3593 469 3641 1900
508 3605 562 3656 p.
593 3590 662 3639 44
683 3589 827 3654 sqq.)
865 3585 921 3637 in
961 3584 1028 3639 fri
1062 3591 1089 3638 1
1129 3601 1231 3656 pro
1272 3585 1465 3639 Buttio
1503 3583 1772 3638 Ouidium
1819 3583 2229 3654 interponentis
2267 3585 2416 3654 (coll.
2459 3603 2629 3642 amor.

326 3667 401 3722 ΠΙ
440 3673 493 3732 8,
524 3673 555 3720 2
586 3668 749 3734 sqq).
780 3697 841 3706 —-
883 3664 1245 3720 Bruniehii
1298 3664 1566 3732 quoniam
1604 3663 1821 3720 Teuffel
1858 3665 1919 3718 in
1957 3665 2086 3718 hist.
2117 3665 2228 3720 litt.
2263 3665 2450 3720 Rom.⁶
2477 3685 2532 3736 p.
2563 3671 2630 3720 64

328 3749 675 3803 mentionem
699 3745 855 3813 fecit,
883 3762 997 3799 non
1025 3746 1253 3800 omnino
1282 3745 1555 3799 omitt-am.
1605 3745 1808 3798 nititur
1845 3745 1966 3799 sola.
2006 3745 2250 3800 Malalae
2291 3746 2630 3802 auctoritate

330 3827 451 3897 (Vn
488 3845 543 3897 p.
584 3832 678 3880 187
710 3825 817 3896 D.),
864 3825 961 3894 qui
1008 3829 1310 3897 postquam
1356 3827 1551 3894 inepta
1596 3825 1918 3879 narratione
1966 3825 2320 3893 diuersisque
2363 3825 2532 3880 rebus
2575 3829 2634 3880 et

328 3907 653 3962 hominibus
698 3906 892 3960 mixtis
931 3924 965 3960 a
1006 3893 1353 3960 ‘Manlionffi’
1397 3909 1455 3960 et
1491 3905 1781 3960 Februarii
1821 3908 2141 3960 senatorum
2180 3907 2484 3960 certamine
2523 3908 2631 3961 ori—

328 3988 517 4060 ginem
566 3987 739 4042 moris
786 3985 1027 4040 alieuius
1064 3987 1293 4056 repetiit
1328 3989 1417 4055 (ex
1446 4003 1511 4040 eo
1541 3985 1738 4056 Georg.
1775 3985 2084 4040 Credrenus
2111 3987 2136 4039 I
2165 4005 2217 4056 p.
2247 3991 2348 4039 ⁶263
2380 3987 2522 4058 Bk),
2551 3989 2630 4042 sie

330 4068 645 4123 concludit:
686 4066 823 4136 ὅπερ
860 4065 1073 4138 γίνεται
1113 4065 1215 4131 ἕως
1250 4075 1349 4136 τῆς
1384 4075 1487 4121 νῦν
1526 4067 1605 4130 εἰς
1639 4065 1876 4134 ἑκάστην
1903 4064 2068 4121 πόλιν
2087 4064 2390 4136 Ῥωμαίων.
2431 4067 2631 4136 ἥντινα

332 4147 561 4204 ἔκθεσιν
588 4145 765 4218 ηὗρον
796 4147 857 4202 ἐν
883 4145 1260 4218 Θεσσαλονίκῃ
1292 4147 1471 4202 πόλει·
1510 4147 1607 4200 καὶ
1636 4146 1920 4214 ἀναγνοὺς
1945 4143 2121 4214 ηὗρον
2150 4144 2631 4217 ἐπιγεγραμμένην

330 4229 429 4298 τὴν
468 4227 687 4300 βίβλον·
732 4224 1019 4290 εἜτιθεσις
1058 4225 1390 4296 Βρουνιχίου
1419 4224 1693 4294 Ῥωμαίου
1729 4225 2169 4297 χρονογράφου’.
2236 4226 2341 4280 hoo
2378 4227 2631 4282 testimo-

330 4308 485 4362 nium
532 4307 793 4364 Niebuhr
830 4308 1021 4378 magni
1060 4307 1387 4361 aestimauit
1422 4306 1587 4376 (Hist.
1618 4307 1776 4360 Rom.
1799 4305 1876 4358 11²
1903 4325 1958 4376 p.
1991 4312 2093 4362 688
2123 4309 2243 4376 aq.)‚
2284 4308 2391 4361 etsi
2427 4323 2628 4361 nomen

332 4387 597 4443 Getieum
642 4405 757 4442 non
800 4387 1116 4442 Romanum
1172 4403 1291 4442 esse
1348 4387 1509 4454 dixit,
1558 4389 1757 4441 eontra.
1802 4385 1998 4440 Gelzer
2043 4387 2164 4458 (Iul.
2205 4387 2318 4442 Afr.
2357 4388 2382 4440 Ι
2418 4407 2471 4458 p.
2504 4392 2628 4457 229)

437 4497 559 4538 nint.
590 4497 719 4538 nom.
749 4498 828 4536 τοι.
848 4497 910 4547 11,
938 4497 1007 4536 od.
1036 4497 1170 4537 Pete
1182 4508 1217 4536 r.
2051 4475 2202 4529 XIIII
