3234 5034
638 356 979 405 chxxxxn
1140 352 1238 405 DE
1277 350 1741 407 SORIPTORVM
1779 346 1968 405 VITIS
2005 349 2101 404 ΕΤ
2140 348 2455 405 SORJPTIS

639 520 993 600 repudietur
1030 520 1148 597 (fr.
1187 521 1276 599 1),
1324 536 1620 598 nusquam
1665 520 1729 579 in
1775 519 1907 598 ipsa
1951 520 2102 598 uita,
2150 535 2328 597 quem
2366 516 2442 578 ad
2478 516 2722 578 modum
2770 518 2944 579 etiam

638 618 1030 697 HerodianuS,
1087 620 1258 679 cuius
1314 636 1462 678 usus
1518 616 1675 695 apud
1732 614 2133 696 Capitolinum
2188 616 2521 694 posteriore
2576 632 2757 694 opera
2810 632 2947 675 con-

637 718 882 795 tinetur,
927 718 1048 777 nisi
1093 717 1155 777 in
1202 724 1370 795 parte
1417 714 1671 795 quadam
1721 712 1991 776 eiusdem
2046 713 2207 773 uitae
2249 710 2551 773 adbibitus
2596 711 2670 772 ab
2724 730 2794 774 eo
2832 730 2948 773 non

639 822 734 877 est
778 816 925 889 (Die
955 815 1179 891 Script.
1198 816 1256 875 Ῑι.
1278 817 1350 875 Α.
1368 832 1436 891 p.
1459 814 1547 873 76
1570 830 1659 889 sq.
1691 811 1880 893 148);
1920 809 2134 891 quodsi
2180 810 2335 870 hanc
2382 818 2611 889 partem
2650 809 2762 871 sub
2800 808 2949 870 Con-

641 914 902 974 stantino
949 911 1020 973 ab
1069 930 1138 973 eo
1185 914 1470 972 insertam
1510 928 1644 971 esse
1683 918 1847 972 recte
1886 908 2312 986 demonstraui,
2350 907 2532 969 Cordi
2568 910 2951 986 mentionem,

639 1030 756 1091 qua
801 1012 1022 1071 omissa
1067 1009 1220 1071 nibil
1267 1008 1668 1086 desideratur,
1724 1010 1789 1068 in
1835 1008 2257 1069 retractatione
2302 1007 2464 1067 uitae
2512 1004 2773 1066 additam
2820 1024 2951 1067 esse

638 1110 772 1170 ueri
817 1107 1184 1169 simillimum
1233 1113 1342 1168 est.
1355 1100 1408 1191 l)

821 1204 939 1266 Sed
1003 1207 1245 1266 omnino
1309 1204 1463 1265 hanc
1526 1221 1769 1283 operam
1834 1202 2225 1283 perderemus
2233 1249 2251 1282 ,
2318 1204 2368 1263 si
2426 1203 2561 1263 iure
2622 1200 2953 1263 Mommsen

644 1306 877 1378 (Herm.
917 1304 1006 1365 25
1040 1322 1108 1381 p.
1148 1303 1277 1363 271
1306 1304 1425 1379 sq.)
1481 1300 1743 1363 Cordum
1804 1301 1876 1363 ad
1940 1302 2172 1362 inferos
2238 1300 2596 1362 damnasset.
2670 1303 2957 1362 excitauit

642 1408 842 1461 tamen
871 1418 1006 1461 eum
1035 1399 1215 1461 Klebs
1232 1402 1335 1473 (m.
1357 1401 1552 1461 Rhea.
1572 1400 1663 1459 47
1684 1418 1745 1476 p.
1766 1400 1850 1462 21
1872 1418 1958 1477 sq.
1988 1401 2114 1461 uid.
2136 1400 2254 1461 Die
2282 1400 2417 1461 Ser.
2436 1402 2494 1461 h.
2517 1399 2590 1461 A.
2598 1418 2665 1476 p.
2686 1400 2821 1460 237
2838 1401 2953 1475 sq.)

643 1498 1024 1578 reddiditque
1069 1499 1266 1559 locum
1315 1516 1490 1559 suum
1536 1499 1699 1558 inter
1744 1508 2019 1559 auctores
2058 1496 2372 1576 Capitolini
2416 1496 2530 1557 sub
2566 1496 2955 1559 Constantino

644 1595 718 1657 ad
772 1598 930 1658 uitas
987 1595 1338 1657 scribendas
1393 1595 1702 1657 redeuntis
1711 1642 1729 1676 ,
1786 1598 1947 1657 inter
2002 1614 2152 1675 quos
2205 1597 2312 1675 qui
2366 1596 2640 1674 primarii
2696 1596 2956 1675 fuerunt,

644 1693 872 1755 eisdem
917 1693 1286 1774 temporibus
1331 1694 1558 1755 uixisse
1614 1693 1917 1755 uidentur.
1994 1695 2213 1773 quippe
2260 1692 2597 1755 Herodiano
2644 1693 2819 1773 paulo
2866 1696 2959 1754 in·

645 1792 830 1853 ferior
875 1790 1104 1854 Cordus
1161 1792 1274 1852 fuit
1329 1800 1390 1853 et
1443 1800 1512 1853 ut
1563 1791 1666 1853 ille
1714 1794 1777 1853 in
1823 1791 2079 1853 Maximo
2126 1798 2187 1852 et
2230 1790 2478 1852 Balbino
2528 1783 2609 1874 (a.
2648 1786 2829 1875 238),
2876 1794 2961 1852 ita

645 1891 774 1969 ipse
819 1891 884 1950 in
932 1888 1230 1951 Gordiano
1275 1891 1454 1965 tertio
1501 1883 1584 1973 (a.
1624 1884 1786 1975 244)
1837 1890 2029 1968 desiit,
2076 1898 2145 1951 ut
2190 1889 2399 1951 eadem
2446 1892 2597 1951 ratio
2644 1892 2803 1951 inter
2848 1889 2959 1950 hos

645 1990 1078 2068 intercesserit,
1123 2006 1276 2068 quae
1321 1990 1482 2050 inter
1515 1988 1767 2049 Dionem
1814 1995 1875 2049 et
1909 1987 2161 2049 Marium
2198 1986 2537 2049 Maximum.
2596 1986 2753 2048 uidit
2794 1990 2959 2049 enim

646 2094 870 2148 mortes
916 2084 1325 2167 Philipporum
1373 2086 1480 2163 (fr.
1512 2087 1629 2161 24)
1685 2105 1735 2147 a.
1774 2079 1990 2170 249.¹)

827 2182 1156 2246 Consilium
1213 2192 1409 2246 autem
1467 2182 1647 2245 Cordi
1702 2186 1767 2245 in
1824 2202 1892 2245 ea
1949 2202 2015 2244 re
2070 2201 2209 2244 cum
2263 2182 2449 2244 Mario
2505 2183 2755 2244 Maximo
2818 2202 2961 2244 con·

649 2281 962 2361 sentiebat,
1009 2281 1166 2361 quod
1213 2284 1433 2344 seriem
1481 2280 1778 2362 quandam
1833 2283 2173 2361 principum
2220 2298 2400 2361 opere
2448 2300 2557 2342 suo
2604 2281 2960 2360 complecte-

647 2378 849 2459 batur,
906 2398 1026 2440 non
1081 2398 1302 2459 paucos
1356 2379 1647 2459 quosdam
1703 2379 2029 2440 aulicorum
2088 2380 2344 2460 ratione3
2402 2378 2737 2459 differebat,
2796 2377 2963 2458 quod

648 2476 815 2539 illum
864 2496 982 2538 non
1030 2496 1222 2557 usque
1268 2477 1343 2538 ad
1389 2494 1560 2539 suam
1607 2485 1861 2538 aetatem
1898 2476 2299 2556 continuabat,
2346 2477 2454 2539 sed
2492 2478 2771 2556 quoniam
2810 2486 2961 2539 tem·

649 2578 814 2655 poris
871 2577 1130 2654 spatium
1185 2573 1434 2636 breuius
1490 2581 1620 2636 erat
1675 2593 1853 2654 quam
1906 2584 1975 2635 ut
2036 2574 2205 2635 illum
2268 2573 2641 2636 uoluminum
2708 2594 2963 2637 numero

650 2680 950 2752 aequaret,
999 2690 1134 2734 cum
1173 2672 1394 2734 Marius
1431 2671 1723 2734 Maximus
1770 2675 2161 2751 imperatores
2207 2680 2436 2733 tantum
2481 2674 2743 2752 propriis
2788 2671 2964 2735 libris

651 2773 1024 2850 intexuisset,
1070 2772 1198 2850 ipse
1247 2789 1472 2850 eorum,
1519 2773 1642 2851 qui,
1686 2778 1757 2831 ut
1802 2772 1885 2830 ait
1930 2771 2278 2849 Spartianus
2325 2772 2389 2830 in
2432 2772 2559 2831 uita
2604 2770 2756 2831 Aelii
2802 2768 2865 2849 1,
2910 2768 2965 2850 1,

654 2864 776 2929 ‘uel
830 2868 1149 2930 Caesarum
1205 2870 1446 2930 nomine
1500 2866 1781 2948 appellati
1836 2875 1978 2929 sunt
2030 2886 2143 2930 nec
2196 2870 2523 2947 principes
2556 2876 2659 2929 aut
2709 2870 2967 2947 Augusti

654 2966 898 3027 fuerunt
941 2965 1043 3027 uel
1089 2965 1353 3046 quolibet
1399 2966 1513 3027 alio
1561 2984 1783 3044 genere
1830 2974 1934 3027 aut
1976 2968 2041 3026 in
2087 2966 2303 3027 famam
2341 2972 2443 3027 aut
2478 2968 2541 3026 in
2580 2984 2751 3046 spem
2796 2969 2965 3046 prin·

653 3066 884 3144 cipatus
947 3060 1288 3143 uenerunt',
1355 3066 1708 3125 memoriam
1770 3066 2033 3144 propriis
2104 3062 2277 3125 libris
2342 3063 2790 3143 redintegrauit.
2878 3066 2965 3126 sic

654 3162 814 3222 enim
881 3159 1297 3240 explicandum
1361 3169 1476 3241 est,
1543 3161 1703 3241 quod
1768 3161 2134 3242 Capitolinus
2198 3164 2261 3223 in
2324 3164 2448 3223 uita
2504 3160 2687 3242 Opilii
2733 3164 2855 3240 (fr.
2896 3163 2963 3238 1)

654 3257 847 3319 Cordo
895 3257 1160 3320 studium
1207 3258 1393 3320 fuisse
1442 3259 1592 3321 dixit
1629 3256 1860 3321 ‘eorum
1908 3262 2337 3339 imperatorum
2371 3262 2529 3322 uitas
2566 3259 2766 3340 edere,
2814 3280 2965 3341 quos

655 3355 1034 3418 obscuriores
1097 3354 1374 3419 uideret'.
1458 3376 1576 3439 quo
1644 3357 1840 3419 studio
1904 3358 2065 3419 unde
2129 3377 2378 3420 exorsus
2442 3361 2547 3439 sit,
2602 3377 2965 3439 quamquam

655 3455 978 3533 nescimus,
1026 3461 1242 3533 tamen,
1295 3456 1350 3515 si
1394 3463 1627 3516 certum
1674 3455 1991 3517 eonsilium
2046 3455 2163 3517 sibi
2208 3458 2537 3536 proposuit,
2589 3460 2759 3536 quasi
2804 3457 2965 3519 lacu-

655 3570 764 3611 nas
799 3550 1040 3612 Maximi
1085 3570 1224 3613 eum
1271 3552 1544 3632 explesse
1591 3559 1654 3613 et
1697 3571 1835 3615 cum
1882 3553 2048 3614 Aelio
2084 3554 2236 3614 Vero
2282 3555 2520 3616 initium
2566 3555 2784 3617 fecisse
2829 3574 2963 3636 pro·

839 3778 891 3845 1)
931 3774 1093 3841 Quod
1123 3776 1185 3831 Ο.
1209 3775 1408 3830 Schulz
1437 3778 1749 3847 (Beitraeye
1774 3795 1830 3847 p.
1856 3780 1980 3849 129)
2008 3777 2251 3833 Cordum
2276 3778 2339 3831 in
2367 3778 2587 3833 duabus
2614 3778 2751 3835 uitis
2780 3779 2965 3835 Clodii

657 3857 717 3911 et
754 3854 933 3925 Opilii
969 3856 1042 3909 ab
1081 3871 1165 3922 ec,
1204 3856 1304 3926 qui
1339 3856 1640 3911 historiam
1676 3860 1993 3927 Augustam
2028 3859 2090 3912 in
2132 3874 2259 3912 eam
2294 3858 2560 3927 formam,
2606 3876 2779 3927 quam
2816 3876 2967 3913 nunc

657 3935 958 4003 habemus,
1008 3938 1198 3991 aetate
1235 3936 1631 3993 Theodosiana
1676 3938 1923 4009 redegit,
1972 3937 2377 4008 interpolatum
2424 3955 2547 3993 esse
2591 3940 2809 4009 posuit,
2855 3956 2967 3997 non

657 4016 826 4071 modo
864 4015 1008 4069 nihil
1043 4016 1178 4071 huic
1216 4016 1572 4073 coniecturae
1608 4017 1787 4086 fauet,
1824 4019 1996 4073 immo
2034 4018 2217 4073 multa.
2242 4017 2617 4089 refragantur.
2669 4019 2797 4073 vid„
2830 4020 2967 4073 Bur·

659 4096 807 4150 siani
844 4097 1077 4150 annales
1115 4114 1164 4153 a.
1199 4103 1354 4155 1905.

841 4179 894 4246 2)
935 4176 1016 4232 cf.
1049 4177 1214 4232 Gord.
1248 4184 1299 4246 3,
1331 4184 1361 4232 6
1410 4187 1588 4235 exstat
1632 4182 1782 4235 silua
1828 4183 1948 4235 eius
1992 4182 2377 4246 mernor-abilis,
2420 4198 2561 4249 quae
2598 4182 2757 4249 pieta
2792 4188 2873 4235 est
2908 4183 2967 4235 in

661 4256 819 4311 domo
854 4262 1099 4313 rostrata
1157 4258 1254 4314 Gn.
1285 4260 1530 4329 Pompei,
1563 4290 1635 4299 —
1672 4278 1837 4329 quam
1876 4261 2143 4331 Philippi
2194 4263 2525 4330 temporibus
2576 4267 2752 4317 uester
2806 4262 2967 4327 fiscus

660 4338 891 4404 inuasit,
928 4354 1074 4405 quae
1109 4354 1242 4407 pars
1281 4339 1436 4393 uitae
1471 4356 1584 4394 non
1626 4356 1694 4393 ex
1732 4340 2054 4395 Herodiano
2092 4344 2319 4411 sumpta
2356 4344 2457 4395 est.
