<?xml version="1.0" encoding="UTF-8"?>
<!DOCTYPE html PUBLIC "-//W3C//DTD XHTML 1.0 Transitional//EN"
    "http://www.w3.org/TR/xhtml1/DTD/xhtml1-transitional.dtd">
<html xmlns="http://www.w3.org/1999/xhtml" xml:lang="en" lang="en">
 <head>
  <title>
</title>
<meta http-equiv="Content-Type" content="text/html;charset=utf-8" />
  <meta name='ocr-system' content='tesseract 3.04.00' />
  <meta name='ocr-capabilities' content='ocr_page ocr_carea ocr_par ocr_line ocrx_word'/>
</head>
<body>
  <div class='ocr_page' id='page_1' title='image "./historicorvmrom00petegoog_0290.png"; bbox 0 0 3234 5034; ppageno 0'>
   <div class='ocr_carea' id='block_1_1' title="bbox 1305 351 2660 420">
    <p class='ocr_par' dir='ltr' id='par_1_1' title="bbox 1305 351 2660 420">
     <span class='ocr_line' id='line_1_1' title="bbox 1305 351 2660 420; baseline -0.001 -10"><span class='ocrx_word' id='word_1_1' title='bbox 1305 355 1696 410; x_wconf 85' lang='lat' dir='ltr'>HISTORIAE</span> <span class='ocrx_word' id='word_1_2' title='bbox 2575 351 2660 420; x_wconf 90' lang='grc'><strong>69</strong></span> 
     </span>
    </p>
   </div>
   <div class='ocr_carea' id='block_1_2' title="bbox 260 521 2807 2661">
    <p class='ocr_par' dir='ltr' id='par_1_2' title="bbox 343 521 2664 897">
     <span class='ocr_line' id='line_1_2' title="bbox 529 521 2662 602; baseline -0.001 -15"><span class='ocrx_word' id='word_1_3' title='bbox 529 521 600 587; x_wconf 79' lang='grc'><strong>5.</strong></span> <span class='ocrx_word' id='word_1_4' title='bbox 650 525 860 586; x_wconf 81' lang='lat' dir='ltr'><strong>Senec.</strong></span> <span class='ocrx_word' id='word_1_5' title='bbox 894 541 1059 584; x_wconf 76' lang='lat' dir='ltr'><strong>suas.</strong></span> <span class='ocrx_word' id='word_1_6' title='bbox 1098 525 1156 598; x_wconf 81' lang='lat'><strong>6,</strong></span> <span class='ocrx_word' id='word_1_7' title='bbox 1188 523 1273 583; x_wconf 82' lang='lat'><strong>14</strong></span> <span class='ocrx_word' id='word_1_8' title='bbox 1333 521 1624 593; x_wconf 84' lang='lat' dir='ltr'><strong>Quoniam</strong></span> <span class='ocrx_word' id='word_1_9' title='bbox 1664 524 1726 584; x_wconf 88' lang='lat' dir='ltr'><strong>in</strong></span> <span class='ocrx_word' id='word_1_10' title='bbox 1763 523 1918 584; x_wconf 87' lang='lat' dir='ltr'><strong>banc</strong></span> <span class='ocrx_word' id='word_1_11' title='bbox 1957 525 2286 584; x_wconf 80' lang='lat' dir='ltr'>suasoriam</span> <span class='ocrx_word' id='word_1_12' title='bbox 2324 522 2662 602; x_wconf 84' lang='lat' dir='ltr'><strong>incidimus,</strong></span> 
     </span>
     <span class='ocr_line' id='line_1_3' title="bbox 346 619 2663 701; baseline -0.001 -17"><span class='ocrx_word' id='word_1_13' title='bbox 346 642 465 684; x_wconf 90' lang='lat' dir='ltr'><strong>non</strong></span> <span class='ocrx_word' id='word_1_14' title='bbox 516 622 779 684; x_wconf 84' lang='lat' dir='ltr'><strong>alienum</strong></span> <span class='ocrx_word' id='word_1_15' title='bbox 825 629 969 701; x_wconf 90' lang='lat' dir='ltr'><strong>puto</strong></span> <span class='ocrx_word' id='word_1_16' title='bbox 1017 619 1301 698; x_wconf 88' lang='lat' dir='ltr'><strong>indicare,</strong></span> <span class='ocrx_word' id='word_1_17' title='bbox 1350 619 1646 700; x_wconf 87' lang='lat' dir='ltr'><strong>quomodo</strong></span> <span class='ocrx_word' id='word_1_18' title='bbox 1695 622 1948 701; x_wconf 87' lang='lat' dir='ltr'><strong>quisque</strong></span> <span class='ocrx_word' id='word_1_19' title='bbox 1997 639 2060 682; x_wconf 91' lang='lat' dir='ltr'><strong>se</strong></span> <span class='ocrx_word' id='word_1_20' title='bbox 2109 639 2181 682; x_wconf 87' lang='lat' dir='ltr'><strong>ex</strong></span> <span class='ocrx_word' id='word_1_21' title='bbox 2218 621 2524 682; x_wconf 83' lang='lat' dir='ltr'><strong>historicis</strong></span> <span class='ocrx_word' id='word_1_22' title='bbox 2562 620 2663 682; x_wconf 89' lang='lat' dir='ltr'><strong>ad·</strong></span> 
     </span>
     <span class='ocr_line' id='line_1_4' title="bbox 343 717 2663 799; baseline -0.001 -17"><span class='ocrx_word' id='word_1_23' title='bbox 343 739 565 783; x_wconf 87' lang='lat' dir='ltr'><strong>uersus</strong></span> <span class='ocrx_word' id='word_1_24' title='bbox 623 721 972 782; x_wconf 78' lang='lat' dir='ltr'><strong>memoriam</strong></span> <span class='ocrx_word' id='word_1_25' title='bbox 1018 717 1329 779; x_wconf 78' lang='lat' dir='ltr'><strong>Ciceronis</strong></span> <span class='ocrx_word' id='word_1_26' title='bbox 1384 720 1656 797; x_wconf 82' lang='lat' dir='ltr'><strong>gesserit.</strong></span> <span class='ocrx_word' id='word_1_27' title='bbox 1741 737 1879 780; x_wconf 88' lang='lat' dir='ltr'><strong>nam</strong></span> <span class='ocrx_word' id='word_1_28' title='bbox 1935 721 2078 799; x_wconf 88' lang='lat' dir='ltr'><strong>quin</strong></span> <span class='ocrx_word' id='word_1_29' title='bbox 2127 719 2336 780; x_wconf 88' lang='lat' dir='ltr'><strong>Cicero</strong></span> <span class='ocrx_word' id='word_1_30' title='bbox 2385 738 2496 780; x_wconf 89' lang='lat' dir='ltr'><strong>nec</strong></span> <span class='ocrx_word' id='word_1_31' title='bbox 2541 725 2663 780; x_wconf 88' lang='lat' dir='ltr'><strong>tam</strong></span> 
     </span>
     <span class='ocr_line' id='line_1_5' title="bbox 345 816 2664 897; baseline -0.001 -17"><span class='ocrx_word' id='word_1_32' title='bbox 345 819 597 880; x_wconf 88' lang='lat' dir='ltr'><strong>timidus</strong></span> <span class='ocrx_word' id='word_1_33' title='bbox 652 819 860 896; x_wconf 79' lang='lat' dir='ltr'><strong>fuerit,</strong></span> <span class='ocrx_word' id='word_1_34' title='bbox 920 824 989 877; x_wconf 90' lang='lat' dir='ltr'><strong>ut</strong></span> <span class='ocrx_word' id='word_1_35' title='bbox 1035 826 1273 894; x_wconf 83' lang='lat' dir='ltr'><strong>rogaret</strong></span> <span class='ocrx_word' id='word_1_36' title='bbox 1317 816 1658 896; x_wconf 81' lang='lat' dir='ltr'><strong>Antonium,</strong></span> <span class='ocrx_word' id='word_1_37' title='bbox 1705 835 1818 878; x_wconf 89' lang='lat' dir='ltr'><strong>nec</strong></span> <span class='ocrx_word' id='word_1_38' title='bbox 1863 825 1985 878; x_wconf 90' lang='lat' dir='ltr'><strong>tam</strong></span> <span class='ocrx_word' id='word_1_39' title='bbox 2032 816 2266 897; x_wconf 81' lang='lat' dir='ltr'><strong>stultuS,</strong></span> <span class='ocrx_word' id='word_1_40' title='bbox 2314 825 2382 879; x_wconf 91' lang='lat' dir='ltr'><strong>ut</strong></span> <span class='ocrx_word' id='word_1_41' title='bbox 2427 819 2664 878; x_wconf 86' lang='lat' dir='ltr'><strong>exorari</strong></span> 
     </span>
    </p>

    <p class='ocr_par' dir='ltr' id='par_1_3' title="bbox 260 913 2807 1409">
     <span class='ocr_line' id='line_1_6' title="bbox 260 913 2664 997; baseline -0.001 -20"><span class='ocrx_word' id='word_1_42' title='bbox 260 939 285 977; x_wconf 87' lang='lat'><strong>5</strong></span> <span class='ocrx_word' id='word_1_43' title='bbox 343 935 523 997; x_wconf 88' lang='lat' dir='ltr'><strong>posse</strong></span> <span class='ocrx_word' id='word_1_44' title='bbox 580 935 717 980; x_wconf 76' lang='lat' dir='ltr'><strong>etem</strong></span> <span class='ocrx_word' id='word_1_45' title='bbox 772 921 1071 996; x_wconf 74' lang='lat' dir='ltr'><strong>speraret,</strong></span> <span class='ocrx_word' id='word_1_46' title='bbox 1127 931 1303 975; x_wconf 88' lang='lat' dir='ltr'><strong>nemo</strong></span> <span class='ocrx_word' id='word_1_47' title='bbox 1362 913 1591 976; x_wconf 87' lang='lat' dir='ltr'><strong>dubitat</strong></span> <span class='ocrx_word' id='word_1_48' title='bbox 1651 921 1900 994; x_wconf 83' lang='lat' dir='ltr'><strong>excepto</strong></span> <span class='ocrx_word' id='word_1_49' title='bbox 1955 916 2158 976; x_wconf 77' lang='lat' dir='ltr'><strong>Asinio</strong></span> <span class='ocrx_word' id='word_1_50' title='bbox 2214 914 2504 994; x_wconf 84' lang='lat' dir='ltr'><strong>Pollione,</strong></span> <span class='ocrx_word' id='word_1_51' title='bbox 2560 917 2664 994; x_wconf 90' lang='lat' dir='ltr'><strong>qui</strong></span> 
     </span>
     <span class='ocr_line' id='line_1_7' title="bbox 344 1011 2664 1093; baseline -0.001 -17"><span class='ocrx_word' id='word_1_52' title='bbox 344 1016 777 1076; x_wconf 75' lang='lat' dir='ltr'><strong>infestissimus</strong></span> <span class='ocrx_word' id='word_1_53' title='bbox 834 1013 1025 1074; x_wconf 76' lang='lat' dir='ltr'><strong>famae</strong></span> <span class='ocrx_word' id='word_1_54' title='bbox 1073 1011 1383 1073; x_wconf 82' lang='lat' dir='ltr'><strong>Ciceronis</strong></span> <span class='ocrx_word' id='word_1_55' title='bbox 1438 1015 1787 1092; x_wconf 80' lang='lat' dir='ltr'><strong>permansit.</strong></span> <span class='ocrx_word' id='word_1_56' title='bbox 1827 1047 1910 1056; x_wconf 94' lang='lat'>—</span> <span class='ocrx_word' id='word_1_57' title='bbox 1951 1013 2365 1093; x_wconf 81' lang='lat' dir='ltr'><strong>adieceratque</strong></span> <span class='ocrx_word' id='word_1_58' title='bbox 2423 1013 2518 1073; x_wconf 87' lang='lat' dir='ltr'><strong>bis</strong></span> <span class='ocrx_word' id='word_1_59' title='bbox 2572 1013 2664 1091; x_wconf 83' lang='lat' dir='ltr'><strong>[in</strong></span> 
     </span>
     <span class='ocr_line' id='line_1_8' title="bbox 342 1109 2666 1190; baseline -0.003 -14"><span class='ocrx_word' id='word_1_60' title='bbox 342 1118 633 1176; x_wconf 80' lang='lat' dir='ltr'><strong>oratione</strong></span> <span class='ocrx_word' id='word_1_61' title='bbox 672 1129 799 1190; x_wconf 80' lang='lat' dir='ltr'><strong>pro</strong></span> <span class='ocrx_word' id='word_1_62' title='bbox 846 1109 1093 1189; x_wconf 82' lang='lat' dir='ltr'><strong>Lamia]</strong></span> <span class='ocrx_word' id='word_1_63' title='bbox 1142 1109 1257 1171; x_wconf 85' lang='lat' dir='ltr'><strong>alia</strong></span> <span class='ocrx_word' id='word_1_64' title='bbox 1314 1109 1648 1171; x_wconf 81' lang='lat' dir='ltr'><strong>sordidiora</strong></span> <span class='ocrx_word' id='word_1_65' title='bbox 1696 1111 1909 1189; x_wconf 87' lang='lat' dir='ltr'><strong>multo,</strong></span> <span class='ocrx_word' id='word_1_66' title='bbox 1963 1119 2034 1172; x_wconf 88' lang='lat' dir='ltr'><strong>ut</strong></span> <span class='ocrx_word' id='word_1_67' title='bbox 2082 1110 2329 1172; x_wconf 83' lang='lat' dir='ltr'><strong>cuilibet</strong></span> <span class='ocrx_word' id='word_1_68' title='bbox 2377 1110 2549 1171; x_wconf 75' lang='lat' dir='ltr'><strong>facile</strong></span> <span class='ocrx_word' id='word_1_69' title='bbox 2595 1109 2666 1171; x_wconf 91' lang='lat' dir='ltr'><strong>li-</strong></span> 
     </span>
     <span class='ocr_line' id='line_1_9' title="bbox 343 1207 2663 1292; baseline -0.002 -19"><span class='ocrx_word' id='word_1_70' title='bbox 343 1218 563 1292; x_wconf 81' lang='lat' dir='ltr'><strong>queret</strong></span> <span class='ocrx_word' id='word_1_71' title='bbox 606 1210 721 1271; x_wconf 90' lang='lat' dir='ltr'><strong>boc</strong></span> <span class='ocrx_word' id='word_1_72' title='bbox 767 1216 957 1271; x_wconf 89' lang='lat' dir='ltr'><strong>totum</strong></span> <span class='ocrx_word' id='word_1_73' title='bbox 1006 1207 1153 1270; x_wconf 88' lang='lat' dir='ltr'><strong>adeo</strong></span> <span class='ocrx_word' id='word_1_74' title='bbox 1200 1208 1414 1270; x_wconf 79' lang='lat' dir='ltr'><strong>falsum</strong></span> <span class='ocrx_word' id='word_1_75' title='bbox 1465 1227 1614 1287; x_wconf 87' lang='lat' dir='ltr'><strong>esse,</strong></span> <span class='ocrx_word' id='word_1_76' title='bbox 1663 1217 1729 1270; x_wconf 89' lang='lat' dir='ltr'><strong>ut</strong></span> <span class='ocrx_word' id='word_1_77' title='bbox 1777 1227 1852 1270; x_wconf 92' lang='lat' dir='ltr'><strong>ne</strong></span> <span class='ocrx_word' id='word_1_78' title='bbox 1900 1211 2026 1288; x_wconf 88' lang='lat' dir='ltr'><strong>ipse</strong></span> <span class='ocrx_word' id='word_1_79' title='bbox 2077 1207 2320 1289; x_wconf 88' lang='lat' dir='ltr'><strong>quidem</strong></span> <span class='ocrx_word' id='word_1_80' title='bbox 2368 1208 2553 1270; x_wconf 90' lang='lat' dir='ltr'><strong>Pollio</strong></span> <span class='ocrx_word' id='word_1_81' title='bbox 2600 1211 2663 1269; x_wconf 88' lang='lat' dir='ltr'><strong>in</strong></span> 
     </span>
     <span class='ocr_line' id='line_1_10' title="bbox 344 1271 2807 1409; baseline -0.001 -40"><span class='ocrx_word' id='word_1_82' title='bbox 344 1310 617 1370; x_wconf 88' lang='lat' dir='ltr'><strong>historiis</strong></span> <span class='ocrx_word' id='word_1_83' title='bbox 677 1310 803 1369; x_wconf 89' lang='lat' dir='ltr'><strong>suis</strong></span> <span class='ocrx_word' id='word_1_84' title='bbox 858 1325 1085 1387; x_wconf 88' lang='lat' dir='ltr'><strong>ponere</strong></span> <span class='ocrx_word' id='word_1_85' title='bbox 1142 1325 1323 1368; x_wconf 88' lang='lat' dir='ltr'><strong>ausus</strong></span> <span class='ocrx_word' id='word_1_86' title='bbox 1380 1309 1475 1367; x_wconf 88' lang='lat' dir='ltr'><strong>sit.</strong></span> <span class='ocrx_word' id='word_1_87' title='bbox 1512 1341 1602 1350; x_wconf 93' lang='lat'>—</span> <span class='ocrx_word' id='word_1_88' title='bbox 1651 1307 1814 1381; x_wconf 83' lang='lat'><strong>(24.)</strong></span> <span class='ocrx_word' id='word_1_89' title='bbox 1869 1306 2055 1367; x_wconf 90' lang='lat' dir='ltr'><strong>Pollio</strong></span> <span class='ocrx_word' id='word_1_90' title='bbox 2111 1326 2347 1387; x_wconf 85' lang='lat' dir='ltr'><strong>quoque</strong></span> <span class='ocrx_word' id='word_1_91' title='bbox 2404 1308 2662 1387; x_wconf 81' lang='lat' dir='ltr'><strong>AsiniuS,</strong></span> <span class='ocrx_word' id='word_1_92' title='bbox 2703 1271 2807 1409; x_wconf 41' lang='lat' dir='ltr'><strong>gl</strong></span> 
     </span>
    </p>

    <p class='ocr_par' dir='ltr' id='par_1_4' title="bbox 262 1404 2676 2368">
     <span class='ocr_line' id='line_1_11' title="bbox 262 1404 2664 1488; baseline -0.001 -20"><span class='ocrx_word' id='word_1_93' title='bbox 262 1429 315 1468; x_wconf 76' lang='grc' dir='ltr'><strong>ιο</strong></span> <span class='ocrx_word' id='word_1_94' title='bbox 346 1409 453 1488; x_wconf 92' lang='lat' dir='ltr'><strong>qui</strong></span> <span class='ocrx_word' id='word_1_95' title='bbox 492 1407 737 1468; x_wconf 87' lang='lat' dir='ltr'><strong>Verrem</strong></span> <span class='ocrx_word' id='word_1_96' title='bbox 786 1405 1095 1466; x_wconf 86' lang='lat' dir='ltr'><strong>Ciceronis</strong></span> <span class='ocrx_word' id='word_1_97' title='bbox 1142 1422 1311 1466; x_wconf 89' lang='lat' dir='ltr'><strong>reum</strong></span> <span class='ocrx_word' id='word_1_98' title='bbox 1359 1404 1686 1466; x_wconf 78' lang='lat' dir='ltr'><strong>fortissime</strong></span> <span class='ocrx_word' id='word_1_99' title='bbox 1733 1407 2086 1466; x_wconf 86' lang='lat' dir='ltr'><strong>morientem</strong></span> <span class='ocrx_word' id='word_1_100' title='bbox 2126 1404 2388 1484; x_wconf 85' lang='lat' dir='ltr'><strong>tradidit,</strong></span> <span class='ocrx_word' id='word_1_101' title='bbox 2425 1404 2664 1466; x_wconf 90' lang='lat' dir='ltr'><strong>Cicero-</strong></span> 
     </span>
     <span class='ocr_line' id='line_1_12' title="bbox 344 1501 2676 1582; baseline -0.001 -16"><span class='ocrx_word' id='word_1_102' title='bbox 344 1508 445 1567; x_wconf 85' lang='lat' dir='ltr'><strong>nis</strong></span> <span class='ocrx_word' id='word_1_103' title='bbox 492 1511 747 1566; x_wconf 89' lang='lat' dir='ltr'><strong>mortem</strong></span> <span class='ocrx_word' id='word_1_104' title='bbox 797 1503 961 1564; x_wconf 86' lang='lat' dir='ltr'><strong>solus</strong></span> <span class='ocrx_word' id='word_1_105' title='bbox 1006 1521 1078 1563; x_wconf 84' lang='lat' dir='ltr'><strong>ex</strong></span> <span class='ocrx_word' id='word_1_106' title='bbox 1126 1501 1406 1564; x_wconf 87' lang='lat' dir='ltr'><strong>omnibus</strong></span> <span class='ocrx_word' id='word_1_107' title='bbox 1445 1502 1704 1582; x_wconf 82' lang='lat' dir='ltr'><strong>maligne</strong></span> <span class='ocrx_word' id='word_1_108' title='bbox 1750 1509 1972 1582; x_wconf 88' lang='lat' dir='ltr'><strong>narrat,</strong></span> <span class='ocrx_word' id='word_1_109' title='bbox 2019 1505 2428 1564; x_wconf 88' lang='lat' dir='ltr'><strong>testimonium</strong></span> <span class='ocrx_word' id='word_1_110' title='bbox 2467 1511 2676 1564; x_wconf 90' lang='lat' dir='ltr'><strong>tamen·</strong></span> 
     </span>
     <span class='ocr_line' id='line_1_13' title="bbox 346 1599 2667 1684; baseline -0.002 -19"><span class='ocrx_word' id='word_1_111' title='bbox 346 1605 627 1684; x_wconf 87' lang='lat' dir='ltr'><strong>quamuis</strong></span> <span class='ocrx_word' id='word_1_112' title='bbox 674 1602 903 1663; x_wconf 89' lang='lat' dir='ltr'><strong>inuitus</strong></span> <span class='ocrx_word' id='word_1_113' title='bbox 949 1600 1193 1681; x_wconf 89' lang='lat' dir='ltr'><strong>plenum</strong></span> <span class='ocrx_word' id='word_1_114' title='bbox 1250 1603 1306 1662; x_wconf 90' lang='lat' dir='ltr'><strong>ei</strong></span> <span class='ocrx_word' id='word_1_115' title='bbox 1354 1599 1633 1661; x_wconf 81' lang='lat' dir='ltr'><strong>reddidit.</strong></span> <span class='ocrx_word' id='word_1_116' title='bbox 1707 1601 1876 1660; x_wconf 82' lang='lat' dir='ltr'><strong>Asini</strong></span> <span class='ocrx_word' id='word_1_117' title='bbox 1921 1599 2236 1662; x_wconf 84' lang='lat' dir='ltr'><strong>Pollionis:</strong></span> <span class='ocrx_word' id='word_1_118' title='bbox 2285 1600 2476 1662; x_wconf 85' lang='lat' dir='ltr'><strong>Huius</strong></span> <span class='ocrx_word' id='word_1_119' title='bbox 2524 1619 2667 1680; x_wconf 82' lang='lat' dir='ltr'><strong>ergo</strong></span> 
     </span>
     <span class='ocr_line' id='line_1_14' title="bbox 345 1697 2667 1779; baseline -0.002 -16"><span class='ocrx_word' id='word_1_120' title='bbox 345 1703 469 1763; x_wconf 88' lang='lat' dir='ltr'><strong>uiri</strong></span> <span class='ocrx_word' id='word_1_121' title='bbox 524 1708 613 1762; x_wconf 89' lang='lat' dir='ltr'><strong>tot</strong></span> <span class='ocrx_word' id='word_1_122' title='bbox 667 1702 968 1779; x_wconf 85' lang='lat' dir='ltr'><strong>tantisque</strong></span> <span class='ocrx_word' id='word_1_123' title='bbox 1024 1699 1306 1778; x_wconf 88' lang='lat' dir='ltr'><strong>operibus</strong></span> <span class='ocrx_word' id='word_1_124' title='bbox 1369 1700 1638 1760; x_wconf 87' lang='lat' dir='ltr'><strong>mansuri</strong></span> <span class='ocrx_word' id='word_1_125' title='bbox 1698 1699 1760 1759; x_wconf 90' lang='lat' dir='ltr'><strong>in</strong></span> <span class='ocrx_word' id='word_1_126' title='bbox 1817 1717 1992 1759; x_wconf 88' lang='lat' dir='ltr'><strong>omne</strong></span> <span class='ocrx_word' id='word_1_127' title='bbox 2049 1717 2262 1759; x_wconf 88' lang='lat' dir='ltr'><strong>aeuum</strong></span> <span class='ocrx_word' id='word_1_128' title='bbox 2319 1697 2667 1778; x_wconf 85' lang='lat' dir='ltr'><strong>praedicare</strong></span> 
     </span>
     <span class='ocr_line' id='line_1_15' title="bbox 348 1795 2667 1879; baseline -0.002 -18"><span class='ocrx_word' id='word_1_129' title='bbox 348 1799 424 1861; x_wconf 88' lang='lat' dir='ltr'><strong>de</strong></span> <span class='ocrx_word' id='word_1_130' title='bbox 470 1799 714 1879; x_wconf 86' lang='lat' dir='ltr'><strong>ingenio</strong></span> <span class='ocrx_word' id='word_1_131' title='bbox 762 1806 939 1878; x_wconf 90' lang='lat' dir='ltr'><strong>atque</strong></span> <span class='ocrx_word' id='word_1_132' title='bbox 988 1795 1280 1858; x_wconf 89' lang='lat' dir='ltr'><strong>industria</strong></span> <span class='ocrx_word' id='word_1_133' title='bbox 1330 1814 1775 1876; x_wconf 83' lang='lat' dir='ltr'><strong>superuacuum</strong></span> <span class='ocrx_word' id='word_1_134' title='bbox 1820 1805 1926 1858; x_wconf 80' lang='lat' dir='ltr'><strong>est.</strong></span> <span class='ocrx_word' id='word_1_135' title='bbox 2003 1803 2215 1858; x_wconf 88' lang='lat' dir='ltr'><strong>natura</strong></span> <span class='ocrx_word' id='word_1_136' title='bbox 2252 1805 2451 1857; x_wconf 88' lang='lat' dir='ltr'><strong>autem</strong></span> <span class='ocrx_word' id='word_1_137' title='bbox 2489 1802 2667 1876; x_wconf 90' lang='lat' dir='ltr'><strong>atque</strong></span> 
     </span>
     <span class='ocr_line' id='line_1_16' title="bbox 266 1893 2666 1976; baseline -0.002 -18"><span class='ocrx_word' id='word_1_138' title='bbox 266 1919 317 1958; x_wconf 68' lang='grc' dir='ltr'><strong>ιι</strong></span> <span class='ocrx_word' id='word_1_139' title='bbox 350 1897 589 1958; x_wconf 87' lang='lat' dir='ltr'><strong>fortuna</strong></span> <span class='ocrx_word' id='word_1_140' title='bbox 634 1897 863 1976; x_wconf 88' lang='lat' dir='ltr'><strong>pariter</strong></span> <span class='ocrx_word' id='word_1_141' title='bbox 909 1894 1192 1956; x_wconf 89' lang='lat' dir='ltr'><strong>obsecuta</strong></span> <span class='ocrx_word' id='word_1_142' title='bbox 1240 1903 1331 1955; x_wconf 90' lang='lat' dir='ltr'><strong>est</strong></span> <span class='ocrx_word' id='word_1_143' title='bbox 1378 1895 1451 1973; x_wconf 84' lang='lat' dir='ltr'><strong>ei,</strong></span> <span class='ocrx_word' id='word_1_144' title='bbox 1496 1896 1550 1954; x_wconf 89' lang='lat' dir='ltr'><strong>si</strong></span> <span class='ocrx_word' id='word_1_145' title='bbox 1587 1893 1828 1973; x_wconf 89' lang='lat' dir='ltr'><strong>quidem</strong></span> <span class='ocrx_word' id='word_1_146' title='bbox 1871 1894 2056 1955; x_wconf 75' lang='lat' dir='ltr'><strong>facies</strong></span> <span class='ocrx_word' id='word_1_147' title='bbox 2095 1893 2310 1955; x_wconf 86' lang='lat' dir='ltr'><strong>decora</strong></span> <span class='ocrx_word' id='word_1_148' title='bbox 2349 1893 2420 1955; x_wconf 92' lang='lat' dir='ltr'><strong>ad</strong></span> <span class='ocrx_word' id='word_1_149' title='bbox 2461 1912 2666 1958; x_wconf 87' lang='lat' dir='ltr'><strong>senec-</strong></span> 
     </span>
     <span class='ocr_line' id='line_1_17' title="bbox 348 1990 2668 2075; baseline -0.002 -18"><span class='ocrx_word' id='word_1_150' title='bbox 348 2003 540 2057; x_wconf 85' lang='lat' dir='ltr'><strong>tutem</strong></span> <span class='ocrx_word' id='word_1_151' title='bbox 597 2011 1003 2075; x_wconf 88' lang='lat' dir='ltr'><strong>prosperaque</strong></span> <span class='ocrx_word' id='word_1_152' title='bbox 1068 1994 1399 2072; x_wconf 87' lang='lat' dir='ltr'><strong>permansit</strong></span> <span class='ocrx_word' id='word_1_153' title='bbox 1461 1990 1770 2071; x_wconf 85' lang='lat' dir='ltr'><strong>ualetudo,</strong></span> <span class='ocrx_word' id='word_1_154' title='bbox 1829 2002 1955 2054; x_wconf 90' lang='lat' dir='ltr'><strong>tum</strong></span> <span class='ocrx_word' id='word_1_155' title='bbox 2011 2010 2124 2072; x_wconf 88' lang='lat' dir='ltr'><strong>pax</strong></span> <span class='ocrx_word' id='word_1_156' title='bbox 2185 1991 2439 2072; x_wconf 84' lang='lat' dir='ltr'><strong>diutina,</strong></span> <span class='ocrx_word' id='word_1_157' title='bbox 2496 1993 2668 2054; x_wconf 89' lang='lat' dir='ltr'><strong>cuius</strong></span> 
     </span>
     <span class='ocr_line' id='line_1_18' title="bbox 350 2089 2669 2170; baseline -0.002 -15"><span class='ocrx_word' id='word_1_158' title='bbox 350 2097 681 2155; x_wconf 87' lang='lat' dir='ltr'><strong>instructus</strong></span> <span class='ocrx_word' id='word_1_159' title='bbox 730 2099 859 2153; x_wconf 85' lang='lat' dir='ltr'><strong>erat</strong></span> <span class='ocrx_word' id='word_1_160' title='bbox 905 2089 1151 2170; x_wconf 74' lang='lat' dir='ltr'><strong>artibuS,</strong></span> <span class='ocrx_word' id='word_1_161' title='bbox 1200 2091 1467 2169; x_wconf 83' lang='lat' dir='ltr'><strong>contigit.</strong></span> <span class='ocrx_word' id='word_1_162' title='bbox 1543 2108 1802 2169; x_wconf 87' lang='lat' dir='ltr'><strong>namque</strong></span> <span class='ocrx_word' id='word_1_163' title='bbox 1851 2089 1924 2151; x_wconf 91' lang='lat' dir='ltr'><strong>ad</strong></span> <span class='ocrx_word' id='word_1_164' title='bbox 1969 2093 2230 2170; x_wconf 89' lang='lat' dir='ltr'><strong>priscam</strong></span> <span class='ocrx_word' id='word_1_165' title='bbox 2283 2092 2669 2152; x_wconf 86' lang='lat' dir='ltr'><strong>seueritatem</strong></span> 
     </span>
     <span class='ocr_line' id='line_1_19' title="bbox 348 2187 2668 2268; baseline -0.003 -14"><span class='ocrx_word' id='word_1_166' title='bbox 348 2192 593 2255; x_wconf 87' lang='lat' dir='ltr'><strong>iudiciis</strong></span> <span class='ocrx_word' id='word_1_167' title='bbox 648 2191 874 2252; x_wconf 83' lang='lat' dir='ltr'><strong>exactis</strong></span> <span class='ocrx_word' id='word_1_168' title='bbox 928 2189 1183 2250; x_wconf 88' lang='lat' dir='ltr'><strong>maxima</strong></span> <span class='ocrx_word' id='word_1_169' title='bbox 1240 2189 1555 2249; x_wconf 83' lang='lat' dir='ltr'><strong>noxiorum</strong></span> <span class='ocrx_word' id='word_1_170' title='bbox 1612 2187 1930 2248; x_wconf 86' lang='lat' dir='ltr'><strong>multitudo</strong></span> <span class='ocrx_word' id='word_1_171' title='bbox 1987 2191 2293 2268; x_wconf 86' lang='lat' dir='ltr'><strong>prouenit,</strong></span> <span class='ocrx_word' id='word_1_172' title='bbox 2358 2206 2508 2268; x_wconf 89' lang='lat' dir='ltr'><strong>quos</strong></span> <span class='ocrx_word' id='word_1_173' title='bbox 2564 2187 2668 2248; x_wconf 89' lang='lat' dir='ltr'><strong>ob·-</strong></span> 
     </span>
     <span class='ocr_line' id='line_1_20' title="bbox 350 2285 2668 2368; baseline -0.002 -16"><span class='ocrx_word' id='word_1_174' title='bbox 350 2292 593 2352; x_wconf 86' lang='lat' dir='ltr'><strong>strictos</strong></span> <span class='ocrx_word' id='word_1_175' title='bbox 648 2289 982 2368; x_wconf 88' lang='lat' dir='ltr'><strong>patrocinio</strong></span> <span class='ocrx_word' id='word_1_176' title='bbox 1037 2285 1367 2348; x_wconf 84' lang='lat' dir='ltr'><strong>incolumes</strong></span> <span class='ocrx_word' id='word_1_177' title='bbox 1423 2285 1744 2366; x_wconf 88' lang='lat' dir='ltr'><strong>plerosque</strong></span> <span class='ocrx_word' id='word_1_178' title='bbox 1799 2286 2072 2347; x_wconf 84' lang='lat' dir='ltr'><strong>habebat.</strong></span> <span class='ocrx_word' id='word_1_179' title='bbox 2148 2289 2266 2347; x_wconf 91' lang='lat' dir='ltr'><strong>iam</strong></span> <span class='ocrx_word' id='word_1_180' title='bbox 2322 2285 2668 2348; x_wconf 75' lang='lat' dir='ltr'><strong>felicissima</strong></span> 
     </span>
    </p>

    <p class='ocr_par' dir='ltr' id='par_1_5' title="bbox 268 2377 2672 2661">
     <span class='ocr_line' id='line_1_21' title="bbox 268 2377 2667 2470; baseline -0.003 -20"><span class='ocrx_word' id='word_1_181' title='bbox 268 2411 323 2450; x_wconf 72' lang='lat' dir='ltr'><strong>so</strong></span> <span class='ocrx_word' id='word_1_182' title='bbox 352 2387 696 2450; x_wconf 86' lang='lat' dir='ltr'><strong>consulatus</strong></span> <span class='ocrx_word' id='word_1_183' title='bbox 764 2387 822 2446; x_wconf 90' lang='lat' dir='ltr'><strong>ei</strong></span> <span class='ocrx_word' id='word_1_184' title='bbox 888 2403 1020 2445; x_wconf 91' lang='lat' dir='ltr'><strong>sors</strong></span> <span class='ocrx_word' id='word_1_185' title='bbox 1079 2382 1321 2463; x_wconf 88' lang='lat' dir='ltr'><strong>petendi</strong></span> <span class='ocrx_word' id='word_1_186' title='bbox 1358 2392 1448 2445; x_wconf 52' lang='lat' dir='ltr'><strong>‘et</strong></span> <span class='ocrx_word' id='word_1_187' title='bbox 1512 2384 1762 2463; x_wconf 82' lang='lat' dir='ltr'><strong>gerendi</strong></span> <span class='ocrx_word' id='word_1_188' title='bbox 1819 2377 2062 2468; x_wconf 82' lang='lat' dir='ltr'><strong>(magna</strong></span> <span class='ocrx_word' id='word_1_189' title='bbox 2119 2403 2370 2446; x_wconf 88' lang='lat' dir='ltr'><strong>munera</strong></span> <span class='ocrx_word' id='word_1_190' title='bbox 2426 2384 2604 2446; x_wconf 89' lang='lat' dir='ltr'><strong>deum</strong></span> <span class='ocrx_word' id='word_1_191' title='bbox 2620 2379 2667 2470; x_wconf 83' lang='lat'><strong>1)</strong></span> 
     </span>
     <span class='ocr_line' id='line_1_22' title="bbox 353 2481 2672 2562; baseline -0.001 -15"><span class='ocrx_word' id='word_1_192' title='bbox 353 2486 601 2548; x_wconf 89' lang='lat' dir='ltr'><strong>consilio</strong></span> <span class='ocrx_word' id='word_1_193' title='bbox 650 2483 1098 2562; x_wconf 88' lang='lat' dir='ltr'><strong>industriaque:</strong></span> <span class='ocrx_word' id='word_1_194' title='bbox 1144 2484 1373 2544; x_wconf 88' lang='lat' dir='ltr'><strong>utinam</strong></span> <span class='ocrx_word' id='word_1_195' title='bbox 1421 2481 1788 2544; x_wconf 86' lang='lat' dir='ltr'><strong>moderatius</strong></span> <span class='ocrx_word' id='word_1_196' title='bbox 1836 2483 2132 2545; x_wconf 87' lang='lat' dir='ltr'><strong>secundas</strong></span> <span class='ocrx_word' id='word_1_197' title='bbox 2189 2502 2286 2546; x_wconf 88' lang='lat' dir='ltr'><strong>res</strong></span> <span class='ocrx_word' id='word_1_198' title='bbox 2344 2490 2404 2545; x_wconf 88' lang='lat' dir='ltr'><strong>et</strong></span> <span class='ocrx_word' id='word_1_199' title='bbox 2455 2484 2672 2545; x_wconf 81' lang='lat' dir='ltr'><strong>fortius</strong></span> 
     </span>
     <span class='ocr_line' id='line_1_23' title="bbox 352 2580 2672 2661; baseline -0.002 -15"><span class='ocrx_word' id='word_1_200' title='bbox 352 2584 638 2646; x_wconf 84' lang='lat' dir='ltr'><strong>aduersas</strong></span> <span class='ocrx_word' id='word_1_201' title='bbox 702 2583 863 2644; x_wconf 82' lang='lat' dir='ltr'><strong>ferre</strong></span> <span class='ocrx_word' id='word_1_202' title='bbox 922 2580 1247 2661; x_wconf 79' lang='lat' dir='ltr'><strong>potuisset!</strong></span> <span class='ocrx_word' id='word_1_203' title='bbox 1323 2598 1578 2660; x_wconf 88' lang='lat' dir='ltr'><strong>namque</strong></span> <span class='ocrx_word' id='word_1_204' title='bbox 1645 2587 1935 2660; x_wconf 89' lang='lat' dir='ltr'><strong>utraeque</strong></span> <span class='ocrx_word' id='word_1_205' title='bbox 2005 2601 2140 2642; x_wconf 90' lang='lat' dir='ltr'><strong>cum</strong></span> <span class='ocrx_word' id='word_1_206' title='bbox 2207 2591 2536 2644; x_wconf 88' lang='lat' dir='ltr'><strong>euenerant</strong></span> <span class='ocrx_word' id='word_1_207' title='bbox 2595 2584 2672 2654; x_wconf 84' lang='lat' dir='ltr'><strong>ei,</strong></span> 
     </span>
    </p>
   </div>
   <div class='ocr_carea' id='block_1_3' title="bbox 354 2723 730 2732">
    <p class='ocr_par' dir='ltr' id='par_1_6' title="bbox 354 2723 730 2732">
     <span class='ocr_line' id='line_1_24' title="bbox 354 2723 730 2732; baseline 0 2302"><span class='ocrx_word' id='word_1_208' title='bbox 354 2723 730 2732; x_wconf 95' lang='lat' dir='ltr'><strong> </strong></span> 
     </span>
    </p>
   </div>
   <div class='ocr_carea' id='block_1_4' title="bbox 532 2805 2234 2877">
    <p class='ocr_par' dir='ltr' id='par_1_7' title="bbox 532 2805 2234 2877">
     <span class='ocr_line' id='line_1_25' title="bbox 532 2805 2234 2877; baseline -0.002 -15"><span class='ocrx_word' id='word_1_209' title='bbox 532 2807 595 2862; x_wconf 72' lang='lat'><strong>5.</strong></span> <span class='ocrx_word' id='word_1_210' title='bbox 632 2809 937 2877; x_wconf 64' lang='lat' dir='ltr'><strong>Amana</strong></span> <span class='ocrx_word' id='word_1_211' title='bbox 973 2807 1021 2860; x_wconf 83' lang='lat' dir='ltr'><strong>b.</strong></span> <span class='ocrx_word' id='word_1_212' title='bbox 1051 2807 1157 2861; x_wconf 77' lang='lat' dir='ltr'><strong>eiu.</strong></span> <span class='ocrx_word' id='word_1_213' title='bbox 1180 2806 1257 2859; x_wconf 92' lang='lat' dir='ltr'><strong>II</strong></span> <span class='ocrx_word' id='word_1_214' title='bbox 1278 2811 1349 2860; x_wconf 86' lang='lat'><strong>15</strong></span> <span class='ocrx_word' id='word_1_215' title='bbox 1386 2806 1486 2861; x_wconf 77' lang='lat' dir='ltr'><strong>hoc</strong></span> <span class='ocrx_word' id='word_1_216' title='bbox 1514 2805 1709 2860; x_wconf 76' lang='lat' dir='ltr'><strong>Asinii</strong></span> <span class='ocrx_word' id='word_1_217' title='bbox 1743 2805 1956 2862; x_wconf 77' lang='lat' dir='ltr'><strong>iudicio</strong></span> <span class='ocrx_word' id='word_1_218' title='bbox 1993 2807 2234 2861; x_wconf 80' lang='lat' dir='ltr'><strong>ducitur.</strong></span> 
     </span>
    </p>
   </div>
   <div class='ocr_carea' id='block_1_5' title="bbox 519 2927 786 2935">
    <p class='ocr_par' dir='ltr' id='par_1_8' title="bbox 519 2927 786 2935">
     <span class='ocr_line' id='line_1_26' title="bbox 519 2927 786 2935; baseline 0 2099"><span class='ocrx_word' id='word_1_219' title='bbox 519 2927 786 2935; x_wconf 95' lang='lat' dir='ltr'><strong> </strong></span> 
     </span>
    </p>
   </div>
   <div class='ocr_carea' id='block_1_6' title="bbox 346 3003 2677 4408">
    <p class='ocr_par' dir='ltr' id='par_1_9' title="bbox 534 3003 2670 3089">
     <span class='ocr_line' id='line_1_27' title="bbox 534 3003 2670 3089; baseline 0 -20"><span class='ocrx_word' id='word_1_220' title='bbox 534 3003 604 3089; x_wconf 84' lang='lat'><strong>5,</strong></span> <span class='ocrx_word' id='word_1_221' title='bbox 655 3011 712 3068; x_wconf 87' lang='lat'><strong>3.</strong></span> <span class='ocrx_word' id='word_1_222' title='bbox 760 3007 935 3086; x_wconf 85' lang='lat' dir='ltr'><strong>quin]</strong></span> <span class='ocrx_word' id='word_1_223' title='bbox 981 3009 1242 3070; x_wconf 72' lang='lat' dir='ltr'><strong>Gronou.</strong></span> <span class='ocrx_word' id='word_1_224' title='bbox 1291 3029 1408 3086; x_wconf 88' lang='lat' dir='ltr'><strong>que</strong></span> <span class='ocrx_word' id='word_1_225' title='bbox 1453 3011 1615 3069; x_wconf 84' lang='lat' dir='ltr'><strong>codd.</strong></span> <span class='ocrx_word' id='word_1_226' title='bbox 1838 3011 1895 3068; x_wconf 88' lang='grc'><strong>5.</strong></span> <span class='ocrx_word' id='word_1_227' title='bbox 1943 3027 2114 3085; x_wconf 81' lang='lat' dir='ltr'><strong>posse</strong></span> <span class='ocrx_word' id='word_1_228' title='bbox 2163 3004 2327 3088; x_wconf 87' lang='lat' dir='ltr'><strong>eum]</strong></span> <span class='ocrx_word' id='word_1_229' title='bbox 2365 3011 2670 3085; x_wconf 66' lang='lat' dir='ltr'><strong>Kieaslv‘ny</strong></span> 
     </span>
    </p>

    <p class='ocr_par' dir='ltr' id='par_1_10' title="bbox 346 3091 2677 4408">
     <span class='ocr_line' id='line_1_28' title="bbox 354 3091 2677 3178; baseline 0 -19"><span class='ocrx_word' id='word_1_230' title='bbox 354 3117 587 3178; x_wconf 83' lang='lat' dir='ltr'><strong>possem</strong></span> <span class='ocrx_word' id='word_1_231' title='bbox 614 3097 861 3174; x_wconf 61' lang='lat' dir='ltr'><strong>Amul.)</strong></span> <span class='ocrx_word' id='word_1_232' title='bbox 883 3091 1161 3174; x_wconf 71' lang='lat' dir='ltr'><strong>B(rux.)¹</strong></span> <span class='ocrx_word' id='word_1_233' title='bbox 1191 3117 1363 3176; x_wconf 85' lang='lat' dir='ltr'><strong>posse</strong></span> <span class='ocrx_word' id='word_1_234' title='bbox 1384 3091 1571 3157; x_wconf 69' lang='grc' dir='ltr'><strong>Α’Βῖ</strong></span> <span class='ocrx_word' id='word_1_235' title='bbox 1583 3098 1772 3173; x_wconf 83' lang='lat' dir='ltr'><strong>V(at.)</strong></span> <span class='ocrx_word' id='word_1_236' title='bbox 1793 3099 1986 3158; x_wconf 73' lang='lat' dir='ltr'><strong>Bruoe.</strong></span> <span class='ocrx_word' id='word_1_237' title='bbox 2006 3098 2092 3157; x_wconf 92' lang='grc' dir='ltr'><strong>ΙΙ</strong></span> <span class='ocrx_word' id='word_1_238' title='bbox 2202 3098 2440 3174; x_wconf 85' lang='lat' dir='ltr'><strong>polione</strong></span> <span class='ocrx_word' id='word_1_239' title='bbox 2471 3096 2677 3159; x_wconf 82' lang='lat' dir='ltr'><strong>ABV</strong></span> 
     </span>
     <span class='ocr_line' id='line_1_29' title="bbox 353 3181 2489 3267; baseline -0.001 -18"><span class='ocrx_word' id='word_1_240' title='bbox 353 3190 531 3263; x_wconf 86' lang='lat' dir='ltr'><strong>(corr.</strong></span> <span class='ocrx_word' id='word_1_241' title='bbox 558 3206 633 3249; x_wconf 73' lang='lat' dir='ltr'><strong>cx</strong></span> <span class='ocrx_word' id='word_1_242' title='bbox 657 3187 883 3264; x_wconf 86' lang='lat' dir='ltr'><strong>pilione</strong></span> <span class='ocrx_word' id='word_1_243' title='bbox 920 3191 987 3247; x_wconf 74' lang='lat' dir='ltr'><strong>in</strong></span> <span class='ocrx_word' id='word_1_244' title='bbox 1015 3186 1103 3263; x_wconf 88' lang='lat' dir='ltr'><strong>A)</strong></span> <span class='ocrx_word' id='word_1_245' title='bbox 1286 3181 1420 3267; x_wconf 84' lang='lat' dir='ltr'><strong>qui]</strong></span> <span class='ocrx_word' id='word_1_246' title='bbox 1459 3207 1541 3264; x_wconf 93' lang='lat' dir='ltr'><strong>qu</strong></span> <span class='ocrx_word' id='word_1_247' title='bbox 1559 3181 1724 3246; x_wconf 87' lang='lat' dir='ltr'><strong>AB¹</strong></span> <span class='ocrx_word' id='word_1_248' title='bbox 1907 3188 1964 3247; x_wconf 88' lang='grc'><strong>6.</strong></span> <span class='ocrx_word' id='word_1_249' title='bbox 2011 3187 2402 3247; x_wconf 82' lang='lat' dir='ltr'><strong>infestisimus</strong></span> <span class='ocrx_word' id='word_1_250' title='bbox 2428 3186 2489 3247; x_wconf 94' lang='lat' dir='ltr'><strong><em>A</em></strong></span> 
     </span>
     <span class='ocr_line' id='line_1_30' title="bbox 355 3276 2670 3354; baseline -0.001 -14"><span class='ocrx_word' id='word_1_251' title='bbox 355 3278 774 3354; x_wconf 74' lang='lat' dir='ltr'><strong>adieceratque</strong></span> <span class='ocrx_word' id='word_1_252' title='bbox 806 3277 879 3338; x_wconf 74' lang='lat' dir='ltr'><strong>G.</strong></span> <span class='ocrx_word' id='word_1_253' title='bbox 900 3278 1155 3337; x_wconf 85' lang='lat' dir='ltr'><strong>Mueller</strong></span> <span class='ocrx_word' id='word_1_254' title='bbox 1182 3280 1499 3353; x_wconf 79' lang='lat' dir='ltr'><strong>ceteraque</strong></span> <span class='ocrx_word' id='word_1_255' title='bbox 1536 3278 1698 3336; x_wconf 86' lang='lat' dir='ltr'><strong>codd.</strong></span> <span class='ocrx_word' id='word_1_256' title='bbox 1795 3278 1849 3336; x_wconf 82' lang='lat'><strong>7.</strong></span> <span class='ocrx_word' id='word_1_257' title='bbox 1889 3278 1956 3335; x_wconf 79' lang='lat' dir='ltr'><strong>ut</strong></span> <span class='ocrx_word' id='word_1_258' title='bbox 1983 3276 2094 3335; x_wconf 82' lang='lat' dir='ltr'><strong>tibi</strong></span> <span class='ocrx_word' id='word_1_259' title='bbox 2131 3277 2293 3336; x_wconf 89' lang='lat' dir='ltr'><strong>codd.</strong></span> <span class='ocrx_word' id='word_1_260' title='bbox 2321 3280 2396 3335; x_wconf 81' lang='lat' dir='ltr'><strong>ut</strong></span> <span class='ocrx_word' id='word_1_261' title='bbox 2422 3276 2670 3337; x_wconf 82' lang='lat' dir='ltr'><strong>cuilibet</strong></span> 
     </span>
     <span class='ocr_line' id='line_1_31' title="bbox 356 3363 2667 3443; baseline -0.001 -15"><span class='ocrx_word' id='word_1_262' title='bbox 356 3367 428 3428; x_wconf 73' lang='lat' dir='ltr'><strong>G.</strong></span> <span class='ocrx_word' id='word_1_263' title='bbox 458 3367 717 3426; x_wconf 76' lang='lat' dir='ltr'><strong>Mueller</strong></span> <span class='ocrx_word' id='word_1_264' title='bbox 750 3370 823 3426; x_wconf 83' lang='lat' dir='ltr'><strong>ut</strong></span> <span class='ocrx_word' id='word_1_265' title='bbox 856 3365 944 3425; x_wconf 90' lang='lat' dir='ltr'><strong>ibi</strong></span> <span class='ocrx_word' id='word_1_266' title='bbox 981 3368 1063 3426; x_wconf 89' lang='lat' dir='ltr'><strong>H.</strong></span> <span class='ocrx_word' id='word_1_267' title='bbox 1092 3367 1349 3428; x_wconf 77' lang='lat' dir='ltr'><strong>Mueller</strong></span> <span class='ocrx_word' id='word_1_268' title='bbox 1471 3368 1568 3425; x_wconf 92' lang='lat'><strong>11.</strong></span> <span class='ocrx_word' id='word_1_269' title='bbox 1616 3366 1918 3443; x_wconf 77' lang='lat' dir='ltr'><strong>malignae</strong></span> <span class='ocrx_word' id='word_1_270' title='bbox 1949 3363 2088 3424; x_wconf 90' lang='lat' dir='ltr'><strong>AB</strong></span> <span class='ocrx_word' id='word_1_271' title='bbox 2211 3367 2310 3424; x_wconf 87' lang='grc'><strong>12.</strong></span> <span class='ocrx_word' id='word_1_272' title='bbox 2355 3365 2580 3426; x_wconf 83' lang='lat' dir='ltr'><strong>inuitos</strong></span> <span class='ocrx_word' id='word_1_273' title='bbox 2606 3364 2667 3425; x_wconf 94' lang='lat' dir='ltr'><strong><em>A</em></strong></span> 
     </span>
     <span class='ocr_line' id='line_1_32' title="bbox 351 3453 2605 3531; baseline -0.001 -15"><span class='ocrx_word' id='word_1_274' title='bbox 351 3455 616 3517; x_wconf 77' lang='lat' dir='ltr'><strong>reddidit</strong></span> <span class='ocrx_word' id='word_1_275' title='bbox 641 3457 947 3530; x_wconf 75' lang='lat' dir='ltr'><strong>Kiessliny</strong></span> <span class='ocrx_word' id='word_1_276' title='bbox 990 3453 1213 3515; x_wconf 78' lang='lat' dir='ltr'><strong>redidit</strong></span> <span class='ocrx_word' id='word_1_277' title='bbox 1239 3453 1298 3513; x_wconf 98' lang='lat' dir='ltr'><strong><em>A</em></strong></span> <span class='ocrx_word' id='word_1_278' title='bbox 1342 3454 1541 3515; x_wconf 75' lang='lat' dir='ltr'><strong>reddit</strong></span> <span class='ocrx_word' id='word_1_279' title='bbox 1567 3455 1628 3513; x_wconf 90' lang='lat' dir='ltr'><strong><em>B</em></strong></span> <span class='ocrx_word' id='word_1_280' title='bbox 1643 3454 1729 3528; x_wconf 85' lang='lat' dir='ltr'><strong>V(</strong></span> <span class='ocrx_word' id='word_1_281' title='bbox 1723 3458 1798 3514; x_wconf 74' lang='lat' dir='ltr'><strong>at.</strong></span> <span class='ocrx_word' id='word_1_282' title='bbox 1795 3454 1830 3528; x_wconf 88' lang='lat'><strong><em>)</em></strong></span> <span class='ocrx_word' id='word_1_283' title='bbox 1858 3454 2051 3515; x_wconf 69' lang='lat' dir='ltr'><strong>Bru-x.</strong></span> <span class='ocrx_word' id='word_1_284' title='bbox 2070 3455 2159 3513; x_wconf 92' lang='grc' dir='ltr'><strong>ΙΙ</strong></span> <span class='ocrx_word' id='word_1_285' title='bbox 2257 3455 2518 3531; x_wconf 83' lang='lat' dir='ltr'><strong>polionis</strong></span> <span class='ocrx_word' id='word_1_286' title='bbox 2544 3453 2605 3514; x_wconf 94' lang='lat' dir='ltr'><strong><em>A</em></strong></span> 
     </span>
     <span class='ocr_line' id='line_1_33' title="bbox 358 3537 2670 3623; baseline -0 -18"><span class='ocrx_word' id='word_1_287' title='bbox 358 3549 457 3606; x_wconf 85' lang='lat'><strong>13.</strong></span> <span class='ocrx_word' id='word_1_288' title='bbox 504 3545 809 3606; x_wconf 76' lang='lat' dir='ltr'><strong>mansuris</strong></span> <span class='ocrx_word' id='word_1_289' title='bbox 850 3545 1013 3605; x_wconf 84' lang='lat' dir='ltr'><strong>codd.</strong></span> <span class='ocrx_word' id='word_1_290' title='bbox 1044 3563 1149 3604; x_wconf 86' lang='lat' dir='ltr'><strong>em.</strong></span> <span class='ocrx_word' id='word_1_291' title='bbox 1179 3544 1453 3603; x_wconf 69' lang='lat' dir='ltr'><strong>Bursian</strong></span> <span class='ocrx_word' id='word_1_292' title='bbox 1684 3545 1783 3602; x_wconf 82' lang='lat'><strong>14.</strong></span> <span class='ocrx_word' id='word_1_293' title='bbox 1831 3562 2272 3620; x_wconf 76' lang='lat' dir='ltr'><strong>superuacuum</strong></span> <span class='ocrx_word' id='word_1_294' title='bbox 2318 3537 2436 3623; x_wconf 80' lang='lat' dir='ltr'><strong>est]</strong></span> <span class='ocrx_word' id='word_1_295' title='bbox 2477 3543 2670 3604; x_wconf 70' lang='lat' dir='ltr'><strong>Schott</strong></span> 
     </span>
     <span class='ocr_line' id='line_1_34' title="bbox 354 3629 2451 3712; baseline -0.001 -17"><span class='ocrx_word' id='word_1_296' title='bbox 354 3635 615 3712; x_wconf 84' lang='lat' dir='ltr'><strong>superba.</strong></span> <span class='ocrx_word' id='word_1_297' title='bbox 660 3634 825 3694; x_wconf 86' lang='lat' dir='ltr'><strong>codd.</strong></span> <span class='ocrx_word' id='word_1_298' title='bbox 1012 3635 1110 3694; x_wconf 87' lang='lat'><strong>15.</strong></span> <span class='ocrx_word' id='word_1_299' title='bbox 1158 3633 1208 3692; x_wconf 90' lang='lat' dir='ltr'><strong>si</strong></span> <span class='ocrx_word' id='word_1_300' title='bbox 1257 3633 1392 3692; x_wconf 85' lang='lat' dir='ltr'><strong>add.</strong></span> <span class='ocrx_word' id='word_1_301' title='bbox 1423 3632 1615 3692; x_wconf 80' lang='lat' dir='ltr'><strong>Brux.</strong></span> <span class='ocrx_word' id='word_1_302' title='bbox 1637 3632 1726 3691; x_wconf 91' lang='lat' dir='ltr'><strong>II</strong></span> <span class='ocrx_word' id='word_1_303' title='bbox 1754 3629 2094 3692; x_wconf 85' lang='lat' dir='ltr'><strong>om.ABV</strong></span> <span class='ocrx_word' id='word_1_304' title='bbox 2135 3633 2232 3691; x_wconf 83' lang='lat' dir='ltr'><strong>cui</strong></span> <span class='ocrx_word' id='word_1_305' title='bbox 2269 3633 2451 3704; x_wconf 72' lang='lat' dir='ltr'><strong>Burs·</strong></span> 
     </span>
     <span class='ocr_line' id='line_1_35' title="bbox 359 3719 2667 3800; baseline -0.001 -17"><span class='ocrx_word' id='word_1_306' title='bbox 359 3725 459 3783; x_wconf 82' lang='lat'><strong>16.</strong></span> <span class='ocrx_word' id='word_1_307' title='bbox 496 3723 772 3783; x_wconf 77' lang='lat' dir='ltr'><strong>ualitudo</strong></span> <span class='ocrx_word' id='word_1_308' title='bbox 801 3722 860 3782; x_wconf 99' lang='lat' dir='ltr'><strong><em>A</em></strong></span> <span class='ocrx_word' id='word_1_309' title='bbox 884 3722 1145 3782; x_wconf 72' lang='lat' dir='ltr'><strong>VBruoe.</strong></span> <span class='ocrx_word' id='word_1_310' title='bbox 1166 3722 1253 3779; x_wconf 91' lang='lat' dir='ltr'><strong>II</strong></span> <span class='ocrx_word' id='word_1_311' title='bbox 1353 3725 1499 3780; x_wconf 84' lang='lat' dir='ltr'><strong>tunc</strong></span> <span class='ocrx_word' id='word_1_312' title='bbox 1536 3723 1698 3781; x_wconf 82' lang='lat' dir='ltr'><strong>codd.</strong></span> <span class='ocrx_word' id='word_1_313' title='bbox 1824 3723 1922 3780; x_wconf 84' lang='lat'><strong>17.</strong></span> <span class='ocrx_word' id='word_1_314' title='bbox 1962 3719 2246 3800; x_wconf 79' lang='lat' dir='ltr'><strong>namque]</strong></span> <span class='ocrx_word' id='word_1_315' title='bbox 2277 3741 2386 3798; x_wconf 88' lang='lat' dir='ltr'><strong>per</strong></span> <span class='ocrx_word' id='word_1_316' title='bbox 2414 3740 2667 3798; x_wconf 77' lang='lat' dir='ltr'><strong>eamque</strong></span> 
     </span>
     <span class='ocr_line' id='line_1_36' title="bbox 352 3809 2667 3889; baseline -0.001 -17"><span class='ocrx_word' id='word_1_317' title='bbox 352 3812 695 3888; x_wconf 76' lang='lat' dir='ltr'><strong>Schultinyh</strong></span> <span class='ocrx_word' id='word_1_318' title='bbox 739 3815 804 3872; x_wconf 88' lang='lat' dir='ltr'><strong>in</strong></span> <span class='ocrx_word' id='word_1_319' title='bbox 851 3831 975 3889; x_wconf 77' lang='lat' dir='ltr'><strong>qua</strong></span> <span class='ocrx_word' id='word_1_320' title='bbox 1024 3811 1199 3872; x_wconf 76' lang='lat' dir='ltr'><strong>Gertz</strong></span> <span class='ocrx_word' id='word_1_321' title='bbox 1326 3830 1363 3869; x_wconf 79' lang='lat' dir='ltr'><strong>a</strong></span> <span class='ocrx_word' id='word_1_322' title='bbox 1398 3811 1596 3886; x_wconf 88' lang='lat' dir='ltr'><strong>prisca.</strong></span> <span class='ocrx_word' id='word_1_323' title='bbox 1634 3813 1956 3870; x_wconf 81' lang='lat' dir='ltr'><strong>seueritate</strong></span> <span class='ocrx_word' id='word_1_324' title='bbox 1991 3809 2210 3870; x_wconf 87' lang='lat' dir='ltr'><strong>iudicis</strong></span> <span class='ocrx_word' id='word_1_325' title='bbox 2247 3812 2442 3870; x_wconf 77' lang='lat' dir='ltr'><strong>exacti</strong></span> <span class='ocrx_word' id='word_1_326' title='bbox 2479 3812 2667 3870; x_wconf 76' lang='lat' dir='ltr'><strong>maxi·</strong></span> 
     </span>
     <span class='ocr_line' id='line_1_37' title="bbox 356 3899 2666 3975; baseline 0 -15"><span class='ocrx_word' id='word_1_327' title='bbox 356 3921 589 3962; x_wconf 88' lang='lat' dir='ltr'><strong>morum</strong></span> <span class='ocrx_word' id='word_1_328' title='bbox 616 3920 749 3961; x_wconf 87' lang='lat' dir='ltr'><strong>nox.</strong></span> <span class='ocrx_word' id='word_1_329' title='bbox 772 3902 934 3961; x_wconf 86' lang='lat' dir='ltr'><strong>codd.</strong></span> <span class='ocrx_word' id='word_1_330' title='bbox 956 3920 1061 3960; x_wconf 87' lang='lat' dir='ltr'><strong>em.</strong></span> <span class='ocrx_word' id='word_1_331' title='bbox 1086 3900 1346 3961; x_wconf 75' lang='lat' dir='ltr'><strong>Gronou.</strong></span> <span class='ocrx_word' id='word_1_332' title='bbox 1374 3899 1573 3975; x_wconf 86' lang='lat' dir='ltr'><strong>prisca.</strong></span> <span class='ocrx_word' id='word_1_333' title='bbox 1598 3899 1920 3960; x_wconf 79' lang='lat' dir='ltr'><strong>seueritate</strong></span> <span class='ocrx_word' id='word_1_334' title='bbox 1951 3919 1982 3957; x_wconf 89' lang='lat' dir='ltr'><strong>e</strong></span> <span class='ocrx_word' id='word_1_335' title='bbox 2011 3899 2252 3960; x_wconf 84' lang='lat' dir='ltr'><strong>iudiciis</strong></span> <span class='ocrx_word' id='word_1_336' title='bbox 2279 3904 2490 3960; x_wconf 76' lang='lat' dir='ltr'><strong>exacta</strong></span> <span class='ocrx_word' id='word_1_337' title='bbox 2517 3903 2666 3960; x_wconf 77' lang='lat' dir='ltr'><strong>coni.</strong></span> 
     </span>
     <span class='ocr_line' id='line_1_38' title="bbox 353 3988 2668 4066; baseline -0.001 -16"><span class='ocrx_word' id='word_1_338' title='bbox 353 3991 659 4066; x_wconf 71' lang='lat' dir='ltr'><strong>Kieaalinq</strong></span> <span class='ocrx_word' id='word_1_339' title='bbox 796 3991 897 4050; x_wconf 81' lang='lat'><strong>20.</strong></span> <span class='ocrx_word' id='word_1_340' title='bbox 936 3993 1293 4064; x_wconf 67' lang='lat' dir='ltr'><strong>scripturam</strong></span> <span class='ocrx_word' id='word_1_341' title='bbox 1338 3989 1500 4048; x_wconf 84' lang='lat' dir='ltr'><strong>codd.</strong></span> <span class='ocrx_word' id='word_1_342' title='bbox 1536 3991 1758 4048; x_wconf 73' lang='lat' dir='ltr'><strong>retinui</strong></span> <span class='ocrx_word' id='word_1_343' title='bbox 1801 3989 1904 4048; x_wconf 84' lang='lat' dir='ltr'><strong>sed</strong></span> <span class='ocrx_word' id='word_1_344' title='bbox 1950 3988 2388 4050; x_wconf 71' lang='lat' dir='ltr'><strong>exclamationis</strong></span> <span class='ocrx_word' id='word_1_345' title='bbox 2431 3992 2668 4065; x_wconf 69' lang='lat' dir='ltr'><strong>siynum</strong></span> 
     </span>
     <span class='ocr_line' id='line_1_39' title="bbox 346 4078 2670 4160; baseline -0.001 -22"><span class='ocrx_word' id='word_1_346' title='bbox 346 4082 546 4154; x_wconf 76' lang='lat' dir='ltr'><strong>posui.</strong></span> <span class='ocrx_word' id='word_1_347' title='bbox 590 4097 813 4157; x_wconf 78' lang='lat' dir='ltr'><strong>magno</strong></span> <span class='ocrx_word' id='word_1_348' title='bbox 850 4096 1092 4137; x_wconf 87' lang='lat' dir='ltr'><strong>munere</strong></span> <span class='ocrx_word' id='word_1_349' title='bbox 1128 4078 1307 4138; x_wconf 87' lang='lat' dir='ltr'><strong>deum</strong></span> <span class='ocrx_word' id='word_1_350' title='bbox 1344 4080 1481 4138; x_wconf 79' lang='lat' dir='ltr'><strong>ante</strong></span> <span class='ocrx_word' id='word_1_351' title='bbox 1516 4078 1862 4137; x_wconf 80' lang='lat' dir='ltr'><strong>consulatus</strong></span> <span class='ocrx_word' id='word_1_352' title='bbox 1900 4081 2264 4160; x_wconf 71' lang='lat' dir='ltr'><strong>transposuit</strong></span> <span class='ocrx_word' id='word_1_353' title='bbox 2302 4079 2366 4139; x_wconf 91' lang='lat'><strong>0.</strong></span> <span class='ocrx_word' id='word_1_354' title='bbox 2396 4079 2670 4148; x_wconf 72' lang='lat' dir='ltr'><strong>Ribbeck,</strong></span> 
     </span>
     <span class='ocr_line' id='line_1_40' title="bbox 358 4166 2668 4248; baseline -0.001 -20"><span class='ocrx_word' id='word_1_355' title='bbox 358 4187 581 4248; x_wconf 79' lang='lat' dir='ltr'><strong>magna.</strong></span> <span class='ocrx_word' id='word_1_356' title='bbox 634 4186 885 4227; x_wconf 83' lang='lat' dir='ltr'><strong>munera.</strong></span> <span class='ocrx_word' id='word_1_357' title='bbox 939 4168 1117 4226; x_wconf 86' lang='lat' dir='ltr'><strong>deum</strong></span> <span class='ocrx_word' id='word_1_358' title='bbox 1164 4171 1302 4242; x_wconf 78' lang='lat' dir='ltr'><strong>post</strong></span> <span class='ocrx_word' id='word_1_359' title='bbox 1354 4166 1768 4244; x_wconf 76' lang='lat' dir='ltr'><strong>industriaque</strong></span> <span class='ocrx_word' id='word_1_360' title='bbox 1823 4167 2094 4227; x_wconf 73' lang='lat' dir='ltr'><strong>Eussner</strong></span> <span class='ocrx_word' id='word_1_361' title='bbox 2140 4186 2379 4247; x_wconf 77' lang='lat' dir='ltr'><strong>magno,</strong></span> <span class='ocrx_word' id='word_1_362' title='bbox 2425 4187 2668 4228; x_wconf 86' lang='lat' dir='ltr'><strong>munere</strong></span> 
     </span>
     <span class='ocr_line' id='line_1_41' title="bbox 356 4249 2670 4334; baseline -0.001 -16"><span class='ocrx_word' id='word_1_363' title='bbox 356 4259 438 4318; x_wconf 88' lang='lat' dir='ltr'><strong>H.</strong></span> <span class='ocrx_word' id='word_1_364' title='bbox 467 4258 726 4318; x_wconf 82' lang='lat' dir='ltr'><strong>Mueller</strong></span> <span class='ocrx_word' id='word_1_365' title='bbox 917 4259 1018 4316; x_wconf 89' lang='lat'><strong>21.</strong></span> <span class='ocrx_word' id='word_1_366' title='bbox 1065 4255 1339 4315; x_wconf 74' lang='lat' dir='ltr'><strong>situndas</strong></span> <span class='ocrx_word' id='word_1_367' title='bbox 1378 4249 1462 4314; x_wconf 81' lang='grc' dir='ltr'><strong>Βι</strong></span> <span class='ocrx_word' id='word_1_368' title='bbox 1662 4259 1762 4316; x_wconf 92' lang='lat'><strong>22.</strong></span> <span class='ocrx_word' id='word_1_369' title='bbox 1809 4261 2066 4334; x_wconf 77' lang='lat' dir='ltr'><strong>utraque</strong></span> <span class='ocrx_word' id='word_1_370' title='bbox 2104 4256 2164 4315; x_wconf 88' lang='lat' dir='ltr'><strong><em>A</em></strong></span> <span class='ocrx_word' id='word_1_371' title='bbox 2345 4261 2670 4317; x_wconf 79' lang='lat' dir='ltr'><strong>euenerant</strong></span> 
     </span>
     <span class='ocr_line' id='line_1_42' title="bbox 361 4345 1264 4408; baseline -0.004 0"><span class='ocrx_word' id='word_1_372' title='bbox 361 4347 433 4408; x_wconf 75' lang='lat' dir='ltr'><strong>G.</strong></span> <span class='ocrx_word' id='word_1_373' title='bbox 462 4347 721 4406; x_wconf 84' lang='lat' dir='ltr'><strong>Mueller</strong></span> <span class='ocrx_word' id='word_1_374' title='bbox 766 4349 1058 4405; x_wconf 82' lang='lat' dir='ltr'><strong>uenerant</strong></span> <span class='ocrx_word' id='word_1_375' title='bbox 1103 4345 1264 4405; x_wconf 84' lang='lat' dir='ltr'><strong>codd.</strong></span> 
     </span>
    </p>
   </div>
  </div>
 </body>
</html>
