3234 5034
1057 338 1568 399 A.CREMVT1VS
1607 337 1894 397 connvs
2490 361 2629 412 cxv

324 519 524 574 menta
569 514 780 588 libros,
836 528 988 588 quos
1041 515 1146 573 uir
1199 515 1300 572 ille
1347 510 1724 588 fortissimus
1767 515 2074 587 sanquine
2114 528 2227 572 suo
2272 515 2626 589 scripserat.

325 615 546 686 optime
581 613 866 672 meruisti
903 612 979 670 de
1009 610 1302 670 Romanis
1335 611 1574 684 studiis,
1601 626 1831 684 maqna
1859 612 2099 670 illorum
2119 627 2278 686 pars
2307 605 2626 694 arserat.¹)

323 712 544 786 optime
573 711 651 770 de
665 712 954 786 posteris,
1002 711 1089 770 ad
1121 724 1272 784 quos
1309 711 1514 768 ueniet
1548 711 1915 786 incorrupta
1951 727 2160 768 rerum
2190 710 2347 782 fides
2384 713 2631 770 auctori

321 823 430 868 suo
475 824 704 882 maana
751 809 1051 884 inputata.
1099 810 1320 884 optime
1366 809 1442 867 de
1486 811 1637 885 ips0,
1684 811 1862 868 cuius
1908 811 2077 882 αἱρεῖ
2114 809 2462 883 uiqebitque
2509 824 2627 868 me-

321 908 547 984 moria,
622 907 915 991 quamdiu
981 908 1044 966 in
1095 909 1305 982 pretio
1363 904 1562 982 fuerit
1606 905 1891 966 Romana
1956 909 2261 983 coqnosci,
2334 908 2627 981 quamdiu

321 1007 646 1080 quisquam
709 1007 848 1078 erit,
913 1008 1020 1079 qui
1081 1006 1318 1064 reuerti
1380 1007 1529 1064 uelit
1593 1005 1682 1064 ad
1744 1011 1888 1064 acta
1950 1007 2269 1082 maiorum,
2334 1005 2627 1079 quamdiu

323 1105 664 1178 quisquam,
711 1106 819 1178 qm·
871 1105 1021 1163 uelit
1063 1106 1244 1180 scire,
1291 1103 1446 1178 quid
1491 1105 1574 1162 sit
1617 1105 1725 1162 uir
1770 1101 2099 1178 Romanus,
2156 1103 2310 1178 quid
2358 1102 2629 1162 subactis

319 1203 446 1260 iam
495 1202 848 1262 ceruicibus
893 1203 1158 1261 omnium
1206 1207 1263 1261 et
1310 1202 1396 1261 ad
1440 1200 1841 1260 Seianianum
1899 1202 2109 1275 iuqum
2166 1201 2409 1261 adactis
2454 1201 2625 1262 indo-

317 1302 519 1374 mitus,
585 1301 738 1374 quid
796 1303 879 1360 sit
941 1299 1114 1360 homo
1179 1301 1455 1374 inqenio,
1521 1301 1751 1376 animo,
1814 1315 2002 1359 manu
2064 1299 2237 1358 liber.
2342 1315 2627 1375 magnum

317 1399 666 1458 mehercule
729 1399 1156 1458 detrimentum
1217 1414 1316 1457 res
1361 1398 1625 1474 publica
1685 1403 1959 1472 ceperat,
2017 1400 2073 1456 si
2126 1400 2294 1457 illum
2350 1399 2425 1457 ob
2471 1398 2629 1457 duas

319 1513 422 1555 res
453 1497 918 1571 pulcherrimas
963 1499 1026 1556 in
1076 1497 1440 1556 obliuionem
1488 1499 1847 1570 coniectum,
1896 1497 2297 1569 eloquentiam
2343 1501 2401 1555 et
2445 1497 2626 1556 liber·

319 1599 526 1672 tatem,
565 1610 688 1654 non
717 1598 1009 1654 eruisses:
1053 1597 1297 1668 leqitur,
1329 1597 1528 1672 floret,
1568 1597 1632 1654 in
1672 1611 1891 1654 manus
1916 1594 2243 1668 hominum,
2280 1597 2344 1654 in
2362 1601 2626 1670 pectora

317 1701 608 1768 receptus
671 1699 1032 1752 uetustatem
1095 1694 1324 1752 nullam
1389 1695 1586 1752 timet:
1652 1698 1720 1752 at
1778 1693 2019 1752 illorum
2080 1695 2445 1764 carnificum
2506 1695 2626 1752 cilo

315 1793 560 1851 scelera
625 1807 888 1866 quoque,
961 1791 1182 1866 quibus
1241 1792 1387 1851 solis
1449 1794 1802 1850 memoriam
1865 1797 2245 1866 meruerunt,
2320 1792 2625 1851 tacebunt.

319 1887 566 1949 Tiberio
612 1888 774 1948 enim
819 1896 1056 1949 mortuo
1103 1886 1364 1966 Caligula
1422 1889 1600 1948 etiam
1657 1887 1767 1948 hos
1824 1885 2065 1948 annales
2122 1889 2187 1946 in
2240 1886 2435 1948 lucem
2491 1905 2626 1967 pro-

320 1994 588 2046 traxerat
631 1984 1006 2065 lectitarique
1051 1987 1310 2048 iusserat
1357 1987 1550 2060 (Suet.
1606 1988 1737 2047 Cal.
1786 1987 1919 2064 16),
1974 1994 2042 2046 ut
2088 1985 2312 2046 Seneca
2358 1984 2505 2046 illud
2554 1985 2626 2046 de

321 2091 568 2147 aeterna
631 2103 838 2146 eorum
911 2086 1198 2146 memoria
1271 2085 1586 2146 uaticinari
1650 2085 1942 2164 potuerit,
2009 2091 2181 2162 pater
2243 2091 2440 2144 autem
2497 2086 2627 2145 eius

319 2181 488 2243 locos
535 2182 820 2262 quosdam
869 2184 1154 2244 suasoriis
1201 2185 1326 2244 suis
1373 2184 1641 2244 inserere
1682 2175 1801 2265 (fr.
1843 2183 1899 2242 1.
1938 2183 2029 2260 2),
2068 2201 2423 2262 quamquam
2461 2182 2625 2244 Cice-

321 2281 490 2340 ronis
539 2278 935 2342 laudationem
983 2288 1043 2342 et
1088 2282 1219 2360 ipso
1265 2288 1326 2341 et
1362 2281 1664 2342 Cremutio
1710 2299 1829 2341 non
1879 2278 2115 2358 dignam
2154 2299 2286 2342 esse
2324 2273 2622 2365 iudicat-²)

321 2377 485 2458 quod
533 2387 731 2440 tamen
781 2377 1130 2450 Quintiliani
1178 2387 1366 2441 aetate
1415 2397 1534 2440 non
1581 2380 1801 2458 integri
1847 2376 2214 2458 legebantur,
2275 2387 2421 2458 tum,
2487 2397 2623 2440 cum
2706 2405 2715 2414 ·

321 2476 568 2538 annales
617 2475 811 2538 denuo
857 2476 1324 2557 publicarentur,
1372 2495 1476 2539 eos
1512 2478 1901 2538 circumcisos
1943 2495 2075 2538 esse
2114 2479 2245 2540 ueri
2284 2477 2477 2538 simile
2516 2485 2625 2540 est.

319 2575 430 2636 sed
495 2577 674 2637 etiam
735 2575 911 2637 huius
971 2583 1161 2637 aetate
1210 2573 1528 2637 ‘amatores
1588 2593 1795 2636 eorum
1855 2574 2101 2638 libertas
2162 2595 2302 2637 suos
2361 2571 2625 2657 hahuit'3

317 2693 458 2734 nam
519 2672 865 2734 felicissime
920 2673 1319 2754 Nipperdeius
1365 2673 1418 2733 X
1471 2671 1533 2752 1,
1594 2670 1723 2733 104
1788 2673 1915 2734 loco
1982 2681 2119 2734 ante
2182 2693 2247 2734 se
2312 2673 2626 2754 desperato

321 2771 616 2833 Cremutii
670 2790 884 2832 nomen
945 2774 1208 2834 restituit
1255 2765 1393 2856 (Op.
1431 2768 1564 2834 409
1603 2765 1791 2856 sqq.):
1848 2773 2050 2834 Habet
2094 2767 2463 2857 amatores³)
2512 2792 2626 2835 nec

321 2874 610 2932 inmerito
665 2871 936 2932 Cremuti
943 2864 999 2954 ⁴³)
1039 2872 1309 2947 libertas,
1357 2889 1721 2948 quamquam
1767 2854 2153 2932 circumcisis
2196 2890 2357 2947 quae
2394 2874 2627 2933 dixisse

320 2974 380 3030 ei
423 2962 803 3052 nocuerat.⁶)
851 2971 965 3030 sed
997 2969 1220 3030 elatum
1268 2972 1513 3031 abunde
1555 2973 1841 3047 spiritum
1888 2977 1945 3030 et
1983 2972 2255 3030 audaces
2289 2974 2626 3031 sententias

320 3069 752 3146 deprehendas
793 3071 978 3129 etiam
1025 3071 1089 3128 in
1137 3070 1248 3138 his,
1297 3085 1456 3143 quae
1498 3076 1765 3129 manent.
1830 3074 1957 3127 tum
1994 3066 2237 3128 Tacitus
2277 3068 2624 3130 Suetonius·

321 3183 438 3245 que
504 3183 713 3225 eorum
777 3166 1180 3244 cognitionem
1238 3164 1600 3245 habuerunt,
1674 3165 1913 3226 Cassius
1976 3165 2084 3226 Dio
2158 3174 2322 3227 certe
2398 3165 2470 3227 de
2536 3169 2625 3228 eis

321 3263 576 3343 legerat3
635 3264 696 3324 in
742 3262 1070 3327 multorum
1123 3271 1322 3324 tamen
1377 3262 1649 3324 manibus
1706 3283 1827 3324 non
1882 3263 2168 3324 uidentur
2212 3265 2422 3343 fuisse,
2480 3267 2623 3345 quin

323 3363 500 3422 etiam
558 3379 702 3422 num
762 3360 990 3422 Plinius
1051 3363 1114 3421 in
1169 3361 1424 3422 naturali
1479 3361 1752 3442 historia,
1809 3363 1913 3440 qui
1966 3370 2207 3440 praeter
2260 3363 2329 3422 fr.
2378 3358 2420 3423 5
2478 3372 2537 3425 et
2581 3359 2622 3426 6

323 3461 502 3520 etiam
549 3460 614 3520 in
661 3458 860 3519 indice
913 3458 1055 3521 libri
1101 3459 1198 3520 Vll
1247 3477 1384 3521 eum
1432 3467 1735 3520 auctorem
1782 3462 2071 3540 nominat,
2131 3462 2239 3522 hos
2298 3463 2627 3540 inspexerit

319 3551 593 3638 propter'
617 3559 952 3636 argumenti
1000 3554 1407 3619 diuersitatem
1457 3555 1702 3618 dubium
1750 3566 1857 3618 est.

503 3715 556 3782 1)
594 3728 802 3782 mayna
837 3713 1058 3767 illorum
1087 3729 1227 3781 pars
1262 3711 1511 3782 pertinet
1548 3711 1622 3765 ad
1660 3711 1915 3765 Romana
1944 3712 2148 3780 studia,
2186 3729 2299 3766 non
2330 3712 2401 3766 ad
2430 3711 2621 3782 libi-oa,

323 3791 472 3860 quod
527 3791 763 3860 quidam
815 3791 1143 3859 uoluerunt3
1201 3791 1344 3847 dicit
1397 3792 1573 3862 igitur
1617 3791 1831 3847 Seneca
1878 3792 2176 3846 annalibus
2222 3791 2346 3864 igni
2394 3793 2623 3848 traditis

323 3889 588 3944 magnam
626 3870 941 3927 studiorum
977 3875 1198 3942 partem
1235 3873 1454 3928 arsisse.

498 3954 555 4024 2)
591 3952 892 4007 Asteriscis
929 3952 990 4006 in
1026 3951 1472 4023 fragmentorum
1508 3953 1757 4008 editione
1796 3951 2050 4024 peperci,
2100 3951 2235 4022 quia
2272 3956 2441 4009 antea
2474 3970 2620 4009 suas.

323 4039 372 4100 6,
405 4039 472 4088 16
511 4033 728 4087 Seneca
764 4049 800 4087 a
836 4032 1312 4089 declamatoribus
1351 4033 1426 4086 ad
1462 4032 1759 4088 historicos
1798 4049 1859 4088 se
1895 4033 2133 4088 transire
2164 4033 2549 4103 praemiserat.

500 4116 554 4182 3)
593 4115 896 4170 imitatores
931 4113 1052 4168 cod.
1086 4113 1301 4168 Monac.

498 4197 554 4260 4)
590 4209 706 4248 rem
845 4197 989 4249 muti
1023 4197 1156 4264 (rem
1189 4197 1396 4251 remitti
1431 4195 1562 4248 ante
1601 4197 1730 4263 ran.)
1772 4193 1961 4248 Bamb.
2002 4195 2204 4249 remitti
2238 4194 2468 4263 Argent.

501 4275 556 4340 ὃ)
594 4273 802 4329 duanae
835 4275 1076 4330 uoluerit
1108 4272 1450 4345 Nipperdey.
1489 4275 1735 4340 dixisset,
1771 4277 2061 4329 emacuerit
2094 4273 2282 4329 Ritter
2322 4273 2522 4330 Philol.
2544 4274 2621 4328 VI

321 4371 374 4423 p.
407 4359 508 4408 ‘158
529 4369 612 4420 sq.
652 4369 851 4423 parum
885 4357 1056 4409 recte.

2029 4444 2193 4500 vm.
