3234 5034
647 343 773 410 108
1314 345 1376 400 T.
1408 333 1719 402 FLA'VWS
1755 333 2252 402 VESPASIANVS

639 517 769 594 ipse
815 513 1152 594 praefectus
1199 514 1498 576 obtineret
1543 514 1890 594 Aegyptum,
1938 514 2347 576 Heracleotico
2392 515 2547 575 ostio
2596 512 2736 592 Nili,
2784 513 2937 593 quod

641 621 736 674 est
778 615 1119 691 maximum,
1168 612 1506 692 spectaculo
1553 612 1669 674 sibi
1718 613 1903 675 fuisse
1953 611 2371 693 delphinorum
2418 631 2451 674 a
2496 614 2652 674 mari
2689 629 2936 674 concur·

641 715 903 774 rentium
941 695 1022 772 ‘et
1081 710 1540 772 crocodilorum·
1575 730 1607 771 a
1667 711 1915 773 flumine
1976 710 2297 772 aduersum
2359 727 2569 790 agmen
2638 711 2937 790 agentium

632 810 808 872 uelut
859 828 970 890 pro
1025 808 1294 890 partibus
1349 809 1661 889 proelium.
1764 808 2093 871 crocodilos
2150 809 2221 870 ab
2279 807 2633 871 animalibus
2688 807 2938 889 placidis

639 927 963 987 morsuque
1023 910 1282 969 innoxiis
1343 910 1552 970 uictos.
1645 908 1741 969 his
1800 910 2076 988 superior
2134 925 2271 988 pars
2336 909 2605 988 corporis
2668 907 2819 968 dura
2882 915 2938 969 et
2963 925 2985 966 ι

640 1006 1092 1087 inpenetrabilis
1141 1013 1232 1068 est
1279 1009 1456 1068 etiam
1503 1008 1797 1068 maiorum
1846 1006 2192 1068 animalium
2240 1005 2537 1085 (lenimus,
2583 1013 2645 1067 at
2688 1007 2939 1067 inferior

639 1104 835 1166 mollis
896 1125 963 1167 ac
1023 1113 1244 1167 tenera.
1335 1105 1490 1167 hanc
1551 1102 1816 1185 delphini
1876 1107 2093 1186 spiniS,
2158 1124 2306 1187 quas
2368 1103 2545 1166 dorso
2604 1106 2939 1166 eminentes

640 1210 871 1283 gerunt,
928 1203 1225 1265 submersi
1282 1202 1671 1265 uolnerabant
1726 1211 1789 1264 et
1840 1205 1903 1264 in
1968 1202 2287 1265 aduersum
2354 1205 2507 1264 enisi
2574 1201 2937 1264 diuidebant.

640 1305 915 1364 rescissis
971 1303 1082 1363 hoc
1139 1301 1314 1364 modo
1372 1301 1648 1383 pluribus
1708 1305 1893 1363 ceteri
1949 1301 2117 1364 uelut
2172 1302 2297 1364 acic
2344 1319 2522 1364 uersa
2570 1302 2938 1381 refugerunt.

639 1401 814 1480 fugax
861 1400 1076 1462 animal
1125 1401 1358 1480 audaci,
1420 1399 1883 1461 audacissimum
1929 1399 2155 1461 timido.
2248 1419 2360 1461 nec
2412 1397 2547 1464 illos
2593 1399 2939 1480 Tentyritae
2964 1417 3009 1458 ιο

639 1501 876 1577 generis
941 1507 1043 1561 aut
1106 1501 1414 1578 sanguinis
1486 1500 1855 1579 proprietate
1931 1509 2215 1579 superant
2280 1498 2383 1559 sed
2459 1505 2809 1578 contemptu
2882 1505 2939 1558 et

641 1599 990 1659 temeritate.
1082 1597 1240 1658 ultro
1297 1599 1455 1658 enim
1503 1599 1904 1677 insequuntur
1959 1597 2371 1676 fugientesque
2426 1599 2648 1658 iniecto
2696 1597 2941 1658 trahunt

637 1695 876 1778 laque03
931 1695 1174 1776 plurimi
1222 1695 1463 1775 quidem
1509 1703 1791 1775 pereunt,
1847 1695 2063 1775 quibus
2120 1697 2315 1757 minus
2370 1713 2657 1775 praesens
2703 1697 2939 1756 animus

639 1793 712 1856 ad
757 1793 1240 1874 persequendum
1287 1795 1415 1855 ruit.

889 2044 969 2117 Τ.
1011 2043 1324 2117 FLAVH
1379 2043 1952 2136 VESPASIANI
2011 2041 2689 2118 COMMENTARII

495 2223 601 2303 Q
826 2217 890 2287 l.
937 2224 1169 2300 Ioseph.
1199 2227 1306 2285 uit.
1339 2224 1426 2284 65
1463 2209 1653 2299 (340)
1696 2225 1852 2297 ΙΙῶς
1899 2214 2201 2304 οὗν,.ἵνα
2247 2227 2353 2302 φῶ
2400 2217 2573 2304 πρὸς
2604 2217 2815 2284 αὐτὸν
2850 2217 2939 2295 ὡς
2964 2246 3013 2289 ιι

497 2313 600 2362 819
637 2320 964 2404 παρόντα,
1033 2317 1302 2402 Ἰοῦστε,
1363 2318 1698 2384 δεινότατε
1754 2315 2217 2404 συγγραφέων,
2274 2325 2473 2396 τοῦτο
2528 2305 2656 2401 γὰρ
2714 2316 2939 2401 αὐχεῖς

637 2414 790 2502 περὶ
856 2425 1171 2498 σεαυτοῦ,
1245 2421 1447 2482 αἴτιοι
1512 2418 1881 2501 γεγόναμεν
1942 2415 2072 2499 ἐγώ
2136 2439 2205 2481 τε
2270 2412 2382 2481 καὶ
2448 2415 2795 2480 Γαλιλαῖοι
2850 2411 2935 2499 ’τῇ

638 2514 909 2600 πατρίδι
955 2531 1080 2579 σου
1127 2523 1244 2598 τῆς
1287 2515 1453 2599 πρὸς
1499 2515 1871 2599 Ῥωμαίους
1916 2512 2027 2580 καὶ
2072 2515 2238 2595 πρὸς
2282 2513 2405 2580 τὸν
2448 2511 2726 2600 βασιλέα
2786 2512 2934 2578 στά-

640 2629 830 2698 σεως;
876 2615 1203 2697 πρότερον
1249 2614 1378 2702 γὰρ
1425 2611 1466 2696 ἢ
1490 2609 1625 2701 ’ἐμὲ
1662 2622 1778 2696 τῆς
1816 2615 2175 2700 Γαλιλαίας
2220 2611 2592 2700 στρατηγὸν
2636 2609 2770 2676 ὑπὸ
2816 2618 2935 2676 τοῦ

637 2719 869 2778 κοινοῦ
923 2721 1060 2776 τῶν
1106 2710 1665 2796 Ἱεροσολυμιτῶν
1727 2715 2309 2797 χειροτονηθῆναι,
2370 2711 2456 2776 σὺ
2520 2709 2632 2775 καὶ
2694 2708 2937 2786 πάντες
2963 2738 3015 2780 2⁰

647 2811 977 2893 Τιβεριεῖς
1023 2809 1106 2873 οὐ
1160 2811 1370 2893 μόνον
1411 2809 1817 2894 ’ἀνειλήφατε
1854 2809 1935 2874 τὰ
1978 2809 2171 2890 ὅπλα,
2216 2807 2383 2874 ἀλλὰ
2427 2806 2699 2884 καὶτὰς
2735 2805 2814 2874 ἐν
2858 2816 2936 2892 τῇ

425 2931 474 2986 11
491 2938 576 2999 18
589 2939 616 2987 1
641 2910 890 2994 Συρία
919 2907 1078 2980 δέκα
1129 2909 1355 2984 πόλεις
1411 2906 1802 2991 ἐπολεμεῖτε.
1841 2927 1847 2935 ·
1900 2909 1987 2972 σὺ
2042 2917 2215 2990 γοῦν
2258 2908 2384 2985 τὰς
2436 2907 2659 2990 κώμας
2713 2905 2937 2972 αὐτῶν

639 3003 1031 3104 ἐνέπρησας,
1085 3004 1196 3071 καὶ
1257 3005 1292 3070 ὁ
1357 3006 1474 3082 σὸς
1531 3003 1788 3089 οἰκέτης
1852 3005 1957 3071 ἐπὶ
2021 3015 2179 3092 τῆς
2198 3003 2620 3091 παραταξεως
2683 3003 2935 3088 ἐκείνης

639 3105 911 3169 ἔπεσεν.
978 3112 1184 3170 ταῦτα
1213 3099 1315 3167 δὲ’
1371 3100 1498 3168 οὐκ
1551 3099 1707 3186 ἐγὼ
1739 3102 1908 3184 λέγω
1962 3105 2195 3188 μόνος,
2260 3102 2429 3168 ἀλλά
2490 3099 2601 3168 καὶ
2670 3101 2744 3168 ἐν
2799 3113 2935 3180 τοῖς

641 3201 1150 3294 Οὐεσπασιανοῦ
1205 3210 1326 3266 τοῦ
1383 3200 1871 3293 αὐτοκράτορος
1916 3202 2388 3294 ὑπομνήμασιν
2431 3201 2643 3278 οὕτως
2698 3199 2931 3285 γε’γρα-
2960 3221 3009 3262 τι

637 3320 813 3382 πται,
841 3297 948 3364 καὶ
984 3323 1134 3364 τινα
1160 3301 1410 3390 τρόπον
1439 3296 1514 3364 ἐν
1533 3301 1955 3391 Πτολεμαιδι
1985 3299 2493 3382 Οὐεσπασιανοῦ
2522 3301 2935 3383 κατεβόησαν

639 3398 710 3463 οἱ
749 3409 890 3464 τῶν
930 3379 1096 3462 δέκα
1125 3400 1396 3474 πόλεων
1419 3393 1689 3482 ἔνοικοι,
1736 3402 2056 3502 τιμωρίαν
2094 3399 2413 3483 ὑποσχεῖν
2450 3415 2523 3463 σε
2561 3397 2683 3462 τὸν
2718 3403 2935 3462 αιτιον

637 3494 993 3574 ἀξιοῦντες.

982 3696 1076 3769 M.
1103 3645 1953 3770 ΑΝΤΟΝΙΓῙἩᾸΑΜ
2006 3695 2133 3770 DE
2189 3696 2279 3770 1⁴v
2292 3645 2581 3771 DAms'

820 3870 884 3938 1.
933 3876 1086 3936 Min.
1124 3877 1248 3937 Fel.
1296 3875 1422 3936 Oct.
1461 3876 1567 3954 33,
1614 3875 1657 3935 4
1714 3875 1947 3955 Scripta
1996 3891 2205 3936 eorum
2254 3873 2683 3952 [Iudaeorum]
2732 3874 2928 3953 relege

635 3973 749 4051 uel,
797 3981 863 4036 ut
909 3981 1282 4034 transeamus
1327 3981 1584 4054 ueteres,
1643 3972 1809 4034 Flaui
1856 3972 2091 4053 losephi
2140 3973 2255 4053 uel,
2313 3975 2363 4033 si
2410 3971 2693 4034 Romanis
2740 3975 2929 4053 magis
2954 3991 3005 4031 ιο

633 4145 862 4197 nomque
897 4133 949 4183 et
981 4127 1054 4182 Te
1185 4128 1390 4182 iturum
1419 4128 1681 4192 mevninit,
1710 4127 1907 4183 Strabo
1938 4132 2025 4196 17,
2053 4132 2109 4194 2,
2138 4133 2173 4184 5
2198 4145 2253 4196 p
2274 4131 2402 4194 824,
2438 4127 2721 4184 Ammmn.
2750 4129 2926 4184 Marc.

635 4199 834 4257 XXII
862 4199 1305 4265 15,18‚sidor.
1336 4201 1470 4271 oriq.
1503 4199 1642 4253 XII
1669 4202 1720 4265 6,
1750 4204 1833 4253 11.

817 4342 883 4429 l,
933 4351 1034 4409 29.
1094 4351 1285 4429 relege
1343 4349 1466 4424 uel,
1521 4350 1571 4408 si
1628 4349 1911 4411 Romanis
1969 4351 2160 4428 magis
2228 4349 2452 4426 gaudes
2508 4343 2755 4432 (gaudis
2810 4349 2925 4408 md.
