3234 5034
801 375 1234 432 IMPERATOR
1269 375 1330 430 P.
1361 373 1620 428 AELIVS
1660 371 2091 428 HADRIANVS
2325 373 2616 422 CLXXVII

301 542 616 604 duodecim
672 542 912 623 collegit
967 551 1028 604 et
1083 541 1274 604 edidit
1327 543 1601 615 (ΟΤιανίε.
1626 560 1695 619 p.
1734 541 1867 601 222
1906 542 2012 615 K.)
2070 549 2130 602 et
2194 559 2364 602 suam
2426 543 2613 602 uitam

297 650 365 703 ut
416 641 724 720 Augustus
785 643 1212 722 principesque
1269 642 1496 701 ueteris
1552 641 1643 700 rei
1708 638 1983 718 publicae
2048 641 2293 719 scripsit
2304 633 2376 724 ¹),
2442 642 2615 701 cuius

297 747 497 801 tamen
535 738 725 801 libros
761 757 883 800 non
919 759 1030 800 suo
1068 741 1312 800 nomine
1350 756 1488 800 eum
1527 736 1867 817 publicasse
1897 736 2248 816 Spartianus
2286 738 2473 799 refert
2509 738 2616 800 sed

297 836 724 898 libertinorum
779 837 1204 916 litteratorum,
1259 855 1337 897 ne
1392 839 1523 915 ipse
1577 837 1763 896 nimis
1819 835 2009 897 famae
2057 835 2311 897 celebris
2363 836 2617 916 cupidus

299 954 432 998 esse
489 935 822 1016 uideretur,
871 932 1033 998 ‘nam
1089 943 1149 996 et
1205 933 1547 1013 Phlegontis
1603 932 1745 995 libri
1791 931 2076 994 Hadriani
2130 952 2261 995 esse
2312 932 2613 996 dicuntur'

299 1035 438 1108 (uit.
472 1035 577 1114 16,
608 1035 667 1094 1.
705 1053 766 1096 u.
804 1035 1015 1096 Gesch.
1046 1033 1188 1095 Litt.
1219 1035 1263 1094 I
1292 1033 1470 1106 3⁴75).
1508 1029 1514 1036 ’
1546 1029 1883 1092 Hadrianus
1930 1039 2129 1092 tamen
2177 1035 2305 1112 ipse
2352 1039 2421 1093 ut
2470 1035 2618 1093 scri-
2692 1043 2699 1051 “

298 1138 434 1210 ptor
479 1134 614 1193 eius
659 1134 822 1194 uitae
878 1139 938 1193 et
993 1149 1026 1194 a
1073 1131 1390 1210 Spartiano
1445 1138 1506 1192 et
1560 1148 1593 1190 a
1655 1129 1859 1190 Cassio
1914 1128 2100 1190 Dione
2157 1133 2378 1192 citatur
2423 1149 2619 1212 neque

297 1249 555 1309 usquam
599 1248 760 1291 unus
807 1249 881 1291 ex
928 1232 1058 1291 eius
1105 1228 1357 1308 libertis,
1405 1235 1472 1290 ut
1507 1227 1610 1288 illa
1650 1228 1829 1307 fraus,
1878 1229 1931 1288 si
1966 1245 2115 1289 uere
2155 1231 2471 1290 commissa
2512 1238 2620 1309 est,

297 1326 476 1389 breui
525 1327 758 1390 detecta
806 1335 868 1389 et
912 1335 1182 1388 correcta
1229 1345 1362 1388 esse
1408 1325 1705 1387 uideatur.
1778 1325 1884 1386 sed
1932 1327 2063 1386 siue
2100 1324 2362 1387 alienum
2401 1345 2619 1389 nomen

297 1427 662 1505 inscriptum
703 1432 834 1486 erat
877 1428 1009 1487 siue
1054 1423 1204 1485 haec
1251 1423 1447 1485 fabula
1493 1424 1633 1485 ficta
1680 1430 1789 1502 est,
1837 1423 2133 1501 cupiditas
2178 1423 2420 1503 gloriae,
2468 1444 2621 1505 quae

298 1525 482 1584 etiam
529 1523 770 1603 plebem
817 1521 1288 1603 amplectebatur
1324 1523 1462 1595 (uit.
1504 1522 1561 1597 7,
1599 1522 1660 1582 6.
1710 1521 1814 1600 17,
1843 1520 1903 1581 8.
1952 1521 2071 1582 Dio
2119 1522 2223 1600 69,
2261 1523 2321 1601 3,
2360 1524 2419 1583 2.
2468 1525 2622 1586 Aur.

313 1622 467 1684 Vici.
497 1626 640 1698 epit.
672 1623 777 1699 14,
807 1623 896 1698 6),
933 1623 1054 1682 iam
1091 1622 1446 1700 antiquitate
1492 1627 1693 1680 notata
1730 1637 1806 1680 ex
1843 1620 2051 1699 paucis
2088 1619 2436 1698 fragmentis
2478 1624 2623 1682 satis

299 1719 502 1782 elucet
530 1721 930 1794 (Geschichtl.
969 1721 1114 1781 Litt.
1144 1721 1188 1780 I
1201 1737 1270 1796 p.
1301 1718 1435 1778 374
1461 1720 1597 1794 aq.).
1670 1735 1809 1779 nam
1872 1717 1943 1778 fr.
1997 1714 2030 1778 1
2089 1719 2383 1796 originem
2453 1718 2622 1780 fami-

299 1816 417 1878 liae
467 1835 616 1878 suae
660 1835 782 1878 non
828 1835 902 1878 ex
947 1816 1252 1896 Hispania,
1307 1833 1460 1896 quae
1506 1818 1735 1877 ueritas
1780 1814 1912 1894 fuit,
1968 1813 2075 1876 sed
2122 1833 2194 1876 ex
2239 1815 2405 1877 ltalia
2453 1834 2624 1896 repe·

301 1918 375 1977 tit
387 1909 464 2000 ¹),
503 1915 576 1976 fr.
606 1911 648 1975 2
695 1915 1062 1976 uinolentiae
1109 1915 1362 1976 crimine
1403 1913 1729 1974 Traianum
1777 1907 2199 1998 insequitur⁸),
2248 1914 2319 1975 fr.
2358 1911 2401 1975 3
2448 1933 2625 1976 omen

299 2015 548 2093 imperii
594 2013 799 2090 refert,
848 2013 918 2072 fr.
955 2009 1002 2073 4
1047 2029 1114 2072 se
1159 2014 1354 2073 inuito
1401 2017 1709 2072 senatores
1766 2013 1995 2071 occisos
2052 2028 2204 2090 esse,
2260 2012 2332 2073 fr.
2372 2007 2413 2074 5
2462 2015 2625 2074 Anti·

298 2129 488 2172 noum
531 2128 677 2172 casu
721 2112 1006 2171 interisse
1054 2107 1253 2188 tradit,
1301 2110 1371 2170 fr.
1411 2105 1452 2170 6
1499 2108 1623 2169 Titi
1668 2107 1830 2190 laudi
1874 2107 2123 2169 inuidet.
2136 2102 2195 2192 ⁴)

485 2217 830 2297 Conscripti
885 2225 1086 2278 autem
1143 2225 1286 2277 sunt
1338 2213 1480 2276 libri
1528 2206 1699 2298 (nam
1754 2214 1958 2294 plures
2006 2215 2273 2294 fuerunt,
2319 2218 2625 2294 uit.1,1.

303 2308 545 2399 16,1),
591 2323 910 2395 postquam
948 2313 1286 2376 Hadrianus
1333 2332 1403 2374 ex
1453 2312 1641 2374 altero
1687 2315 1905 2374 itinere
1941 2311 2191 2374 Romam
2238 2313 2426 2376 redux
2466 2308 2533 2399 (i.
2575 2334 2627 2377 e.

302 2431 464 2474 anno
524 2407 686 2497 134)
734 2411 1154 2492 tranquillitati
1209 2429 1276 2472 se
1334 2409 1523 2488 dedit,
1579 2417 1717 2470 ante
1772 2409 2045 2472 morbum
2104 2411 2341 2474 letalem
2398 2431 2446 2473 a.
2500 2409 2627 2475 136

304 2513 510 2586 (Plew
543 2530 613 2588 p.
653 2512 699 2572 6
721 2513 860 2590 sq.),
906 2509 1108 2590 idque,
1171 2511 1226 2571 si
1289 2507 1552 2570 indolem
1613 2525 1783 2569 suam
1849 2508 2150 2587 seruabat,
2216 2527 2353 2571 cum
2417 2529 2629 2590 magna

303 2611 660 2670 curiositate
689 2610 972 2683 (Tertull.
994 2611 1150 2686 apol.
1170 2609 1241 2682 5)
1272 2606 1594 2686 latinoque,
1627 2613 1697 2667 ut
1732 2608 1867 2666 ueri
1904 2606 2099 2667 simile
2129 2615 2236 2686 est,
2266 2626 2543 2670 sermone
2554 2603 2629 2692 ⁶),

303 2706 803 2786 duraueruntque
851 2724 964 2786 per
1008 2703 1249 2785 aliquod
1293 2706 1581 2784 temporis
1619 2705 1907 2786 spatium3
1954 2722 2090 2765 nam
2130 2723 2265 2766 cum
2306 2706 2629 2786 Septimius

303 2803 574 2866 Seuerus
640 2802 890 2865 Romam
955 2805 1241 2881 uenisset,
1307 2799 1630 2882 ‘hospitem
1696 2809 1948 2863 nanctus
2013 2809 2121 2880 est,
2186 2805 2290 2883 qui
2345 2802 2629 2866 Hadriani

303 2904 497 2964 uitam
561 2904 1010 2982 imperatoriam
1077 2900 1286 2962 eadem
1349 2899 1494 2961 hora
1561 2899 1817 2979 legeret,
1883 2899 2041 2978 quod
2107 2899 2208 2960 ille
2272 2900 2390 2962 sibi
2455 2921 2632 2964 omen

305 3000 549 3062 futurae
615 2999 920 3061 felicitatis
985 2995 1264 3077 arripuit’
1322 2999 1559 3075 (Spart.
1609 2999 1750 3059 Seu.
1800 2998 1859 3072 1,
1899 2998 1988 3076 6),
2052 2997 2228 3076 paulo
2292 3007 2429 3078 post
2494 3018 2631 3062 eum

304 3097 556 3160 Cassius
600 3096 712 3158 Dio
767 3100 1106 3177 inspexisse
1161 3095 1406 3158 uidetur
1452 3095 1559 3173 (fr.
1590 3097 1651 3156 5.
1692 3096 1781 3174 6),
1832 3095 2089 3174 denique
2137 3095 2517 3175 Spartianum
2568 3101 2630 3160 in

493 3341 547 3409 1)
585 3337 778 3394 Etiam
815 3339 1066 3394 indicem
1100 3355 1290 3394 rerum
1327 3353 1362 3391 a.
1399 3353 1460 3393 se
1497 3340 1788 3408 gestarum
1826 3337 1883 3390 in
1914 3336 2168 3393 Pantheo
2199 3339 2530 3396 Atheniensi
2559 3343 2631 3397 ab

307 3418 608 3474 Hadriano
645 3418 986 3489 inscriptum
1024 3435 1148 3474 esse
1177 3418 1560 3472 Wilamowitz
1589 3417 1778 3472 Herm.
1810 3425 1872 3471 21
1916 3436 1970 3487 p.
2004 3424 2105 3472 623
2146 3418 2403 3474 coniecit.

493 3501 548 3568 2)
590 3497 791 3555 Gesch.
821 3497 958 3553 Litt.
987 3497 1014 3553 I
1040 3517 1096 3569 p.
1123 3503 1244 3552 302.
1296 3497 1458 3562 Quod
1487 3497 1822 3568 Spartianus
1856 3503 1903 3564 1,
1926 3503 1957 3552 3
1988 3498 2341 3552 Hadrianum
2372 3501 2630 3557 ‘Romae'

309 3581 514 3632 natum
551 3595 676 3632 esse
711 3578 971 3648 tradidit,
1009 3578 1135 3649 ipse
1174 3577 1452 3632 errauisse
1491 3578 1740 3646 uidetur,
1788 3576 1853 3632 G.
1883 3577 2105 3648 'I‘ropea
2141 3578 2310 3633 Stude
2342 3582 2492 3652 myli
2516 3583 2631 3638 Ser.

495 3743 550 3809 3)
589 3738 672 3794 cf.
703 3739 936 3810 Eutrop.
969 3745 1020 3806 8,
1051 3745 1110 3794 6:
1151 3741 1249 3809 qui
1284 3739 1651 3810 (Hadrianus)
1696 3739 1937 3794 Traiani
1968 3739 2179 3809 yloriae
2214 3741 2488 3798 inuideas.

495 3823 552 3890 4)
591 3817 840 3874 Consilio
880 3820 1066 3888 omisi,
1104 3835 1250 3888 quae
1289 3819 1614 3873 coniectura
1650 3818 1723 3872 ad
1751 3817 2027 3872 Hadriani
2055 3818 2239 3873 uitam
2264 3819 2448 3875 relata
2486 3827 2633 3886 sunt,

313 3899 476 3954 uelut
512 3914 662 3968 quae
701 3899 773 3954 de
812 3899 1120 3971 adoptione
1165 3899 1344 3968 ipsius
1384 3898 1614 3953 Traiani
1656 3899 1809 3968 apud
1858 3897 2217 3967 Spartianum
2257 3902 2499 3970 exstant,
2540 3904 2635 3958 uel

313 3995 462 4049 quae
491 3979 564 4033 de
595 3979 871 4050 exemplis
901 3997 970 4034 ex
997 3981 1286 4034 uetustate
1314 3978 1572 4049 repetitis
1593 3978 1685 4048 (cf.
1708 3976 1973 4032 Wilcken
2000 3977 2186 4033 Herm.
2210 3985 2277 4032 37
2308 3998 2361 4049 p.
2384 3985 2453 4034 84
2472 3987 2633 4054 sqq),

313 4077 369 4114 u.
389 4059 761 4114 Kornemann
797 4058 834 4114 l.
866 4077 908 4115 s.
938 4079 995 4131 p.
1027 4067 1092 4114 11
1116 4077 1237 4129 sqq.
1277 4065 1343 4112 41
1373 4077 1457 4127 sq.

497 4143 554 4210 5)
591 4139 718 4194 Huc
757 4140 934 4194 etiam
972 4141 1031 4194 P.
1063 4141 1136 4195 de
1163 4135 1508 4193 Winterfeld
1547 4137 1816 4193 clausulis
1853 4138 2009 4192 uitae
2049 4139 2335 4208 Spartiani
2372 4141 2636 4197 obserua-

315 4221 392 4274 fis
442 4219 726 4274 deductus
773 4222 879 4288 est,
929 4236 1076 4290 qnae
1123 4221 1183 4274 in
1230 4219 1490 4290 partibus
1528 4218 1870 4288 quibusdam
1909 4218 1983 4273 ad
2017 4217 2198 4272 uitam
2236 4219 2513 4275 Hadriani
2549 4239 2637 4277 re-

319 4299 628 4355 deuntibus
656 4299 966 4356 deficerent
983 4303 1075 4372 (m.
1099 4301 1203 4354 Rh.
1225 4306 1294 4355 57
1323 4319 1377 4370 p.
1403 4303 1725 4366 549-555),
1746 4300 1931 4352 minus
1960 4299 2153 4352 tamen
2180 4297 2426 4354 feliciter
2452 4299 2637 4371 ipsam

321 4379 684 4451 imperatoris
721 4379 904 4434 uitam
942 4399 978 4436 a.
1017 4381 1319 4450 Spartiano
1357 4379 1789 4449 transscriptam
1826 4395 1949 4434 esse
1984 4378 2118 4432 hinc
2156 4378 2446 4436 conclusit.

423 4490 548 4530 Elin.
575 4487 710 4528 Rom.
741 4489 824 4531 rel.
851 4490 915 4541 11,
943 4489 1013 4530 ed..
1041 4491 1222 4530 Peter.
2105 4467 2209 4522 ΧΠ
