3234 5034
1261 341 1604 397 HISTORIA
2462 343 2583 408 157

289 509 440 572 uidit
497 528 632 572 eum
689 509 1050 572 exultantem
1106 529 1272 572 more
1327 508 1639 572 barbarico
1695 511 1985 590 iussitque
2032 509 2291 589 tribuno,
2337 518 2404 572 ut
2450 529 2585 572 eum

290 609 655 670 cohercitum
695 608 766 669 sd
802 608 1126 670 Romanam
1166 607 1440 670 inbueret
1479 608 1867 688 disciplinam.
1932 609 2031 669 ille
2068 627 2231 688 uero,
2267 609 2371 671 ubi
2410 609 2482 670 de
2521 628 2586 670 se

287 706 582 768 intellexit
625 709 958 787 principem
1005 705 1185 788 loqui,
1226 709 1481 768 accessit
1525 706 1598 768 ad
1646 725 1783 768 eum
1822 709 2302 788 equitantemque
2350 710 2583 788 praeire

288 805 542 886 pedibus
582 807 790 885 coepit.
857 815 983 866 tum
1023 807 1344 887 imperator
1381 824 1534 884 equo
1583 805 1655 866 ad
1691 804 1919 868 lentum
1966 824 2209 867 cursum
2256 805 2585 868 calcaribus

239 928 262 967 ⁵
287 905 532 965 incitato
579 902 797 964 multos
843 902 1018 965 orbes
1073 904 1191 964 huc
1239 911 1413 983 atque
1461 904 1602 964 illuc
1647 923 1837 983 usque
1885 903 1957 965 ad
2004 923 2172 965 suam
2221 904 2584 982 defatigatio·

287 1021 422 1062 nem
488 1003 672 1063 uariis
739 1001 1066 1063 deflexibus
1131 1001 1443 1081 impediuit
1497 1020 1566 1062 ac
1627 1001 1838 1063 deinde
1896 1004 1977 1063 ait
2029 1001 2144 1063 illi:
2198 999 2375 1064 ‘Num
2441 1003 2585 1082 quid

286 1103 380 1161 uis
435 1109 572 1180 post
627 1119 884 1179 cursum,
940 1099 1278 1178 Thracisce,
1336 1097 1627 1161 luctare?’
1687 1099 2017 1180 respondit:
2070 1097 2391 1170 ‘Quantum
2438 1101 2585 1162 libet

288 1195 651 1279 imperator?
718 1185 799 1260 ita
848 1197 1110 1260 Seuerus
1157 1217 1229 1258 ex
1285 1217 1437 1277 equo
1496 1197 1781 1259 desiliens
1836 1200 2281 1260 recentissimos
2328 1199 2583 1260 militum

287 1316 422 1358 cum
473 1316 544 1357 eo
592 1297 884 1358 decertari
931 1299 1121 1358 iussit.
1198 1304 1257 1357 at
1301 1296 1400 1357 ille
1448 1305 1676 1376 septem
1723 1295 2163 1358 ualentissimos
2214 1299 2465 1358 iuuenes
2512 1297 2584 1358 ad

286 1450 560 1505 tendendi
589 1467 715 1504 cum
743 1449 811 1517 is,
849 1450 948 1519 qui
986 1449 1101 1504 iam
1139 1467 1249 1504 non
1285 1449 1558 1504 mediocri
1595 1451 1718 1505 loco
1756 1449 2081 1505 militarent.
2136 1451 2583 1520 magnitudinem

285 1521 536 1603 corporis
567 1522 804 1576 Seuerus
841 1521 1078 1576 miratus
1117 1522 1182 1593 [c.
1215 1527 1268 1588 6,
1294 1527 1332 1576 8
1369 1521 1508 1575 Erat
1533 1521 1928 1592 magnitudine
1955 1525 2136 1591 tauta,
2166 1524 2231 1576 ut
2258 1526 2383 1577 octo
2412 1523 2583 1592 pedes

286 1594 486 1666 digitis
525 1609 623 1647 sex
659 1593 941 1647 diceretur
978 1609 1250 1663 egressus.
1287 1594 1356 1660 ef.
1379 1611 1422 1648 c.
1452 1597 1548 1662 28,
1568 1595 1649 1666 8.]
1676 1593 1916 1678 primum
1957 1609 2084 1647 eum
2122 1611 2247 1647 cum
2276 1593 2405 1648 lixis
2434 1612 2582 1650 com-

285 1665 495 1736 posuit,
525 1665 625 1718 sed
651 1664 974 1719 fortissimis
1003 1664 1334 1734 quibusque,
1363 1681 1435 1719 ne
1465 1665 1607 1719 disci
1650 1664 1828 1719 huam
1855 1664 2158 1719 militarem
2188 1670 2579 1737 corrumperet.

283 1741 419 1792 tunc
467 1736 806 1790 Maximinus
861 1736 1106 1791 sedecim
1162 1737 1304 1791 lixas
1360 1753 1470 1790 uno
1527 1753 1592 1790 su
1636 1753 1731 1791 ore
1781 1736 1995 1791 deuicit
2045 1737 2288 1792 sedecim
2336 1737 2581 1808 acceptis

283 1807 550 1879 praemiis
578 1807 924 1877 minusculis,
952 1823 1066 1862 non
1092 1807 1448 1874 militaribus,
1479 1807 1775 1876 iussusque
1811 1808 2075 1864 militare.
2140 1810 2207 1881 [c.
2236 1813 2293 1876 2,
2319 1813 2359 1864 2
2394 1809 2582 1864 Prima

285 1879 573 1950 stipendia
618 1879 901 1949 equestria
945 1879 1078 1933 huic
1123 1879 1316 1951 fuere.]
1378 1883 1439 1949 (3
1503 1879 1697 1934 Tertia
1743 1879 1889 1934 forte
1928 1880 2020 1934 die
2057 1897 2179 1934 cum
2220 1881 2585 1951 processisset

286 1951 526 2006 Seuerus
565 1951 639 2005 ad
677 1967 952 2021 campum,
990 1951 1049 2004 in
1087 1951 1258 2006 turba
1295 1967 1390 2005 exs
1453 1953 1669 2006 tantem
1705 1967 1859 2006 more
1888 1951 2182 2006 barbarico
2214 1951 2581 2007 Maximinum

283 2022 436 2077 uidit
461 2021 740 2091 iussitque
767 2021 963 2076 statim
991 2022 1236 2090 tribuno,
1265 2026 1330 2077 ut
1357 2039 1486 2078 eum
1523 2023 1845 2077 coherceret
1880 2026 1939 2078 et
1971 2023 2046 2075 ad
2072 2023 2385 2077 Romanam
2414 2023 2581 2079 disci-

285 2095 502 2166 plinam
539 2094 816 2150 inbueret.
881 2097 1018 2148 tunc
1054 2093 1168 2164 ille,
1205 2094 1307 2149 ubi
1345 2095 1416 2150 de
1453 2111 1512 2150 se
1548 2093 1833 2149 intellexit
1871 2094 2267 2164 imperatorem
2314 2094 2580 2164 locutum,

287 2166 602 2238 suspicatus
648 2165 922 2220 barbarus
972 2169 1032 2220 et
1065 2170 1260 2220 notum
1300 2183 1359 2221 se
1397 2183 1516 2221 esse
1557 2165 1802 2236 principi
1840 2169 1897 2220 et
1933 2166 2081 2220 inter
2115 2166 2323 2220 multos
2363 2168 2580 2237 conspi-

285 2256 468 2302 cuum,
519 2239 592 2292 ad
637 2239 813 2308 pedes
858 2238 1214 2307 imperatoris
1259 2237 1570 2306 equitantis
1617 2237 1871 2293 accessit.
1932 2239 2053 2292 tum
2099 2237 2295 2292 uolens
2342 2238 2580 2294 Seuerus

287 2311 594 2380 explorare,
623 2313 867 2378 quantus
897 2309 956 2364 in
993 2310 1265 2364 currendo
1304 2312 1468 2378 esset,
1507 2327 1713 2378 equum
1752 2307 1985 2364 admisit
2014 2309 2207 2364 multis
2238 2309 2581 2366 circuitioni-

285 2381 406 2449 bus,
464 2384 524 2436 et
577 2398 700 2435 cum
759 2397 928 2436 senex
983 2381 1290 2464 imperator
1338 2381 1671 2445 laborasset,
1728 2397 1907 2464 neque
1952 2381 2051 2434 ille
2090 2397 2124 2434 a
2162 2381 2435 2438 currendo
2482 2400 2582 2454 per

285 2453 466 2508 multa
511 2454 700 2523 spatia
737 2453 990 2522 desisset,
1029 2456 1113 2508 ait
1149 2453 1228 2508 ei:
1270 2453 1441 2518 ‘Quid
1478 2452 1564 2506 uis
1601 2452 1969 2507 '1¹hraec1sce‘?
2022 2454 2296 2522 numquid
2335 2455 2582 2510 delectat

287 2523 491 2579 luctari
537 2529 666 2595 post
711 2525 989 2579 cursum?
1047 2527 1194 2580 tume
1235 2525 1545 2590 ‘Quantum
1591 2524 1736 2580 libet
1771 2523 1999 2595 (inquit)
2042 2525 2384 2594 imperator.'
2450 2530 2582 2598 post

286 2596 390 2650 hoc
428 2612 498 2650 ex
535 2612 678 2666 equo
709 2595 946 2651 Seuerus
985 2595 1277 2651 descendit
1311 2599 1371 2651 et
1407 2595 1820 2651 recentissimos
1857 2612 2111 2666 quosque
2148 2613 2214 2652 ac
2246 2597 2580 2653 fortissimos

285 2667 495 2722 milites
543 2667 596 2722 ei
644 2667 958 2737 comparari
1003 2667 1182 2722 iussit.
1249 2671 1371 2723 tum
1416 2667 1513 2722 ille
1561 2685 1713 2722 more
1760 2667 1925 2723 solito
1975 2671 2191 2739 septem
2247 2669 2579 2724 fortissimos

287 2755 396 2793 uno
453 2741 654 2794 sudore
709 2737 851 2793 uicit
904 2739 1166 2808 solusque
1221 2738 1471 2793 omnium
1519 2756 1552 2793 a
1599 2738 1805 2794 Seuero
1852 2741 1980 2809 post
2024 2743 2293 2810 argentea
2330 2741 2580 2810 praemia

284 2814 484 2880 torque
522 2826 691 2865 aureo
731 2810 971 2865 donatus
1010 2813 1097 2864 est
1131 2811 1426 2880 iussusque
1462 2810 1610 2865 inter
1649 2810 1951 2880 stipatores
1989 2811 2233 2882 corporis
2266 2828 2483 2882 semper
2518 2813 2577 2866 in

285 2883 418 2937 aula
456 2882 774 2937 consistere.
831 2881 964 2936 hinc
1009 2883 1186 2952 igitur
1230 2882 1414 2936 factus
1452 2881 1788 2952 conspicuus
1827 2885 1885 2936 et
1919 2900 1973 2951 q.
2002 2899 2044 2936 s.
2110 2903 2153 2937 c.
2182 2889 2236 2950 4,
2263 2889 2298 2938 4
2334 2883 2443 2938 Hic
2480 2884 2577 2938 diu

284 2955 389 3008 sub
428 2953 712 3008 Antonino
751 2953 1041 3008 Caracallo
1087 2953 1312 3009 ordines
1360 2953 1522 3007 duxit
1567 2954 1911 3009 centuriatos
1959 2957 2018 3008 et
2054 2957 2267 3008 ceteras
2303 2954 2576 3010 militares

285 3025 596 3095 dignitates
643 3041 810 3095 saepe
855 3025 1142 3080 tractauit.
1204 3025 1309 3080 sub
1355 3023 1633 3094 Macrino,
1682 3027 1833 3096 quod
1881 3042 2033 3090 eum,
2081 3026 2177 3094 qui
2223 3025 2577 3095 imperatoris

284 3099 370 3151 sui
409 3097 586 3150 filium
627 3097 928 3165 occiderat,
965 3097 1328 3152 uehementer
1364 3097 1592 3165 odisset,
1630 3113 1666 3150 a
1702 3097 1911 3151 militia
1947 3097 2120 3151 desiit
2154 3099 2214 3151 et
2248 3097 2308 3151 in
2336 3097 2580 3154 Thracia

283 3169 341 3222 in
389 3169 535 3235 uico,
581 3167 680 3222 ubi
727 3169 952 3238 genitus
989 3169 1192 3236 fuerat,
1228 3169 1607 3239 possessiones
1652 3169 2005 3239 comparauit
2040 3170 2099 3223 et
2134 3186 2186 3238 q.
2218 3185 2261 3224 s.
2316 3169 2359 3241 5
2395 3174 2431 3224 6
2468 3170 2577 3224 Sed

283 3240 468 3324 occiso
507 3239 760 3294 Macrino
799 3257 924 3324 cum
961 3239 1077 3294 filio
1115 3256 1234 3309 suo,
1281 3239 1378 3293 ubi
1415 3239 1854 3324 Heliogabalum
1900 3240 2061 3322 quasi
2090 3240 2363 3324 Antonini
2400 3241 2578 3295 filium

283 3327 584 3438 3355‘253.
599 3315 870 3437 οέἑῗέἑῖῗὲ
887 3311 1697 3452 ῑᾏἯοῑῗὲἷῖἔὲἵὲιξὲἱῗέἒι,
1710 3313 2063 3452 θὲιωῑζεῖωιξα
2091 3313 2400 3438 ἰῗέἓ“ἰὲἔ
2426 3314 2577 3454 3333

281 3456 546 3524 inpurum
573 3455 856 3508 hominem
885 3454 1074 3510 ualere
1101 3455 1246 3510 nihil
1271 3455 1474 3525 potuit.
1521 3471 1657 3509 nam
1685 3457 1744 3508 et
1770 3472 1823 3522 q.
1846 3471 1885 3506 s.
1934 3471 1976 3508 c.
2009 3458 2061 3520 5,
2079 3458 2113 3508 4
2141 3469 2309 3523 quem
2336 3455 2577 3510 Alexan-

283 3527 383 3581 der
417 3528 562 3581 miro
600 3543 725 3580 cum
760 3527 990 3596 gaudio,
1018 3527 1161 3581 mira
1188 3544 1315 3582 cum
1342 3527 1726 3597 gratulatione
1754 3525 2014 3594 suscepit.
2076 3524 2394 3582 &mistiam
2554 3559 2575 3592 ·,

281 3599 508 3654 machus
560 3615 628 3654 ατ
678 3599 869 3654 Orosio
913 3601 1173 3668 sumpsit.-
1219 3599 1378 3666 (VII
1408 3603 1500 3665 18,
1529 3603 1590 3668 8)
1630 3596 1867 3652 militari
1912 3596 2159 3652 tumultu
2209 3599 2453 3670 [Alexan
2495 3602 2578 3673 er]

283 3686 317 3724 a
357 3669 435 3724 ud
475 3669 894 3740 Mogontiacum
941 3669 1270 3725 interfectus
1317 3671 1420 3725 est.
1478 3673 1594 3738 (19,
1622 3673 1681 3738 1)
1712 3669 1873 3723 Anno
1912 3667 1986 3722 ab
2021 3686 2075 3723 u.
2107 3686 2151 3724 c.
2181 3689 2577 3726 nccccnmvn

343 3741 622 3796 aximinus
653 3771 719 3782 —
747 3739 909 3795 nulla
945 3743 1174 3796 senatus
1211 3741 1506 3809 uoluntate
1541 3742 1850 3811 imperator
1878 3740 1951 3793 ab
1981 3742 2247 3809 exercitu,
2276 3747 2577 3812 postquam

281 3812 496 3867 bellum
531 3812 594 3867 in
631 3812 933 3868 Germania
969 3830 1232 3884 prospere
1267 3817 1538 3885 gesserat,
1575 3815 1797 3867 creatus
1832 3813 2277 3882 persecutionem
2322 3815 2385 3868 in
2420 3813 2577 3870 chri-

283 3885 497 3939 stianos
545 3886 734 3940 sextus
772 3901 808 3938 a
841 3883 1064 3940 Nerone
1110 3885 1372 3940 exercuit.
1440 3885 1538 3938 sed
1576 3883 1861 3953 continuo,
1907 3882 2017 3938 hoc
2060 3888 2147 3938 est
2182 3885 2369 3955 tertio,
2406 3903 2577 3956 quam

281 3955 562 4027 regnabat
589 3972 754 4026 anno,
784 3972 819 4010 a
856 3956 1143 4028 Puppieno
1187 3956 1456 4028 [Pupione
1491 3957 1655 4012 multi
1690 3955 1869 4027 codd]
1904 3955 2199 4024 Aquileiae
2246 3957 2574 4013 interfectus

283 4030 342 4082 et
374 4027 784 4098 persecutionis
823 4031 882 4083 et
917 4029 1070 4084 uitae
1108 4027 1273 4082 finem
1311 4027 1462 4082 fecit.

468 4183 522 4238 1.
567 4173 838 4259 tribuno]
872 4180 1028 4241 bono
1065 4181 1151 4238 II
1330 4181 1389 4240 4.
1438 4180 1514 4240 ad
1549 4181 1885 4240 uiolentum
1930 4199 2167 4241 cursum
2202 4182 2576 4242 Mur-atomus

287 4271 344 4330 6.
387 4269 701 4330 inflexibus
737 4269 1141 4347 interpedauit
1174 4270 1261 4329 II
1389 4271 1445 4328 8.
1492 4268 1606 4346 ita]
1638 4273 1782 4330 tunc
1817 4270 1943 4328 III
2069 4271 2425 4332 descendens
2456 4273 2583 4330 III

281 4360 506 4421 milites
534 4359 660 4418 III
835 4363 890 4422 9.
938 4357 1027 4436 at]
1077 4379 1148 4419 ac
1183 4361 1269 4418 II
1439 4354 1710 4439 iuuenes]
1747 4360 1969 4420 milites
2007 4361 2093 4419 II
