3234 5034
467 640 535 688 43

449 712 554 777 '‘1‘1'1'

463 1230 534 1277 43

445 1302 553 1368 '7—11

591 312 677 378 96
1482 313 1761 369 AVFIDII
1798 314 2001 370 BASSI

1105 516 1476 590 AVFIDII
1529 516 1799 591 BASSI
1852 518 2371 592 HISTORIAE

778 673 891 741 1²².
952 681 1163 740 Senec.
1208 696 1368 740 suas.
1416 680 1476 755 6,
1517 678 1601 739 18
1670 677 1891 741 Bassus
1955 680 2224 741 Aufidius
2290 689 2349 742 et
2409 682 2539 760 ipse
2606 680 2755 741 nihil
2818 678 2891 741 de

591 780 789 838 animo
845 777 1150 838 Ciceronis
1209 775 1502 838 dubitauit
1555 780 1702 858 quin
1758 778 1993 840 fortiter
2048 796 2113 839 se
2160 780 2339 839 morti
2384 797 2501 839 non
2549 778 2895 858 praebuerit

591 884 820 937 tantum
877 875 984 937 sed
1040 874 1337 937 obtulerit.
1412 874 1607 937 Aufidi
1658 874 1855 937 Bassi:
1911 876 2118 938 Cicero
2175 876 2417 956 paulum
2472 885 2703 937 remoto
2759 876 2893 937 uelo

589 984 902 1054 postquam
950 982 1206 1035 armatos
1251 972 1421 1054 uidit,
1460 970 1605 1053 ‘Ego
1645 992 1793 1037 uero
1830 970 2115 1036 consisto'
2154 978 2251 1054 ait,
2290 970 2549 1054 ‘accede,
2585 982 2893 1053 ueterum,

591 1080 666 1153 et,
713 1075 765 1134 si
811 1072 923 1135 hoc
979 1071 1174 1134 saltim
1229 1079 1399 1151 potes
1455 1080 1618 1134 recte
1668 1072 1891 1153 facere,
1936 1072 2136 1135 incide
2183 1070 2525 1134 ceruicem'.
2610 1076 2895 1135 trementi
2950 1091 2975 1131 s

592 1170 806 1233 deinde
856 1170 1264 1250 dubitantique
1304 1168 1499 1250 ‘Quid‚
1539 1173 1591 1231 si
1628 1170 1701 1231 ad
1738 1169 1877 1251 me',
1914 1172 2126 1252 inquit,
2166 1169 2446 1251 ‘primum
2483 1170 2894 1234 uenissetis‘?’.

769 1264 882 1332 2²⁸.
933 1270 1141 1331 Senec.
1187 1288 1348 1331 suas·
1387 1270 1446 1345 6,
1478 1270 1566 1331 23
1612 1269 1806 1331 Aufidi
1852 1268 2047 1331 Bassi:
2104 1270 2203 1331 Sic
2247 1268 2321 1331 M.
2360 1270 2569 1331 Cicero
2618 1269 2899 1348 decessit,

588 1370 688 1429 uir
742 1376 915 1429 natus
971 1366 1044 1427 ad
1098 1369 1188 1428 rei
1244 1366 1517 1447 publicae
1573 1367 1851 1444 salutem,
1900 1387 2051 1448 quae
2100 1368 2201 1429 diu
2251 1368 2488 1430 defensa
2535 1377 2597 1429 et
2642 1368 2896 1430 admini-

590 1475 770 1528 strata
825 1468 889 1527 in
945 1473 1252 1527 senectute
1310 1464 1545 1526 demum
1605 1484 1638 1526 e
1696 1466 1971 1527 manibus
2027 1468 2157 1527 eius
2204 1466 2483 1546 elabitur,
2528 1486 2649 1527 uno
2701 1468 2898 1547 ipsius

589 1567 735 1626 uitio
781 1565 956 1643 laesa,
1004 1563 1161 1644 quod
1205 1564 1354 1624 nihil
1403 1566 1463 1623 in
1513 1563 1765 1625 salutem
1811 1566 1940 1626 eius
1988 1563 2147 1625 aliud
2192 1564 2280 1624 illi
2326 1584 2502 1645 quam
2560 1567 2610 1625 si
2664 1568 2893 1626 caruis·
2926 1584 2981 1623 ιο

589 1670 682 1724 set
719 1664 986 1740 Antonio,
1022 1661 1261 1742 placuit.
1335 1661 1493 1722 Vixit
1539 1664 1841 1741 sexaginta
1887 1671 1949 1723 et
1994 1670 2116 1724 tres
2164 1681 2349 1724 annos
2392 1665 2493 1742 ita,
2540 1672 2609 1724 ut
2654 1682 2898 1743 semper

589 1770 691 1822 aut
734 1768 965 1841 peteret
1011 1759 1262 1821 alterum
1310 1768 1413 1821 aut
1455 1762 1719 1822 inuicem
1765 1768 2087 1841 peteretur,
2136 1760 2476 1841 nullamque
2525 1780 2651 1822 rem
2697 1762 2896 1822 rarius

589 1878 766 1939 quam
814 1858 972 1920 diem
1017 1858 1184 1919 illum
1233 1878 1350 1937 quo
1397 1858 1620 1919 nullius
1666 1860 1987 1921 interesset
2030 1862 2229 1939 ipsum
2276 1860 2446 1935 mori,
2490 1858 2663 1921 uidit.

767 1952 885 2020 3³⁸.
942 1959 1210 2019 Cassiod.
1249 1962 1314 2019 in
1355 1961 1462 2031 fin.
1502 1960 1712 2020 chron.
1739 1977 1808 2035 p.
1840 1958 1971 2018 659
2010 1958 2277 2019 Momm-3.
2342 1958 2389 2017 A
2426 1956 2610 2019 Bruto
2650 1966 2713 2018 et
2748 1957 2895 2017 Tar·

590 2058 793 2136 quinio
858 2074 1046 2136 usque
1113 2054 1186 2116 ad
1251 2055 1624 2117 consulatum
1688 2064 1977 2133 uestrum,
2042 2058 2199 2117 sicut
2264 2074 2335 2117 ex
2395 2055 2529 2116 Tito
2596 2055 2768 2117 Liuio
2834 2064 2895 2117 et
2928 2074 2982 2115 ιε

586 2154 818 2216 Aufidio
873 2154 1057 2215 Basso
1115 2162 1174 2215 et
1227 2153 1496 2215 Paschali
1552 2153 1850 2216 clarorum
1914 2156 2185 2216 uirorum
2251 2156 2601 2216 auctoritate
2657 2154 2895 2215 firmato

590 2252 953 2333 collegimus,
1002 2254 1139 2313 anni
1189 2260 1332 2313 sunt
1376 2266 1622 2313 nml.

755 2371 822 2429 p.
862 2351 994 2412 630
1033 2351 1154 2412 Mo.
1195 2351 1367 2425 (746
1412 2370 1468 2411 a.
1507 2370 1564 2412 u.
1605 2354 1687 2426 c.)
1736 2350 1797 2413 C.
1834 2352 2075 2412 Asinius
2122 2359 2181 2412 et
2228 2350 2289 2412 C.
2327 2349 2601 2412 Marcius,

769 2444 904 2533 (His
952 2467 1144 2509 conss,
1183 2450 1340 2509 inter
1385 2448 1578 2509 Albim
1636 2458 1695 2509 et
1738 2448 2011 2511 Rhenum
2060 2448 2339 2510 Germani
2394 2468 2602 2509 omnes
2649 2448 2893 2510 Tiberio

589 2546 808 2608 Neroni
857 2546 1056 2608 dediti.
1121 2566 1232 2625 per
1279 2547 1522 2607 Sextum
1569 2547 1881 2627 Apuleium
1928 2546 2217 2609 Pannonii
2264 2542 2541 2630 subacti.)
2928 2566 2987 2605 ao

770 2646 967 2721 (747)
1015 2644 1102 2705 Ti.
1142 2643 1299 2706 Nero
1347 2653 1407 2706 et
1451 2644 1555 2706 Cn.
1593 2644 1747 2706 Piso.

770 2743 966 2819 (748)
1013 2742 1079 2803 D.
1119 2743 1354 2804 Laelius
1401 2751 1462 2805 et
1507 2743 1568 2804 C.
1605 2744 1913 2805 Antistius.

771 2844 969 2919 (749)
1017 2842 1318 2920 Augustus
1364 2840 1585 2903 Caesar
1630 2841 1709 2903 XI
1758 2850 1817 2903 et
1864 2841 1925 2902 L.
1966 2840 2139 2921 Sylla.

769 2942 962 3016 (750)
1012 2939 1074 3000 C.
1112 2939 1408 3001 Caluisius
1455 2948 1516 3001 et
1560 2940 1624 3000 L.
1663 2940 1997 3001 Passienus.

768 3041 966 3115 (751)
1015 3037 1075 3099 C.
1117 3037 1403 3099 Lentulus
1451 3046 1512 3099 et
1557 3037 1630 3099 Μ.
1669 3037 1935 3100 Messala.
2926 3056 2986 3096 ss

771 3236 827 3292 1.
868 3238 1040 3292 Modo
1077 3238 1312 3293 Liuium
1355 3238 1558 3292 Seneca
1603 3254 1743 3293 narr
1744 3244 1927 3292 antem
1962 3237 2327 3305 induxerat(
2298 3238 2365 3309 (ἕ
2402 3240 2473 3291 17
2473 3240 2535 3305 )
2584 3236 2729 3293 satia
2766 3254 2895 3293 con-

590 3312 708 3363 stat
753 3325 944 3363 seruos
989 3308 1214 3363 fortiter
1259 3308 1610 3377 fideliterque
1656 3310 1884 3391 paratos
1920 3308 2094 3363 fuisse
2132 3309 2207 3361 ad
2244 3308 2659 3377 dimicandumg
2706 3309 2897 3379 ipsum

590 3379 798 3462 deponi
849 3380 1110 3434 lecticam
1166 3382 1223 3432 et
1273 3379 1495 3447 quietos
1550 3380 1674 3449 pati
1726 3380 1877 3461 quod
1934 3396 2052 3435 sors
2107 3379 2306 3449 iniqua
2360 3383 2587 3451 cogeret
2643 3378 2893 3436 iussisse.

589 3451 932 3522 prominenti
969 3469 1038 3505 ex
1074 3449 1276 3505 lectica.
1311 3451 1719 3521 praebentique
1758 3450 2029 3505 inmotam
2068 3450 2344 3505 ceruicem
2372 3454 2546 3533 eaput
2572 3452 2897 3520 praecisum

590 3526 690 3579 est.
753 3524 834 3590 Of.
873 3523 1102 3593 Quin-til.
1136 3522 1272 3577 XII
1303 3528 1353 3589 1,
1383 3527 1454 3577 17
1509 3524 1661 3593 quod
1706 3522 1973 3593 probauit
2016 3525 2195 3577 morte
2242 3540 2465 3593 quoque
2510 3522 2664 3593 ipsa,
2721 3540 2898 3592 quam

587 3594 1076 3665 praestantissimo
1115 3594 1364 3662 suscepit
1401 3594 1604 3647 animo.

773 3774 836 3860 l,
888 3784 942 3842 6.
992 3778 1176 3857 quid?
1224 3782 1396 3856 quasi
1436 3780 1500 3840 0.
1529 3781 1698 3841 Jahn

769 3864 835 3949 2,
887 3875 942 3932 9.
992 3864 1276 3949 elabitur]
1305 3870 1517 3929 habitu
1536 3868 1718 3929 Antu.
1740 3869 1929 3929 Brux.
1954 3870 2082 3929 Vat.
2110 3870 2337 3929 labitur
2362 3871 2552 3930 Brux.
2574 3871 2663 3929 II
2774 3892 2899 3931 uno

588 3962 670 4020 H.
693 3960 946 4020 Mueller
996 3978 1115 4019 non
1153 3960 1314 4020 codd.
1352 3960 1464 4020 hoc
1497 3960 1670 4021 Gertz
1714 3978 1833 4019 non
1870 3960 2059 4035 ipsius
2098 3962 2249 4019 uitio
2286 3960 2452 4019 laesa.
2486 3956 2691 4037 (nisi)
2733 3961 2899 4036 qnod

593 4050 851 4111 Gronau.
1003 4052 1100 4110 10.
1147 4044 1336 4128 (sed)
1363 4049 1524 4125 quod
1552 4050 1905 4123 Schultimqh.
2042 4048 2239 4109 salute
2278 4049 2439 4109 codd.
2596 4052 2697 4111 13.
2748 4048 2896 4127 quo]

592 4138 990 4376 ᾳῃοᾱὲῗάἒ.
1039 4245 1147 4287 om.
1177 4220 1614 4309 M(onacensis)
1880 4227 1981 4285 25.
2028 4244 2137 4285 om.
2166 4227 2248 4285 M
2286 4226 2483 4287 lentus
2514 4220 2895 4309 Ruminae)

588 4336 743 4377 mess
811 4335 847 4375 a
