3234 5034
1018 333 1356 390 VITARVM
1393 333 1833 390 SCRIPTORES
2317 359 2402 406 01,
2408 358 2581 408 xxnl

271 502 494 583 Aquilii
541 521 866 583 perpessus
913 511 1006 564 est
1050 502 1460 565 Herennius
1509 504 1838 584 Senecio,
1891 523 1961 566 ex
2002 505 2235 568 Baetica
2276 507 2581 586 oriundus,

271 601 379 663 ubi
437 604 616 664 etiam
673 609 991 682 quaestura
1051 601 1290 664 functus
1345 611 1462 682 est,
1517 609 1765 683 propter
1818 607 2003 665 uitam
2058 602 2319 665 Heluidii
2374 605 2583 686 Prisci,

271 702 418 762 item
476 699 817 780 philosophi
871 701 1046 761 stoici
1089 698 1506 780 Thraseaeque
1553 703 1788 780 generi,
1844 703 1947 782 qui
2002 709 2136 782 post
2185 705 2415 764 uariam
2461 704 2581 765 for-

271 807 480 860 tunam
535 801 797 879 primum
845 818 876 859 a
915 797 1168 880 Nerone,
1217 797 1430 861 deinde
1479 819 1510 860 a
1546 799 1906 880 Vespasiano
1955 809 2199 881 propter
2243 801 2578 863 libertatem

267 895 458 958 Roma
497 897 708 977 pulsus
745 904 804 958 et
841 896 914 958 ab
951 896 1064 957 hoc
1099 897 1451 960 interfectus
1491 905 1620 958 erat
1648 899 1929 976 (Prosop.
1964 899 2123 976 Hp.
2147 899 2279 960 129
2306 918 2364 961 n.
2385 894 2578 984 37).¹)

271 995 526 1056 florebat
590 1003 790 1058 autem
854 997 915 1055 in
981 995 1130 1057 urhe
1196 994 1369 1057 laude
1427 994 1819 1076 eloquentiae,
1874 1015 2009 1057 cum
2067 1015 2195 1059 eam
2249 1000 2492 1078 scripsit
2547 1017 2579 1058 a

269 1093 518 1173 Fannia,
563 1112 750 1156 uxore
797 1092 1060 1155 Heluidii
1105 1093 1343 1174 liliaque
1389 1094 1687 1156 Thraseae
1736 1103 1795 1156 et
1839 1096 2047 1157 Arriae
2092 1098 2359 1176 minoriS,
2411 1115 2579 1176 roga-

268 1200 370 1254 tus
436 1195 1002 1271 commentariisque
1077 1191 1340 1273 adiutus,
1413 1200 1845 1274 accusatusque
1920 1203 2011 1255 est
2074 1213 2106 1255 a
2162 1193 2365 1256 Mettio
2430 1195 2580 1258 Caro

271 1289 553 1352 delatore.
629 1291 958 1371 fragmenta
1023 1298 1228 1352 tamen·
1288 1293 1420 1352 eius
1486 1290 1727 1372 desunt,
1792 1295 1907 1353 etsi
1968 1293 2191 1354 Fannia
2258 1311 2389 1354 eam
2444 1313 2579 1356 cum

268 1389 438 1451 exilii
491 1390 761 1470 periculo
826 1391 1094 1452 seruauit
1149 1392 1336 1464 (Ptin.
1383 1409 1474 1468 ep.
1526 1391 1584 1469 7,
1623 1390 1727 1470 19,
1765 1393 1855 1469 5),
1910 1389 2165 1452 Marciae
2230 1392 2383 1453 filiae
2440 1391 2579 1454 Cre-

267 1491 446 1550 mutii
494 1487 674 1550 Cordi
719 1488 1056 1569 exemplum
1103 1496 1306 1550 secuta
1345 1490 1432 1562 (u.
1459 1507 1506 1550 s.
1532 1509 1600 1567 p.
1635 1509 1812 1578 σχιιζι
1830 1492 1966 1565 sq).

450 1587 706 1649 Maxime
743 1588 856 1649 hoc
895 1586 1228 1649 litterarum
1265 1605 1454 1667 genus
1499 1587 1795 1648 Traiani
1841 1594 2073 1649 aetate
2112 1589 2271 1650 inter
2308 1607 2410 1650 eos
2448 1607 2578 1651 ora·

269 1695 435 1748 tores
475 1685 800 1767 doctosque
827 1685 1099 1747 homines
1128 1687 1336 1766 uiguit,
1365 1688 1425 1746 in
1456 1704 1711 1766 quorum
1741 1684 2229 1748 consuetudinem
2258 1705 2575 1768 moresque

271 1784 448 1846 Plinii
497 1784 772 1864 epistulis
819 1782 1272 1846 introducimur.
1340 1786 1518 1846 etiam
1565 1785 1832 1845 omnium
1878 1781 2235 1846 ‘occisorum
2284 1794 2386 1848 aut
2427 1785 2575 1847 rele-

266 1892 543 1963 gatorum
583 1902 616 1944 a
655 1879 913 1944 Nerone'
955 1882 1248 1962 conplecti
1285 1890 1563 1963 coeperat
1592 1882 1653 1944 C.
1682 1883 2023 1962 FanniuS,
2062 1901 2375 1946 causarum
2412 1893 2578 1946 actor

269 2000 301 2041 a
349 1981 544 2044 Plinio
601 1990 668 2043 ut
723 1981 962 2062 elegans
1017 1989 1078 2042 et
1124 1981 1408 2061 disertuS,
1466 1987 1675 2043 acutus
1731 1989 1965 2061 natura,
2021 2001 2135 2042 usu
2200 1985 2575 2063 exercitatuS,

268 2081 528 2142 ueritate
591 2082 1076 2161 promptissimus
1138 2078 1436 2159 laudatuS,
1502 2082 1675 2141 cuius
1731 2081 2077 2141 memoriam
2132 2087 2269 2160 post
2322 2089 2573 2144 mortem

272 2171 464 2263 (inter
518 2198 706 2240 annos
757 2173 884 2240 105
931 2187 992 2240 et
1042 2173 1198 2262 108)
1248 2178 1500 2258 epistula
1550 2179 1594 2238 V
1632 2173 1673 2239 5
1720 2185 2075 2258 prosecutus
2132 2186 2248 2258 est,
2307 2187 2573 2242 ceterum

271 2280 528 2358 ignotus,
601 2279 796 2358 primo
861 2276 1013 2338 libro
1081 2277 1153 2338 de
1219 2275 1547 2337 sceleribus
1605 2275 1858 2337 Neronis
1924 2285 2127 2355 egerat
2185 2285 2361 2357 atque
2417 2277 2575 2339 hunc

272 2375 541 2458 duosque
607 2375 900 2456 ediderat,
966 2377 1068 2456 qui
1123 2376 1469 2455 frequenter
1532 2374 1976 2455 lectitabantur,
2042 2394 2177 2436 cum
2252 2379 2570 2457 quominus

271 2473 584 2556 ‘reliquos'
631 2476 975 2555 perliceret,
1030 2482 1220 2535 morte
1277 2473 1577 2553 inpeditus
1626 2481 1743 2552 est,
1790 2471 1851 2534 id
1898 2472 2057 2552 quod
2102 2473 2387 2554 Plinium,
2436 2495 2571 2565 cum

267 2570 548 2635 ‘subtiles
587 2581 645 2635 et
686 2573 1001 2654 diligentes
1039 2580 1099 2634 et
1145 2569 1334 2633 latini’
1373 2579 1590 2650 essent,
1629 2573 1798 2650 graui
1837 2571 2037 2633 dolore
2076 2571 2343 2634 confudit
2380 2577 2446 2648 (Ι.
2474 2577 2573 2649 su).

447 2671 712 2735 Eandem
771 2673 1105 2750 materiam,
1153 2667 1372 2732 ‘exitus
1428 2670 1767 2731 inlustrium
1824 2673 2121 2750 uirorum,
2176 2671 2239 2731 in
2285 2671 2381 2733 his
2428 2693 2571 2753 quo-

270 2770 526 2833 rundam
587 2771 703 2832 sihi
764 2766 1236 2832 carissimorum'
1297 2767 1663 2830 tractandam
1724 2771 2061 2849 suscepisse
2126 2769 2285 2832 idem
2345 2768 2573 2834 Plinius

270 2873 441 2932 testis
491 2878 586 2932 est
627 2873 692 2931 in
740 2888 832 2950 ep.
875 2865 958 2930 12
1005 2867 1142 2929 libri
1191 2868 1316 2929 vul
1371 2867 1482 2928 Cn.
1529 2865 1905 2928 Octauium
1961 2866 2308 2929 Titinium
2366 2868 2571 2950 Capi·

270 2977 508 3030 tonem
556 2987 740 3049 seque
787 2967 861 3030 ad
907 2969 1318 3029 recitationem
1363 2967 1682 3027 inuitatum
1728 2984 1879 3027 esse.
1944 2965 2055 3026 suit
2090 2966 2205 3046 hic,
2252 2968 2355 3048 qui
2393 2971 2571 3031 etiam

269 3068 332 3126 in
368 3086 435 3128 re
475 3066 722 3128 militari
758 3085 999 3147 operam
1033 3067 1348 3147 praestitit,
1387 3063 1461 3125 ab
1499 3063 1771 3144 epistulis
1801 3072 1860 3125 et
1885 3063 2219 3125 Domitiano
2249 3074 2309 3127 et
2338 3065 2570 3128 Neruae

269 3173 331 3227 et
372 3165 633 3226 Traiano
661 3167 940 3244 (Prosop.
969 3167 1131 3242 Hp.
1161 3165 1292 3224 429
1329 3183 1387 3224 n.
1418 3163 1553 3243 41),
1590 3169 1657 3223 ut
1696 3161 2025 3224 litterarum
2064 3162 2395 3225 studiosum
2434 3183 2571 3226 eum

271 3263 456 3325 fuisse
501 3262 602 3326 uel
649 3263 788 3324 hinc
837 3271 1132 3344 appareat,
1179 3260 1286 3323 sed
1332 3261 1586 3323 eundem
1627 3263 1802 3322 etiam
1842 3261 1988 3323 alios
2026 3261 2294 3323 eiusdem
2333 3265 2569 3343 generis

270 3360 493 3422 fouisse
551 3368 611 3422 et
663 3365 1012 3442 prouexisse
1060 3380 1130 3422 ex
1176 3360 1368 3421 Plinio
1416 3363 1847 3440 cognoscimuS,
1894 3361 1997 3441 qui
2044 3380 2181 3422 eum
2228 3378 2347 3421 non
2394 3361 2569 3423 modo

270 3467 515 3541 propter
587 3461 894 3540 ingenium
965 3459 1434 3541 pulcherrimum
1503 3467 1562 3519 et
1625 3460 1948 3520 maximum
2020 3462 2181 3521 inter
2248 3462 2569 3541 praecipua

267 3558 492 3620 saeculi
539 3566 886 3619 ornamenta
933 3565 1207 3620 numerat
1252 3557 1358 3618 sed
1407 3559 1584 3618 etiam
1636 3553 1998 3638 ‘multon-um,
2046 3559 2149 3637 qui
2195 3557 2390 3637 aliqua
2429 3577 2566 3620 con·

271 3664 498 3735 ponunt
543 3665 800 3736 portum,
847 3657 1063 3736 sinum,
1110 3651 1427 3736 gremium’
1476 3653 1747 3734 appellat.

447 3755 560 3817 Hic
634 3758 814 3817 etiam
888 3757 1082 3836 ipsum
1166 3754 1226 3814 C.
1293 3753 1603 3815 Plinium
1688 3753 2081 3814 Caecilium
2164 3753 2563 3816 Secundum

272 3856 551 3933 (Prosop.
599 3855 714 3915 III
747 3873 816 3931 p.
863 3853 950 3915 48
976 3873 1103 3930 sqq.
1157 3874 1215 3915 n.
1253 3855 1414 3929 370)
1481 3853 1825 3914 adhortatus
1899 3860 2050 3931 erat,
2127 3859 2193 3914 ut
2255 3853 2565 3917 historiam

267 3952 586 4033 scriberet,
660 3954 765 4032 qui
835 3955 898 4012 in
973 3951 1222 4014 eandem
1296 3953 1651 4014 sententiam
1724 3953 1841 4012 iam
1912 3947 2121 4010 ‘libros
2196 3950 2267 4013 de
2340 3951 2565 4014 ultione

272 4059 304 4064 --
368 4059 545 4066 ——--.-——
606 4059 752 4064 -...--..

447 4111 502 4178 1)
539 4106 888 4161 Testimonia
915 4106 1093 4162 habes
1120 4125 1176 4177 p.
1197 4125 1380 4160 cmm
1406 4104 1466 4160 in
1497 4104 1625 4160 adn.
1648 4111 1715 4173 2.,
1744 4105 1949 4174 quibus
1978 4104 2126 4160 adde
2154 4104 2305 4160 Cass.
2326 4105 2563 4162 Dionem

273 4192 354 4251 6⁷,
380 4193 464 4254 13,
484 4195 516 4241 2
555 4184 903 4244 ’.ἀπέκτεινεν
947 4185 1346 4258 (Domitianus)
1386 4219 1451 4226 —
1495 4185 1592 4241 καὶ
1638 4181 1925 4252 Ἑρέννιον
1974 4183 2319 4253 Σενεκίωνα,
2366 4185 2451 4240 ὅτι
2505 4207 2565 4242 τε

271 4267 540 4338 οὐδεμίαν
578 4267 762 4338 ἀρχὴν
798 4267 862 4323 ἐν
897 4271 1080 4341 πολλῷ
1116 4267 1220 4341 βίῳ
1257 4266 1392 4338 μετὰ
1429 4263 1685 4337 ταμιείαν
1724 4263 1916 4338 ᾐτήκει
1944 4267 2042 4322 καὶ
2070 4262 2155 4320 ὅτι
2182 4275 2283 4320 τοῦ
2311 4266 2563 4336 Πρίσκου

270 4356 366 4402 τοῦ
387 4345 712 4403 Ἑλουιδίου
746 4349 846 4405 τὸν
883 4343 1009 4420 βίον
1047 4345 1416 4419 συνέγραψεν.
1502 4423 1506 4430 ⁸
