3234 5034
511 2245 616 2323 ,Ξ

513 2333 615 2383 ’178

649 335 735 400 88
1439 338 1502 393 A.
1535 336 1887 395 CREMVTH
1922 337 2145 394 CORDI

648 507 798 567 muti
855 504 1058 567 Cordi:
1115 504 1344 577 Quibus
1399 508 1550 567 uisis
1605 506 1796 568 laetus
1850 506 2167 587 Antonine,
2238 526 2374 568 cum
2440 516 2739 586 peractam
2807 526 2939 588 pro-

648 604 1034 682 scriptionem
1073 622 1239 665 suam
1280 604 1528 666 dixisset
1563 624 1714 685 esse,
1761 606 1979 685 quippe
2016 624 2134 667 non
2182 607 2429 667 satiatus
2475 605 2649 667 modo
2694 606 2939 667 caeden-

649 700 740 763 dis
786 702 1037 781 ciuibuS,
1085 703 1190 764 sed
1236 702 1508 764 differtus
1547 722 1798 784 quoque,
1846 722 2028 783 super
2063 712 2257 765 rostra
2294 705 2549 784 exponit.
2587 706 2791 784 itaque
2828 724 2938 784 quo

649 802 884 880 saepius
949 800 1048 862 ille
1113 803 1341 880 ingenti
1405 802 1805 864 circumfusus
1870 802 2043 864 turba
2100 811 2492 883 processerat,
2556 822 2707 883 quae
2768 803 2938 883 paulo

649 906 784 959 ante
811 896 858 979 †
895 898 1159 961 coluerat
1185 901 1300 979 piis
1329 900 1723 980 contionihuS,
1762 900 1977 981 quibus
2006 901 2328 963 multorum
2358 903 2549 981 capita
2578 911 2938 983 seruauerat,
2966 925 2991 966 ε

647 1015 717 1059 eo
765 1004 892 1058 tum
937 1016 1046 1077 per
1105 1006 1269 1060 artus
1325 998 1592 1061 sublatus
1648 998 1819 1060 aliter
1875 1019 1943 1060 ac
1998 1000 2208 1062 solitus
2266 1008 2395 1061 erat
2448 1020 2481 1061 a
2528 999 2763 1062 ciuibus
2821 1003 2943 1062 suis

648 1103 1004 1175 conspectus
1059 1104 1175 1175 est,
1231 1096 1660 1177 praependenti
1718 1098 1927 1178 capillo
1985 1100 2193 1179 orique
2250 1100 2380 1160 eius
2432 1101 2705 1179 inspersa
2762 1101 2942 1179 sanie,

647 1193 819 1255 breui
868 1196 1328 1275 anteprinceps
1375 1203 1616 1257 senatus
1662 1195 2029 1276 Romanique
2076 1199 2335 1258 nominis
2374 1197 2599 1276 titulus,
2646 1206 2775 1259 tum
2810 1217 2943 1277 pre-

649 1294 798 1353 tium
844 1294 1246 1355 interfectoris
1293 1295 1406 1355 sui.
1455 1297 1773 1374 praecipue
1820 1303 2020 1357 tamen
2068 1295 2247 1357 soluit
2290 1304 2531 1375 pectora
2578 1298 2845 1357 omnium
2880 1298 2945 1357 in

646 1391 922 1453 lacrimas
969 1394 1342 1472 gemitusque
1397 1395 1528 1455 uisa
1584 1394 1657 1455 ad
1713 1402 1891 1473 caput
1947 1396 2077 1456 eius
2134 1393 2383 1473 deligata
2428 1414 2639 1456 manus
2688 1394 2943 1471 dextera,
2972 1418 3021 1459 ιο

652 1488 887 1551 diuinae
935 1490 1302 1570 eloquentiae
1348 1494 1639 1571 ministra,
1688 1500 2141 1572 ceterorumque
2182 1492 2394 1555 caedes
2440 1494 2706 1573 priuatos
2752 1493 2947 1555 luctus

651 1590 1078 1669 excitauerunt,
1121 1589 1222 1651 illa
1267 1610 1384 1651 una
1431 1609 1824 1652 communem.

831 1682 898 1750 2.
947 1688 1158 1749 Senec.
1194 1706 1355 1749 suas,
1397 1690 1456 1763 6,
1496 1689 1581 1749 23
1629 1689 1807 1751 Cordi
1846 1688 2113 1750 Cremuti
2150 1708 2267 1750 non
2308 1697 2400 1751 est
2436 1708 2651 1770 operae
2688 1692 2947 1770 pretium

650 1786 877 1848 referre
925 1784 1216 1849 redditam
1263 1786 1538 1848 Ciceroni
1584 1787 1999 1868 laudationem,
2044 1787 2191 1850 nihil
2240 1790 2399 1851 enim
2444 1790 2510 1850 in
2556 1807 2624 1850 ea
2662 1788 2948 1851 Cicerone

652 1884 896 1964 dignum
945 1892 1037 1945 est
1083 1904 1151 1946 ac
1196 1904 1273 1947 ne
1321 1886 1432 1947 hoc
1480 1886 1719 1965 quidem
1768 1886 1925 1967 quod
1970 1905 2157 1966 paene
2204 1888 2457 1949 maxime
2497 1887 2802 1949 tolerabile
2838 1896 2949 1948 est.
2976 1910 3023 1950 ιε

651 1982 916 2044 Cremuti
983 1982 1187 2044 Cordi:
1251 1984 1528 2063 Proprias
1586 1986 1745 2049 enim
1812 1985 2142 2047 simultates
2209 1984 2587 2066 deponendas
2648 1985 2951 2047 interdum

651 2080 909 2162 putabat,
945 2081 1213 2161 publicas
1251 2101 1572 2163 numquam
1610 2085 1674 2145 ui
1706 2082 2135 2145 decernendas:
2175 2085 2327 2146 ciuis
2356 2103 2474 2145 non
2504 2084 2695 2145 solum
2724 2086 2950 2163 magni-

653 2179 860 2241 tudine
906 2181 1198 2241 uirtutum
1247 2180 1352 2241 sed
1399 2181 1781 2243 multitudine
1828 2200 2063 2263 quoque
2110 2182 2583 2262 conspiciendus.

834 2272 902 2341 3.
958 2279 1098 2341 Tac.
1138 2297 1280 2341 ann.
1323 2281 1474 2341 IIII
1499 2282 1588 2341 34
1634 2280 1909 2343 Cornelio
1956 2280 2139 2342 Cosso
2185 2282 2387 2361 Asinio
2432 2280 2689 2361 Agrippa
2736 2300 2950 2343 cousu-

653 2376 810 2438 libus
866 2376 1206 2439 Cremutius
1258 2377 1486 2439 Cordus
1533 2379 1889 2458 postulatur,
1937 2397 2091 2440 nouo
2140 2398 2207 2440 ac
2252 2388 2395 2441 tunc
2441 2382 2700 2460 primum
2747 2379 2952 2442 audito
2977 2401 3026 2442 so

837 2562 891 2617 1.
937 2556 1111 2635 uisis]
1149 2559 1298 2619 lusis
1335 2560 1496 2619 codd.
1680 2562 1737 2619 2.
1784 2556 1981 2637 suam]
2020 2562 2147 2619 eius
2174 2553 2263 2618 D¹
2408 2564 2563 2621 esset
2594 2561 2779 2634 V(at.)
2800 2563 2865 2621 D

657 2649 714 2708 3.
761 2648 1014 2708 disertus
1041 2649 1100 2708 A
1147 2648 1410 2709 defectus
1453 2650 1505 2707 V
1519 2650 1583 2708 D
1788 2647 2054 2726 quoque]
2092 2650 2251 2726 quod
2279 2648 2337 2709 A
2386 2651 2663 2728 quodque
2700 2649 2951 2725 Βίνιιω.)

657 2743 922 2814 quotque
965 2739 1094 2798 VD
1221 2735 1422 2815 super]
1455 2740 1665 2799 Haase
1700 2740 1887 2815 sitper
1912 2738 1971 2797 A
1992 2738 2052 2797 Β
2090 2740 2320 2816 sintper
2360 2740 2490 2800 VD
2617 2742 2674 2799 4.
2714 2743 2953 2818 saepius

655 2824 786 2905 ille]
817 2830 1159 2903 saepissime
1189 2829 1490 2903 Kiessliny
1526 2847 1701 2905 saepe
1733 2828 1826 2887 uir
1851 2828 1956 2887 ille
1989 2828 2163 2889 Gertz
2204 2830 2547 2906 saepissime
2572 2830 2677 2889 ille
2706 2826 2955 2891 Schenkl

655 2914 914 2994 <iterum
961 2912 1073 2995 ae>
1111 2916 1347 2994 saepius
1392 2918 1496 2977 ine
1533 2920 1616 2978 H.
1644 2918 1899 2979 Mueller
2057 2922 2111 2978 5.
2160 2918 2573 2979 conationibus
2600 2919 2659 2978 A
2678 2912 2766 2980 Β1
2812 2923 2953 2979 ante

655 3001 913 3085 (aures)
941 3007 1300 3082 praebuerat
1325 3007 1442 3084 piis
1480 3025 1526 3066 c.
1557 3008 1639 3067 H.
1668 3009 1924 3068 Mueller
2032 3010 2163 3081 fort.
2186 3008 2489 3068 obedierat
2524 3010 2623 3085 pie
2658 3008 2787 3068 eius
2822 3028 2953 3069 ora-

657 3096 938 3171 tionibu8‚
1037 3091 1186 3175 (in)
1207 3096 1421 3173 quibus
1441 3096 1783 3173 Schultinyh
1798 3092 1993 3175 <su-b>
2012 3117 2067 3174 q.
2089 3096 2264 3157 Gertz
2390 3098 2447 3155 6.
2494 3114 2563 3157 eo
2612 3099 2749 3157 aad.
2783 3098 2969 3159 Gertz·

660 3188 815 3245 artes
845 3185 902 3243 Β
942 3204 996 3244 a.
1027 3203 1174 3245 corr.
1311 3186 1583 3246 sublatus
1617 3186 1791 3247 Gertz
1836 3205 1971 3247 suos
2008 3187 2169 3245 latus
2206 3188 2365 3247 codd.
2407 3180 2477 3269 (s.
2510 3186 2731 3247 allatus
2760 3187 2820 3246 Β
2866 3188 2953 3248 la-

659 3276 890 3334 cera-tus
932 3275 987 3334 V
1023 3276 1218 3335 laetus
1246 3268 1364 3357 D²)
1403 3277 1672 3353 singulos
1708 3275 2005 3335 laceratus
2042 3276 2113 3336 G.
2142 3276 2399 3337 Mueller
2479 3280 2483 3284 ’
2582 3280 2636 3337 7.
2684 3282 2954 3352 praeten-

658 3364 826 3423 denti
851 3364 1012 3423 codd.
1053 3356 1376 3445 (pecidenti
1412 3356 1615 3446 Iolci.)
1651 3366 2083 3441 praependenti
2111 3366 2383 3426 Bursian
2418 3369 2731 3441 praetenta.
2756 3367 2955 3426 Schul-

659 3455 820 3529 tinqh
864 3455 1248 3530 praecanenti
1277 3454 1482 3513 Haase
1523 3524 1538 3537 ο
1653 3455 1873 3529 capillo
1906 3454 2079 3515 Gertz
2124 3456 2311 3530 capiti
2346 3456 2505 3516 codd.
2688 3458 2955 3533 inspersa

660 3544 867 3603 Haase
911 3545 1196 3619 insponsa
1224 3540 1355 3602 AB
1399 3546 1669 3619 impensa
1701 3544 1830 3604 VD
2030 3546 2087 3603 9.
2134 3542 2254 3620 sui]
2294 3547 2455 3605 serui
2480 3547 2781 3620 Kiessliny

665 3636 763 3691 10.
815 3630 1020 3709 caput]
1071 3638 1168 3693 cat
1195 3632 1255 3691 A
1275 3632 1335 3691 Β
1497 3632 1755 3692 delicata,
1784 3632 1843 3692 A
1863 3634 1925 3692 Β
1947 3635 2002 3694 V
2174 3632 2381 3693 dxtera.
2409 3633 2468 3694 A

841 3714 906 3799 2,
959 3724 1055 3779 13.
1105 3726 1232 3782 esto
1261 3721 1397 3781 AB
1505 3720 1791 3799 pretium]
1832 3724 2134 3799 Kiesslinq
2172 3723 2245 3783 G.
2274 3724 2531 3783 Mueller
2574 3725 2757 3783 etiam
2794 3724 2952 3783 codd.

666 3812 767 3869 14.
815 3811 1033 3869 referre
1061 3810 1252 3871 Sekott
1288 3812 1515 3870 deferre
1542 3810 1601 3869 A
1625 3812 1754 3871 BV
1786 3803 2081 3893 (deserere
2110 3804 2201 3891 D)
2316 3812 2627 3872 reddatam
2649 3814 2709 3871 Β
2736 3832 2790 3872 a.
2812 3831 2953 3871 corr.

661 3902 725 3957 in
772 3896 867 3975 ea]
903 3899 1075 3960 Gertz
1119 3902 1286 3977 ipsea
1315 3899 1370 3958 A
1392 3901 1524 3961 BV
1562 3901 1692 3976 ipso
1720 3901 1783 3960 D
1828 3900 1887 3959 in
1936 3903 2071 3977 ipsa
2094 3902 2289 3961 Schott
2331 3905 2463 3979 ipso
2500 3920 2571 3962 ae
2598 3902 2871 3962 Bursian

669 3988 766 4047 15.
813 4007 1000 4063 paene
1038 3996 1175 4063 post
1217 3990 1623 4049 laudationem
1670 3994 2001 4064 transponit
2033 3990 2113 4051 H.
2152 3992 2409 4053 Mueller
2546 3993 2645 4051 16.
2694 3992 2953 4051 Cremuti

667 4076 845 4137 Cordi
881 4080 988 4137 del.
1022 4079 1092 4138 G.
1122 4080 1377 4139 Mueller
1475 4084 1574 4137 17.
1611 4082 1679 4137 ui
1715 4077 2133 4156 decernendas]
2165 4082 2483 4141 Buecheler
2518 4078 2685 4141 uides
2724 4082 2951 4141 creden-

665 4167 802 4225 dam
849 4169 1008 4227 codd.
1055 4171 1122 4227 ui
1166 4168 1518 4229 deserendas
1556 4169 1829 4229 Bursian
1882 4169 2235 4230 deserendas
2273 4172 2573 4247 Kiessliny
2626 4172 2801 4231 auide
2838 4166 2957 4251 (ael

665 4258 752 4326 ui)
791 4258 1143 4317 exercendas
1183 4257 1356 4319 Gertz
1491 4258 1963 4335 magnitudinem
2008 4277 2062 4318 a.
2092 4278 2239 4319 corr.
2258 4261 2389 4320 BV
2538 4262 2637 4319 18.
2673 4262 2953 4319 uirtutem

667 4346 828 4407 codd.
902 4346 1284 4406 multitudine
1325 4341 1481 4408 1⁷²1)
1527 4348 1969 4407 multitudinem
2018 4354 2137 4409 cett.
2166 4350 2327 4409 codd.
2375 4352 2833 4427 conspicientem
2863 4340 2955 4408 D¹
