<?xml version="1.0" encoding="UTF-8"?>
<!DOCTYPE html PUBLIC "-//W3C//DTD XHTML 1.0 Transitional//EN"
    "http://www.w3.org/TR/xhtml1/DTD/xhtml1-transitional.dtd">
<html xmlns="http://www.w3.org/1999/xhtml" xml:lang="en" lang="en">
 <head>
  <title>
</title>
<meta http-equiv="Content-Type" content="text/html;charset=utf-8" />
  <meta name='ocr-system' content='tesseract 3.04.00' />
  <meta name='ocr-capabilities' content='ocr_page ocr_carea ocr_par ocr_line ocrx_word'/>
</head>
<body>
  <div class='ocr_page' id='page_1' title='image "./historicorvmrom00petegoog_0238.png"; bbox 0 0 3234 5034; ppageno 0'>
   <div class='ocr_carea' id='block_1_1' title="bbox 219 1241 271 1280">
    <p class='ocr_par' dir='ltr' id='par_1_1' title="bbox 219 1241 271 1280">
     <span class='ocr_line' id='line_1_1' title="bbox 219 1241 271 1280; baseline 0 0"><span class='ocrx_word' id='word_1_1' title='bbox 219 1241 271 1280; x_wconf 80' lang='lat'><strong>10</strong></span> 
     </span>
    </p>
   </div>
   <div class='ocr_carea' id='block_1_2' title="bbox 221 1643 269 1683">
    <p class='ocr_par' dir='ltr' id='par_1_2' title="bbox 221 1643 269 1683">
     <span class='ocr_line' id='line_1_2' title="bbox 221 1643 269 1683; baseline 0.021 -1"><span class='ocrx_word' id='word_1_2' title='bbox 221 1643 269 1683; x_wconf 69' lang='lat'><strong>15</strong></span> 
     </span>
    </p>
   </div>
   <div class='ocr_carea' id='block_1_3' title="bbox 940 327 2606 402">
    <p class='ocr_par' dir='ltr' id='par_1_3' title="bbox 940 327 2606 402">
     <span class='ocr_line' id='line_1_3' title="bbox 940 327 2606 402; baseline 0.002 -16"><span class='ocrx_word' id='word_1_3' title='bbox 940 327 1035 386; x_wconf 85' lang='lat' dir='ltr'><strong>DE</strong></span> <span class='ocrx_word' id='word_1_4' title='bbox 1076 327 1321 388; x_wconf 78' lang='lat' dir='ltr'><strong>GEN&#39;PE</strong></span> <span class='ocrx_word' id='word_1_5' title='bbox 1358 327 1630 389; x_wconf 87' lang='lat' dir='ltr'>POPVLI</span> <span class='ocrx_word' id='word_1_6' title='bbox 1667 327 1957 388; x_wconf 82' lang='lat' dir='ltr'>ROMANI</span> <span class='ocrx_word' id='word_1_7' title='bbox 2530 327 2606 402; x_wconf 72' lang='lat'><strong>17</strong></span> 
     </span>
    </p>
   </div>
   <div class='ocr_carea' id='block_1_4' title="bbox 366 492 2615 3300">
    <p class='ocr_par' dir='ltr' id='par_1_4' title="bbox 370 492 2613 952">
     <span class='ocr_line' id='line_1_4' title="bbox 372 492 2612 562; baseline 0.002 -16"><span class='ocrx_word' id='word_1_8' title='bbox 372 495 435 546; x_wconf 87' lang='lat' dir='ltr'><strong>et</strong></span> <span class='ocrx_word' id='word_1_9' title='bbox 478 492 551 547; x_wconf 87' lang='lat' dir='ltr'><strong>ab</strong></span> <span class='ocrx_word' id='word_1_10' title='bbox 607 509 675 548; x_wconf 89' lang='lat' dir='ltr'><strong>eo</strong></span> <span class='ocrx_word' id='word_1_11' title='bbox 727 492 1083 549; x_wconf 72' lang='lat' dir='ltr'><strong>liberationis</strong></span> <span class='ocrx_word' id='word_1_12' title='bbox 1138 493 1455 562; x_wconf 90' lang='lat' dir='ltr'><strong>hominum,</strong></span> <span class='ocrx_word' id='word_1_13' title='bbox 1510 494 1780 562; x_wconf 86' lang='lat' dir='ltr'><strong>uitaeque</strong></span> <span class='ocrx_word' id='word_1_14' title='bbox 1834 497 1970 549; x_wconf 84' lang='lat' dir='ltr'><strong>tunc</strong></span> <span class='ocrx_word' id='word_1_15' title='bbox 2025 511 2392 550; x_wconf 69' lang='lat' dir='ltr'><strong>aerumnosae</strong></span> <span class='ocrx_word' id='word_1_16' title='bbox 2445 495 2612 550; x_wconf 90' lang='lat' dir='ltr'><strong>modo</strong></span> 
     </span>
     <span class='ocr_line' id='line_1_5' title="bbox 373 573 2613 646; baseline 0.001 -18"><span class='ocrx_word' id='word_1_17' title='bbox 373 574 449 628; x_wconf 86' lang='lat' dir='ltr'><strong>ad</strong></span> <span class='ocrx_word' id='word_1_18' title='bbox 496 573 641 643; x_wconf 84' lang='lat' dir='ltr'><strong>alta,</strong></span> <span class='ocrx_word' id='word_1_19' title='bbox 698 574 865 630; x_wconf 90' lang='lat' dir='ltr'><strong>modo</strong></span> <span class='ocrx_word' id='word_1_20' title='bbox 921 575 995 628; x_wconf 93' lang='lat' dir='ltr'><strong>ad</strong></span> <span class='ocrx_word' id='word_1_21' title='bbox 1049 574 1225 645; x_wconf 86' lang='lat' dir='ltr'><strong>plana</strong></span> <span class='ocrx_word' id='word_1_22' title='bbox 1278 575 1648 646; x_wconf 73' lang='lat' dir='ltr'><strong>migrantium</strong></span> <span class='ocrx_word' id='word_1_23' title='bbox 1703 574 1941 629; x_wconf 87' lang='lat' dir='ltr'><strong>solemni</strong></span> <span class='ocrx_word' id='word_1_24' title='bbox 2001 575 2328 632; x_wconf 66' lang='lat' dir='ltr'>celebritate</span> <span class='ocrx_word' id='word_1_25' title='bbox 2382 589 2613 630; x_wconf 89' lang='lat' dir='ltr'><strong>reuoca-</strong></span> 
     </span>
     <span class='ocr_line' id='line_1_6' title="bbox 371 655 2612 726; baseline 0 -17"><span class='ocrx_word' id='word_1_26' title='bbox 371 657 521 711; x_wconf 87' lang='lat' dir='ltr'><strong>runt.</strong></span> <span class='ocrx_word' id='word_1_27' title='bbox 585 671 721 710; x_wconf 86' lang='lat' dir='ltr'><strong>nam</strong></span> <span class='ocrx_word' id='word_1_28' title='bbox 766 657 825 710; x_wconf 92' lang='lat' dir='ltr'><strong>et</strong></span> <span class='ocrx_word' id='word_1_29' title='bbox 876 655 1255 725; x_wconf 74' lang='lat' dir='ltr'><strong>Lupercorum</strong></span> <span class='ocrx_word' id='word_1_30' title='bbox 1298 671 1401 726; x_wconf 88' lang='lat' dir='ltr'><strong>per</strong></span> <span class='ocrx_word' id='word_1_31' title='bbox 1448 671 1668 710; x_wconf 86' lang='lat' dir='ltr'><strong>sacram</strong></span> <span class='ocrx_word' id='word_1_32' title='bbox 1711 655 1869 710; x_wconf 89' lang='lat' dir='ltr'><strong>uiam</strong></span> <span class='ocrx_word' id='word_1_33' title='bbox 1914 656 2250 710; x_wconf 71' lang='lat' dir='ltr'>adscensum</span> <span class='ocrx_word' id='word_1_34' title='bbox 2293 659 2468 725; x_wconf 86' lang='lat' dir='ltr'><strong>atque</strong></span> <span class='ocrx_word' id='word_1_35' title='bbox 2513 656 2612 710; x_wconf 90' lang='lat' dir='ltr'><strong>de-</strong></span> 
     </span>
     <span class='ocr_line' id='line_1_7' title="bbox 370 735 2611 806; baseline 0 -17"><span class='ocrx_word' id='word_1_36' title='bbox 370 751 631 790; x_wconf 83' lang='lat' dir='ltr'><strong>scensum</strong></span> <span class='ocrx_word' id='word_1_37' title='bbox 668 737 750 790; x_wconf 88' lang='lat' dir='ltr'><strong>sic</strong></span> <span class='ocrx_word' id='word_1_38' title='bbox 787 736 1256 806; x_wconf 70' lang='lat' dir='ltr'><strong>interpretantur,</strong></span> <span class='ocrx_word' id='word_1_39' title='bbox 1290 739 1357 790; x_wconf 90' lang='lat' dir='ltr'><strong>ut</strong></span> <span class='ocrx_word' id='word_1_40' title='bbox 1394 737 1467 790; x_wconf 86' lang='lat' dir='ltr'><strong>ab</strong></span> <span class='ocrx_word' id='word_1_41' title='bbox 1506 736 1589 791; x_wconf 88' lang='lat' dir='ltr'><strong>eis</strong></span> <span class='ocrx_word' id='word_1_42' title='bbox 1627 735 1934 806; x_wconf 87' lang='lat' dir='ltr'><strong>significari</strong></span> <span class='ocrx_word' id='word_1_43' title='bbox 1973 735 2168 792; x_wconf 88' lang='lat' dir='ltr'><strong>dicant</strong></span> <span class='ocrx_word' id='word_1_44' title='bbox 2200 737 2474 806; x_wconf 85' lang='lat' dir='ltr'><strong>homines,</strong></span> <span class='ocrx_word' id='word_1_45' title='bbox 2512 736 2611 806; x_wconf 88' lang='lat' dir='ltr'><strong>qui</strong></span> 
     </span>
     <span class='ocr_line' id='line_1_8' title="bbox 370 815 2612 888; baseline 0 -18"><span class='ocrx_word' id='word_1_46' title='bbox 370 820 605 885; x_wconf 84' lang='lat' dir='ltr'><strong>propter</strong></span> <span class='ocrx_word' id='word_1_47' title='bbox 659 832 843 886; x_wconf 88' lang='lat' dir='ltr'><strong>aquae</strong></span> <span class='ocrx_word' id='word_1_48' title='bbox 889 815 1319 871; x_wconf 88' lang='lat' dir='ltr'><strong>inundationem</strong></span> <span class='ocrx_word' id='word_1_49' title='bbox 1371 832 1591 870; x_wconf 87' lang='lat' dir='ltr'><strong>summa</strong></span> <span class='ocrx_word' id='word_1_50' title='bbox 1635 816 1914 872; x_wconf 89' lang='lat' dir='ltr'><strong>montium</strong></span> <span class='ocrx_word' id='word_1_51' title='bbox 1958 815 2286 888; x_wconf 88' lang='lat' dir='ltr'><strong>petiuerunt</strong></span> <span class='ocrx_word' id='word_1_52' title='bbox 2327 821 2386 872; x_wconf 89' lang='lat' dir='ltr'><strong>et</strong></span> <span class='ocrx_word' id='word_1_53' title='bbox 2420 833 2612 871; x_wconf 83' lang='lat' dir='ltr'><strong>rursus</strong></span> 
     </span>
     <span class='ocr_line' id='line_1_9' title="bbox 372 895 1500 952; baseline 0.003 -3"><span class='ocrx_word' id='word_1_54' title='bbox 372 895 574 950; x_wconf 87' lang='lat' dir='ltr'><strong>eadem</strong></span> <span class='ocrx_word' id='word_1_55' title='bbox 610 895 893 952; x_wconf 71' lang='lat' dir='ltr'><strong>residente</strong></span> <span class='ocrx_word' id='word_1_56' title='bbox 933 897 1007 950; x_wconf 88' lang='lat' dir='ltr'><strong>ad</strong></span> <span class='ocrx_word' id='word_1_57' title='bbox 1044 896 1160 951; x_wconf 84' lang='lat' dir='ltr'><strong>ima</strong></span> <span class='ocrx_word' id='word_1_58' title='bbox 1195 895 1500 952; x_wconf 87' lang='lat' dir='ltr'><strong>redierunt.</strong></span> 
     </span>
    </p>

    <p class='ocr_par' dir='ltr' id='par_1_5' title="bbox 368 975 2615 1756">
     <span class='ocr_line' id='line_1_10' title="bbox 514 975 2615 1047; baseline 0.001 -17"><span class='ocrx_word' id='word_1_59' title='bbox 514 976 617 1030; x_wconf 89' lang='lat' dir='ltr'><strong>His</strong></span> <span class='ocrx_word' id='word_1_60' title='bbox 673 975 1022 1046; x_wconf 76' lang='lat' dir='ltr'><strong>temporibus</strong></span> <span class='ocrx_word' id='word_1_61' title='bbox 1074 976 1383 1046; x_wconf 78' lang='lat' dir='ltr'><strong>Dionysum</strong></span> <span class='ocrx_word' id='word_1_62' title='bbox 1397 1021 1411 1046; x_wconf 94' lang='lat'><strong>,</strong></span> <span class='ocrx_word' id='word_1_63' title='bbox 1480 975 1578 1046; x_wconf 89' lang='lat' dir='ltr'><strong>qui</strong></span> <span class='ocrx_word' id='word_1_64' title='bbox 1625 975 1800 1031; x_wconf 89' lang='lat' dir='ltr'><strong>etiam</strong></span> <span class='ocrx_word' id='word_1_65' title='bbox 1855 976 2024 1032; x_wconf 89' lang='lat' dir='ltr'><strong>Liber</strong></span> <span class='ocrx_word' id='word_1_66' title='bbox 2067 981 2234 1047; x_wconf 84' lang='lat' dir='ltr'><strong>pater</strong></span> <span class='ocrx_word' id='word_1_67' title='bbox 2293 977 2479 1032; x_wconf 87' lang='lat' dir='ltr'><strong>dictus</strong></span> <span class='ocrx_word' id='word_1_68' title='bbox 2527 981 2615 1033; x_wconf 88' lang='lat' dir='ltr'><strong>est</strong></span> 
     </span>
     <span class='ocr_line' id='line_1_11' title="bbox 370 1055 2613 1127; baseline 0.001 -17"><span class='ocrx_word' id='word_1_69' title='bbox 370 1058 433 1110; x_wconf 83' lang='lat' dir='ltr'><strong>et</strong></span> <span class='ocrx_word' id='word_1_70' title='bbox 466 1060 599 1127; x_wconf 84' lang='lat' dir='ltr'><strong>post</strong></span> <span class='ocrx_word' id='word_1_71' title='bbox 625 1060 862 1112; x_wconf 85' lang='lat' dir='ltr'><strong>mortem</strong></span> <span class='ocrx_word' id='word_1_72' title='bbox 900 1057 1041 1111; x_wconf 87' lang='lat' dir='ltr'><strong>deus</strong></span> <span class='ocrx_word' id='word_1_73' title='bbox 1076 1057 1325 1124; x_wconf 82' lang='lat' dir='ltr'><strong>habitus,</strong></span> <span class='ocrx_word' id='word_1_74' title='bbox 1362 1056 1535 1112; x_wconf 82' lang='lat' dir='ltr'><strong>vitem</strong></span> <span class='ocrx_word' id='word_1_75' title='bbox 1571 1057 1764 1112; x_wconf 84' lang='lat' dir='ltr'><strong>ferunt</strong></span> <span class='ocrx_word' id='word_1_76' title='bbox 1799 1055 2113 1112; x_wconf 81' lang='lat' dir='ltr'><strong>ostendisse</strong></span> <span class='ocrx_word' id='word_1_77' title='bbox 2149 1057 2210 1111; x_wconf 91' lang='lat' dir='ltr'><strong>in</strong></span> <span class='ocrx_word' id='word_1_78' title='bbox 2237 1056 2432 1113; x_wconf 83' lang='lat' dir='ltr'><strong>Attica</strong></span> <span class='ocrx_word' id='word_1_79' title='bbox 2457 1061 2613 1112; x_wconf 89' lang='lat' dir='ltr'><strong>terra</strong></span> 
     </span>
     <span class='ocr_line' id='line_1_12' title="bbox 371 1136 2614 1208; baseline 0.002 -19"><span class='ocrx_word' id='word_1_80' title='bbox 371 1136 585 1206; x_wconf 83' lang='lat' dir='ltr'><strong>hospiti</strong></span> <span class='ocrx_word' id='word_1_81' title='bbox 632 1153 749 1192; x_wconf 79' lang='lat' dir='ltr'><strong>suo,</strong></span> <span class='ocrx_word' id='word_1_82' title='bbox 808 1141 943 1192; x_wconf 86' lang='lat' dir='ltr'><strong>tunc</strong></span> <span class='ocrx_word' id='word_1_83' title='bbox 994 1137 1248 1208; x_wconf 84' lang='lat' dir='ltr'><strong>Apollini</strong></span> <span class='ocrx_word' id='word_1_84' title='bbox 1289 1136 1564 1207; x_wconf 86' lang='lat' dir='ltr'><strong>Delphico</strong></span> <span class='ocrx_word' id='word_1_85' title='bbox 1610 1137 1863 1194; x_wconf 87' lang='lat' dir='ltr'><strong>instituti</strong></span> <span class='ocrx_word' id='word_1_86' title='bbox 1908 1141 2041 1192; x_wconf 86' lang='lat' dir='ltr'><strong>sunt</strong></span> <span class='ocrx_word' id='word_1_87' title='bbox 2084 1137 2208 1192; x_wconf 88' lang='lat' dir='ltr'><strong>ludi</strong></span> <span class='ocrx_word' id='word_1_88' title='bbox 2263 1137 2493 1207; x_wconf 71' lang='lat' dir='ltr'><strong>musiei,</strong></span> <span class='ocrx_word' id='word_1_89' title='bbox 2546 1142 2614 1193; x_wconf 90' lang='lat' dir='ltr'><strong>ut</strong></span> 
     </span>
     <span class='ocr_line' id='line_1_13' title="bbox 368 1216 2612 1292; baseline 0.001 -21"><span class='ocrx_word' id='word_1_90' title='bbox 368 1216 696 1287; x_wconf 85' lang='lat' dir='ltr'><strong>placaretur</strong></span> <span class='ocrx_word' id='word_1_91' title='bbox 729 1217 819 1272; x_wconf 89' lang='lat' dir='ltr'><strong>ira</strong></span> <span class='ocrx_word' id='word_1_92' title='bbox 854 1217 1002 1287; x_wconf 88' lang='lat' dir='ltr'><strong>eius,</strong></span> <span class='ocrx_word' id='word_1_93' title='bbox 1050 1234 1167 1287; x_wconf 91' lang='lat' dir='ltr'><strong>qua</strong></span> <span class='ocrx_word' id='word_1_94' title='bbox 1202 1216 1485 1288; x_wconf 88' lang='lat' dir='ltr'><strong>putabant</strong></span> <span class='ocrx_word' id='word_1_95' title='bbox 1522 1217 1782 1272; x_wconf 87' lang='lat' dir='ltr'><strong>adflictas</strong></span> <span class='ocrx_word' id='word_1_96' title='bbox 1830 1234 1953 1272; x_wconf 88' lang='lat' dir='ltr'><strong>esse</strong></span> <span class='ocrx_word' id='word_1_97' title='bbox 1997 1217 2302 1292; x_wconf 85' lang='lat' dir='ltr'><strong>sterilitate</strong></span> <span class='ocrx_word' id='word_1_98' title='bbox 2339 1217 2612 1274; x_wconf 86' lang='lat' dir='ltr'><strong>Graeciae</strong></span> 
     </span>
     <span class='ocr_line' id='line_1_14' title="bbox 369 1296 2612 1369; baseline 0.001 -18"><span class='ocrx_word' id='word_1_99' title='bbox 369 1296 649 1368; x_wconf 83' lang='lat' dir='ltr'><strong>regiones,</strong></span> <span class='ocrx_word' id='word_1_100' title='bbox 685 1297 825 1369; x_wconf 89' lang='lat' dir='ltr'><strong>quia</strong></span> <span class='ocrx_word' id='word_1_101' title='bbox 858 1315 974 1353; x_wconf 89' lang='lat' dir='ltr'><strong>non</strong></span> <span class='ocrx_word' id='word_1_102' title='bbox 1010 1297 1370 1353; x_wconf 81' lang='lat' dir='ltr'><strong>defenderint</strong></span> <span class='ocrx_word' id='word_1_103' title='bbox 1404 1298 1679 1369; x_wconf 89' lang='lat' dir='ltr'><strong>templum</strong></span> <span class='ocrx_word' id='word_1_104' title='bbox 1717 1297 1855 1366; x_wconf 86' lang='lat' dir='ltr'><strong>eius,</strong></span> <span class='ocrx_word' id='word_1_105' title='bbox 1893 1297 2047 1368; x_wconf 91' lang='lat' dir='ltr'><strong>quod</strong></span> <span class='ocrx_word' id='word_1_106' title='bbox 2074 1315 2171 1352; x_wconf 88' lang='lat' dir='ltr'><strong>rex</strong></span> <span class='ocrx_word' id='word_1_107' title='bbox 2198 1297 2447 1367; x_wconf 85' lang='lat' dir='ltr'><strong>Danaus,</strong></span> <span class='ocrx_word' id='word_1_108' title='bbox 2483 1316 2612 1354; x_wconf 90' lang='lat' dir='ltr'><strong>cum</strong></span> 
     </span>
     <span class='ocr_line' id='line_1_15' title="bbox 370 1376 2612 1446; baseline 0.001 -14"><span class='ocrx_word' id='word_1_109' title='bbox 370 1376 603 1432; x_wconf 84' lang='lat' dir='ltr'><strong>easdem</strong></span> <span class='ocrx_word' id='word_1_110' title='bbox 646 1381 827 1433; x_wconf 89' lang='lat' dir='ltr'><strong>terras</strong></span> <span class='ocrx_word' id='word_1_111' title='bbox 868 1378 1024 1434; x_wconf 89' lang='lat' dir='ltr'><strong>bello</strong></span> <span class='ocrx_word' id='word_1_112' title='bbox 1064 1378 1387 1446; x_wconf 87' lang='lat' dir='ltr'><strong>inuasisset,</strong></span> <span class='ocrx_word' id='word_1_113' title='bbox 1423 1377 1694 1434; x_wconf 88' lang='lat' dir='ltr'><strong>incendit.</strong></span> <span class='ocrx_word' id='word_1_114' title='bbox 1759 1378 1864 1434; x_wconf 88' lang='lat' dir='ltr'><strong>hos</strong></span> <span class='ocrx_word' id='word_1_115' title='bbox 1899 1381 2092 1434; x_wconf 87' lang='lat' dir='ltr'><strong>autem</strong></span> <span class='ocrx_word' id='word_1_116' title='bbox 2127 1378 2292 1434; x_wconf 85' lang='lat' dir='ltr'><strong>ludos</strong></span> <span class='ocrx_word' id='word_1_117' title='bbox 2337 1383 2405 1434; x_wconf 89' lang='lat' dir='ltr'><strong>ut</strong></span> <span class='ocrx_word' id='word_1_118' title='bbox 2449 1379 2612 1435; x_wconf 84' lang='lat' dir='ltr'><strong>instiÎ‡</strong></span> 
     </span>
     <span class='ocr_line' id='line_1_16' title="bbox 368 1457 2612 1526; baseline 0.001 -14"><span class='ocrx_word' id='word_1_119' title='bbox 368 1461 613 1526; x_wconf 86' lang='lat' dir='ltr'><strong>tuerent,</strong></span> <span class='ocrx_word' id='word_1_120' title='bbox 642 1459 870 1514; x_wconf 82' lang='lat' dir='ltr'><strong>oraculo</strong></span> <span class='ocrx_word' id='word_1_121' title='bbox 900 1462 1033 1514; x_wconf 86' lang='lat' dir='ltr'><strong>sunt</strong></span> <span class='ocrx_word' id='word_1_122' title='bbox 1059 1458 1181 1513; x_wconf 90' lang='lat' dir='ltr'><strong>eius</strong></span> <span class='ocrx_word' id='word_1_123' title='bbox 1210 1459 1501 1514; x_wconf 79' lang='lat' dir='ltr'><strong>admoniti.</strong></span> <span class='ocrx_word' id='word_1_124' title='bbox 1568 1457 1629 1512; x_wconf 92' lang='lat' dir='ltr'><strong>in</strong></span> <span class='ocrx_word' id='word_1_125' title='bbox 1665 1459 1862 1513; x_wconf 85' lang='lat' dir='ltr'><strong>Attica</strong></span> <span class='ocrx_word' id='word_1_126' title='bbox 1897 1475 2032 1513; x_wconf 89' lang='lat' dir='ltr'><strong>uero</strong></span> <span class='ocrx_word' id='word_1_127' title='bbox 2077 1475 2175 1514; x_wconf 86' lang='lat' dir='ltr'><strong>rex</strong></span> <span class='ocrx_word' id='word_1_128' title='bbox 2211 1458 2612 1515; x_wconf 86' lang='lat' dir='ltr'><strong>Erichthonius</strong></span> 
     </span>
     <span class='ocr_line' id='line_1_17' title="bbox 370 1538 2612 1611; baseline 0.001 -19"><span class='ocrx_word' id='word_1_129' title='bbox 370 1538 425 1593; x_wconf 91' lang='lat' dir='ltr'><strong>ei</strong></span> <span class='ocrx_word' id='word_1_130' title='bbox 470 1538 637 1594; x_wconf 90' lang='lat' dir='ltr'><strong>ludos</strong></span> <span class='ocrx_word' id='word_1_131' title='bbox 682 1539 899 1611; x_wconf 85' lang='lat' dir='ltr'><strong>primus</strong></span> <span class='ocrx_word' id='word_1_132' title='bbox 952 1538 1233 1608; x_wconf 84' lang='lat' dir='ltr'><strong>instituit,</strong></span> <span class='ocrx_word' id='word_1_133' title='bbox 1278 1555 1381 1593; x_wconf 87' lang='lat' dir='ltr'><strong>nec</strong></span> <span class='ocrx_word' id='word_1_134' title='bbox 1427 1539 1480 1593; x_wconf 89' lang='lat' dir='ltr'><strong>ei</strong></span> <span class='ocrx_word' id='word_1_135' title='bbox 1516 1541 1742 1593; x_wconf 85' lang='lat' dir='ltr'><strong>tantum</strong></span> <span class='ocrx_word' id='word_1_136' title='bbox 1789 1538 1888 1593; x_wconf 88' lang='lat' dir='ltr'><strong>sed</strong></span> <span class='ocrx_word' id='word_1_137' title='bbox 1935 1538 2107 1594; x_wconf 90' lang='lat' dir='ltr'><strong>etiam</strong></span> <span class='ocrx_word' id='word_1_138' title='bbox 2155 1539 2471 1610; x_wconf 80' lang='lat' dir='ltr'><strong>Mineruae,</strong></span> <span class='ocrx_word' id='word_1_139' title='bbox 2509 1541 2612 1595; x_wconf 89' lang='lat' dir='ltr'><strong>ubi</strong></span> 
     </span>
     <span class='ocr_line' id='line_1_18' title="bbox 368 1618 2610 1690; baseline 0 -16"><span class='ocrx_word' id='word_1_140' title='bbox 368 1620 686 1690; x_wconf 86' lang='lat' dir='ltr'><strong>praemium</strong></span> <span class='ocrx_word' id='word_1_141' title='bbox 720 1619 1037 1674; x_wconf 89' lang='lat' dir='ltr'><strong>uictoribus</strong></span> <span class='ocrx_word' id='word_1_142' title='bbox 1072 1619 1261 1675; x_wconf 89' lang='lat' dir='ltr'><strong>oleum</strong></span> <span class='ocrx_word' id='word_1_143' title='bbox 1295 1619 1630 1690; x_wconf 87' lang='lat' dir='ltr'><strong>ponebatur,</strong></span> <span class='ocrx_word' id='word_1_144' title='bbox 1659 1619 1812 1688; x_wconf 89' lang='lat' dir='ltr'><strong>quod</strong></span> <span class='ocrx_word' id='word_1_145' title='bbox 1840 1621 1962 1673; x_wconf 88' lang='lat' dir='ltr'><strong>eius</strong></span> <span class='ocrx_word' id='word_1_146' title='bbox 1989 1618 2207 1673; x_wconf 82' lang='lat' dir='ltr'><strong>fructus</strong></span> <span class='ocrx_word' id='word_1_147' title='bbox 2235 1620 2610 1675; x_wconf 87' lang='lat' dir='ltr'><strong>inuentricem</strong></span> 
     </span>
     <span class='ocr_line' id='line_1_19' title="bbox 370 1699 1626 1756; baseline 0 -2"><span class='ocrx_word' id='word_1_148' title='bbox 370 1701 691 1755; x_wconf 75' lang='lat' dir='ltr'><strong>Mineruam</strong></span> <span class='ocrx_word' id='word_1_149' title='bbox 730 1701 879 1756; x_wconf 86' lang='lat' dir='ltr'><strong>sicut</strong></span> <span class='ocrx_word' id='word_1_150' title='bbox 913 1699 1036 1754; x_wconf 89' lang='lat' dir='ltr'><strong>uini</strong></span> <span class='ocrx_word' id='word_1_151' title='bbox 1072 1700 1337 1754; x_wconf 84' lang='lat' dir='ltr'><strong>Liberum</strong></span> <span class='ocrx_word' id='word_1_152' title='bbox 1374 1699 1626 1756; x_wconf 73' lang='lat' dir='ltr'><strong>tradunt.</strong></span> 
     </span>
    </p>

    <p class='ocr_par' dir='ltr' id='par_1_6' title="bbox 368 1778 2610 2400">
     <span class='ocr_line' id='line_1_20' title="bbox 512 1778 2610 1851; baseline 0 -16"><span class='ocrx_word' id='word_1_153' title='bbox 512 1781 622 1835; x_wconf 88' lang='lat' dir='ltr'><strong>Per</strong></span> <span class='ocrx_word' id='word_1_154' title='bbox 676 1797 771 1836; x_wconf 86' lang='lat' dir='ltr'><strong>eos</strong></span> <span class='ocrx_word' id='word_1_155' title='bbox 829 1797 1007 1836; x_wconf 90' lang='lat' dir='ltr'><strong>annos</strong></span> <span class='ocrx_word' id='word_1_156' title='bbox 1064 1797 1097 1834; x_wconf 86' lang='lat' dir='ltr'><strong>a</strong></span> <span class='ocrx_word' id='word_1_157' title='bbox 1152 1795 1284 1849; x_wconf 86' lang='lat' dir='ltr'><strong>rege</strong></span> <span class='ocrx_word' id='word_1_158' title='bbox 1340 1779 1568 1834; x_wconf 78' lang='lat' dir='ltr'><strong>Xantho</strong></span> <span class='ocrx_word' id='word_1_159' title='bbox 1615 1778 1992 1850; x_wconf 86' lang='lat' dir='ltr'><strong>Cretensium,</strong></span> <span class='ocrx_word' id='word_1_160' title='bbox 2049 1781 2208 1835; x_wconf 86' lang='lat' dir='ltr'><strong>cuius</strong></span> <span class='ocrx_word' id='word_1_161' title='bbox 2265 1779 2417 1851; x_wconf 84' lang='lat' dir='ltr'><strong>apud</strong></span> <span class='ocrx_word' id='word_1_162' title='bbox 2465 1780 2610 1836; x_wconf 87' lang='lat' dir='ltr'><strong>alios</strong></span> 
     </span>
     <span class='ocr_line' id='line_1_21' title="bbox 368 1859 2610 1931; baseline 0 -16"><span class='ocrx_word' id='word_1_163' title='bbox 368 1861 531 1916; x_wconf 82' lang='lat' dir='ltr'><strong>aliud</strong></span> <span class='ocrx_word' id='word_1_164' title='bbox 566 1878 775 1917; x_wconf 89' lang='lat' dir='ltr'><strong>nomen</strong></span> <span class='ocrx_word' id='word_1_165' title='bbox 810 1861 1147 1928; x_wconf 88' lang='lat' dir='ltr'><strong>inuenimus,</strong></span> <span class='ocrx_word' id='word_1_166' title='bbox 1186 1864 1351 1930; x_wconf 89' lang='lat' dir='ltr'><strong>rapta</strong></span> <span class='ocrx_word' id='word_1_167' title='bbox 1385 1859 1718 1930; x_wconf 88' lang='lat' dir='ltr'><strong>perhibetur</strong></span> <span class='ocrx_word' id='word_1_168' title='bbox 1746 1859 1972 1930; x_wconf 85' lang='lat' dir='ltr'><strong>Europa</strong></span> <span class='ocrx_word' id='word_1_169' title='bbox 2000 1864 2060 1915; x_wconf 89' lang='lat' dir='ltr'><strong>et</strong></span> <span class='ocrx_word' id='word_1_170' title='bbox 2086 1861 2220 1915; x_wconf 87' lang='lat' dir='ltr'><strong>inde</strong></span> <span class='ocrx_word' id='word_1_171' title='bbox 2246 1861 2428 1931; x_wconf 83' lang='lat' dir='ltr'><strong>geniti</strong></span> <span class='ocrx_word' id='word_1_172' title='bbox 2458 1861 2610 1916; x_wconf 83' lang='lat' dir='ltr'><strong>Rha-</strong></span> 
     </span>
     <span class='ocr_line' id='line_1_22' title="bbox 370 1939 2609 2013; baseline -0 -15"><span class='ocrx_word' id='word_1_173' title='bbox 370 1943 713 1998; x_wconf 86' lang='lat' dir='ltr'><strong>damanthus</strong></span> <span class='ocrx_word' id='word_1_174' title='bbox 760 1941 1051 2013; x_wconf 82' lang='lat' dir='ltr'><strong>Sarpedon</strong></span> <span class='ocrx_word' id='word_1_175' title='bbox 1096 1944 1156 1995; x_wconf 91' lang='lat' dir='ltr'><strong>et</strong></span> <span class='ocrx_word' id='word_1_176' title='bbox 1200 1941 1409 2008; x_wconf 84' lang='lat' dir='ltr'><strong>Minos,</strong></span> <span class='ocrx_word' id='word_1_177' title='bbox 1457 1957 1598 2010; x_wconf 86' lang='lat' dir='ltr'><strong>quos</strong></span> <span class='ocrx_word' id='word_1_178' title='bbox 1637 1941 1819 2010; x_wconf 87' lang='lat' dir='ltr'><strong>magis</strong></span> <span class='ocrx_word' id='word_1_179' title='bbox 1858 1957 1926 1996; x_wconf 85' lang='lat' dir='ltr'><strong>ex</strong></span> <span class='ocrx_word' id='word_1_180' title='bbox 1964 1941 2164 1996; x_wconf 85' lang='lat' dir='ltr'><strong>eadem</strong></span> <span class='ocrx_word' id='word_1_181' title='bbox 2199 1939 2436 1996; x_wconf 88' lang='lat' dir='ltr'><strong>muliere</strong></span> <span class='ocrx_word' id='word_1_182' title='bbox 2461 1941 2609 1997; x_wconf 85' lang='lat' dir='ltr'><strong>filios</strong></span> 
     </span>
     <span class='ocr_line' id='line_1_23' title="bbox 368 2019 2608 2094; baseline 0 -18"><span class='ocrx_word' id='word_1_183' title='bbox 368 2023 521 2078; x_wconf 87' lang='lat' dir='ltr'><strong>Iouis</strong></span> <span class='ocrx_word' id='word_1_184' title='bbox 559 2039 681 2078; x_wconf 85' lang='lat' dir='ltr'><strong>esse</strong></span> <span class='ocrx_word' id='word_1_185' title='bbox 718 2022 1016 2094; x_wconf 84' lang='lat' dir='ltr'><strong>uulgatum</strong></span> <span class='ocrx_word' id='word_1_186' title='bbox 1052 2025 1153 2076; x_wconf 88' lang='lat' dir='ltr'><strong>est.</strong></span> <span class='ocrx_word' id='word_1_187' title='bbox 1220 2021 1321 2074; x_wconf 90' lang='lat' dir='ltr'><strong>sed</strong></span> <span class='ocrx_word' id='word_1_188' title='bbox 1363 2019 1567 2075; x_wconf 87' lang='lat' dir='ltr'><strong>talium</strong></span> <span class='ocrx_word' id='word_1_189' title='bbox 1614 2019 1848 2075; x_wconf 89' lang='lat' dir='ltr'><strong>deorum</strong></span> <span class='ocrx_word' id='word_1_190' title='bbox 1884 2021 2128 2076; x_wconf 88' lang='lat' dir='ltr'><strong>cultores</strong></span> <span class='ocrx_word' id='word_1_191' title='bbox 2164 2021 2309 2076; x_wconf 88' lang='lat' dir='ltr'><strong>illud</strong></span> <span class='ocrx_word' id='word_1_192' title='bbox 2346 2022 2500 2091; x_wconf 87' lang='lat' dir='ltr'><strong>quod</strong></span> <span class='ocrx_word' id='word_1_193' title='bbox 2536 2023 2608 2077; x_wconf 90' lang='lat' dir='ltr'><strong>de</strong></span> 
     </span>
     <span class='ocr_line' id='line_1_24' title="bbox 371 2101 2608 2174; baseline 0 -18"><span class='ocrx_word' id='word_1_194' title='bbox 371 2119 503 2174; x_wconf 88' lang='lat' dir='ltr'><strong>rege</strong></span> <span class='ocrx_word' id='word_1_195' title='bbox 540 2103 892 2158; x_wconf 84' lang='lat' dir='ltr'><strong>Cretensium</strong></span> <span class='ocrx_word' id='word_1_196' title='bbox 929 2102 1190 2168; x_wconf 87' lang='lat' dir='ltr'><strong>diximus,</strong></span> <span class='ocrx_word' id='word_1_197' title='bbox 1222 2101 1529 2156; x_wconf 83' lang='lat' dir='ltr'><strong>historicae</strong></span> <span class='ocrx_word' id='word_1_198' title='bbox 1554 2101 1810 2169; x_wconf 85' lang='lat' dir='ltr'><strong>ueritati,</strong></span> <span class='ocrx_word' id='word_1_199' title='bbox 1837 2103 1946 2156; x_wconf 89' lang='lat' dir='ltr'><strong>hoc</strong></span> <span class='ocrx_word' id='word_1_200' title='bbox 1973 2104 2165 2156; x_wconf 88' lang='lat' dir='ltr'><strong>autem</strong></span> <span class='ocrx_word' id='word_1_201' title='bbox 2192 2102 2346 2172; x_wconf 88' lang='lat' dir='ltr'><strong>quod</strong></span> <span class='ocrx_word' id='word_1_202' title='bbox 2375 2103 2446 2156; x_wconf 90' lang='lat' dir='ltr'><strong>de</strong></span> <span class='ocrx_word' id='word_1_203' title='bbox 2473 2102 2608 2157; x_wconf 90' lang='lat' dir='ltr'><strong>Ioue</strong></span> 
     </span>
     <span class='ocr_line' id='line_1_25' title="bbox 368 2181 2606 2254; baseline -0.001 -15"><span class='ocrx_word' id='word_1_204' title='bbox 368 2187 574 2254; x_wconf 85' lang='lat' dir='ltr'><strong>poetae</strong></span> <span class='ocrx_word' id='word_1_205' title='bbox 611 2186 864 2250; x_wconf 86' lang='lat' dir='ltr'><strong>cantant,</strong></span> <span class='ocrx_word' id='word_1_206' title='bbox 902 2183 1127 2237; x_wconf 82' lang='lat' dir='ltr'><strong>theatra</strong></span> <span class='ocrx_word' id='word_1_207' title='bbox 1165 2185 1522 2251; x_wconf 83' lang='lat' dir='ltr'><strong>concrepant,</strong></span> <span class='ocrx_word' id='word_1_208' title='bbox 1560 2181 1760 2252; x_wconf 87' lang='lat' dir='ltr'><strong>populi</strong></span> <span class='ocrx_word' id='word_1_209' title='bbox 1797 2181 2104 2251; x_wconf 84' lang='lat' dir='ltr'><strong>celebrant,</strong></span> <span class='ocrx_word' id='word_1_210' title='bbox 2141 2182 2388 2237; x_wconf 87' lang='lat' dir='ltr'><strong>uanitati</strong></span> <span class='ocrx_word' id='word_1_211' title='bbox 2432 2183 2606 2253; x_wconf 89' lang='lat' dir='ltr'><strong>depu-</strong></span> 
     </span>
     <span class='ocr_line' id='line_1_26' title="bbox 370 2260 2606 2333; baseline -0.001 -15"><span class='ocrx_word' id='word_1_212' title='bbox 370 2267 500 2318; x_wconf 86' lang='lat' dir='ltr'><strong>tant</strong></span> <span class='ocrx_word' id='word_1_213' title='bbox 534 2264 876 2332; x_wconf 86' lang='lat' dir='ltr'><strong>fabularum,</strong></span> <span class='ocrx_word' id='word_1_214' title='bbox 915 2267 981 2317; x_wconf 91' lang='lat' dir='ltr'><strong>ut</strong></span> <span class='ocrx_word' id='word_1_215' title='bbox 1016 2265 1166 2317; x_wconf 86' lang='lat' dir='ltr'><strong>esset</strong></span> <span class='ocrx_word' id='word_1_216' title='bbox 1190 2261 1343 2316; x_wconf 89' lang='lat' dir='ltr'><strong>unde</strong></span> <span class='ocrx_word' id='word_1_217' title='bbox 1372 2261 1494 2314; x_wconf 90' lang='lat' dir='ltr'><strong>ludi</strong></span> <span class='ocrx_word' id='word_1_218' title='bbox 1522 2263 1725 2317; x_wconf 87' lang='lat' dir='ltr'><strong>fierent</strong></span> <span class='ocrx_word' id='word_1_219' title='bbox 1748 2262 2044 2333; x_wconf 79' lang='lat' dir='ltr'><strong>placandis</strong></span> <span class='ocrx_word' id='word_1_220' title='bbox 2071 2260 2400 2317; x_wconf 81' lang='lat' dir='ltr'><strong>numinibus</strong></span> <span class='ocrx_word' id='word_1_221' title='bbox 2429 2263 2606 2316; x_wconf 90' lang='lat' dir='ltr'><strong>etiam</strong></span> 
     </span>
     <span class='ocr_line' id='line_1_27' title="bbox 370 2341 1165 2400; baseline 0 -2"><span class='ocrx_word' id='word_1_222' title='bbox 370 2343 531 2400; x_wconf 86' lang='lat' dir='ltr'><strong>falsis</strong></span> <span class='ocrx_word' id='word_1_223' title='bbox 578 2361 771 2400; x_wconf 88' lang='lat' dir='ltr'><strong>eorum</strong></span> <span class='ocrx_word' id='word_1_224' title='bbox 818 2341 1165 2398; x_wconf 81' lang='lat' dir='ltr'><strong>criminibus.</strong></span> 
     </span>
    </p>

    <p class='ocr_par' dir='ltr' id='par_1_7' title="bbox 366 2421 2608 3058">
     <span class='ocr_line' id='line_1_28' title="bbox 518 2421 2608 2495; baseline -0 -16"><span class='ocrx_word' id='word_1_225' title='bbox 518 2425 615 2480; x_wconf 85' lang='lat' dir='ltr'><strong>His</strong></span> <span class='ocrx_word' id='word_1_226' title='bbox 654 2423 1003 2495; x_wconf 86' lang='lat' dir='ltr'><strong>temporibus</strong></span> <span class='ocrx_word' id='word_1_227' title='bbox 1031 2421 1301 2478; x_wconf 87' lang='lat' dir='ltr'><strong>Hercules</strong></span> <span class='ocrx_word' id='word_1_228' title='bbox 1328 2423 1389 2476; x_wconf 89' lang='lat' dir='ltr'><strong>in</strong></span> <span class='ocrx_word' id='word_1_229' title='bbox 1419 2422 1583 2492; x_wconf 78' lang='lat' dir='ltr'><strong>Syria</strong></span> <span class='ocrx_word' id='word_1_230' title='bbox 1620 2423 1806 2477; x_wconf 83' lang='lat' dir='ltr'><strong>clarus</strong></span> <span class='ocrx_word' id='word_1_231' title='bbox 1841 2423 2176 2490; x_wconf 86' lang='lat' dir='ltr'><strong>habebatur,</strong></span> <span class='ocrx_word' id='word_1_232' title='bbox 2215 2423 2314 2478; x_wconf 86' lang='lat' dir='ltr'><strong>sed</strong></span> <span class='ocrx_word' id='word_1_233' title='bbox 2342 2423 2608 2478; x_wconf 88' lang='lat' dir='ltr'><strong>nimirum</strong></span> 
     </span>
     <span class='ocr_line' id='line_1_29' title="bbox 370 2503 2606 2574; baseline 0 -16"><span class='ocrx_word' id='word_1_234' title='bbox 370 2505 535 2574; x_wconf 88' lang='lat' dir='ltr'><strong>alius,</strong></span> <span class='ocrx_word' id='word_1_235' title='bbox 570 2521 683 2560; x_wconf 90' lang='lat' dir='ltr'><strong>non</strong></span> <span class='ocrx_word' id='word_1_236' title='bbox 719 2505 819 2560; x_wconf 91' lang='lat' dir='ltr'><strong>ille</strong></span> <span class='ocrx_word' id='word_1_237' title='bbox 857 2505 929 2559; x_wconf 90' lang='lat' dir='ltr'><strong>de</strong></span> <span class='ocrx_word' id='word_1_238' title='bbox 966 2521 1077 2574; x_wconf 89' lang='lat' dir='ltr'><strong>quo</strong></span> <span class='ocrx_word' id='word_1_239' title='bbox 1114 2519 1287 2574; x_wconf 87' lang='lat' dir='ltr'><strong>supra</strong></span> <span class='ocrx_word' id='word_1_240' title='bbox 1320 2503 1497 2558; x_wconf 87' lang='lat' dir='ltr'><strong>locuti</strong></span> <span class='ocrx_word' id='word_1_241' title='bbox 1526 2521 1733 2558; x_wconf 87' lang='lat' dir='ltr'><strong>sumus.</strong></span> <span class='ocrx_word' id='word_1_242' title='bbox 1803 2503 2100 2559; x_wconf 88' lang='lat' dir='ltr'><strong>secretiore</strong></span> <span class='ocrx_word' id='word_1_243' title='bbox 2128 2503 2340 2574; x_wconf 87' lang='lat' dir='ltr'><strong>quippe</strong></span> <span class='ocrx_word' id='word_1_244' title='bbox 2368 2503 2606 2559; x_wconf 83' lang='lat' dir='ltr'><strong>historia.</strong></span> 
     </span>
     <span class='ocr_line' id='line_1_30' title="bbox 366 2583 2606 2655; baseline -0 -16"><span class='ocrx_word' id='word_1_245' title='bbox 366 2585 561 2655; x_wconf 88' lang='lat' dir='ltr'><strong>plures</strong></span> <span class='ocrx_word' id='word_1_246' title='bbox 606 2585 781 2640; x_wconf 82' lang='lat' dir='ltr'><strong>fuisse</strong></span> <span class='ocrx_word' id='word_1_247' title='bbox 818 2585 1085 2640; x_wconf 89' lang='lat' dir='ltr'><strong>dicuntur</strong></span> <span class='ocrx_word' id='word_1_248' title='bbox 1124 2587 1183 2638; x_wconf 88' lang='lat' dir='ltr'><strong>et</strong></span> <span class='ocrx_word' id='word_1_249' title='bbox 1218 2583 1408 2638; x_wconf 88' lang='lat' dir='ltr'><strong>Liberi</strong></span> <span class='ocrx_word' id='word_1_250' title='bbox 1443 2587 1636 2654; x_wconf 84' lang='lat' dir='ltr'><strong>patres</strong></span> <span class='ocrx_word' id='word_1_251' title='bbox 1673 2587 1733 2640; x_wconf 87' lang='lat' dir='ltr'><strong>et</strong></span> <span class='ocrx_word' id='word_1_252' title='bbox 1768 2583 2053 2639; x_wconf 85' lang='lat' dir='ltr'><strong>Hercules.</strong></span> <span class='ocrx_word' id='word_1_253' title='bbox 2109 2585 2262 2638; x_wconf 88' lang='lat' dir='ltr'><strong>hunc</strong></span> <span class='ocrx_word' id='word_1_254' title='bbox 2297 2599 2434 2639; x_wconf 87' lang='lat' dir='ltr'><strong>sane</strong></span> <span class='ocrx_word' id='word_1_255' title='bbox 2470 2583 2606 2639; x_wconf 88' lang='lat' dir='ltr'><strong>Her-</strong></span> 
     </span>
     <span class='ocr_line' id='line_1_31' title="bbox 369 2663 2606 2736; baseline 0 -17"><span class='ocrx_word' id='word_1_256' title='bbox 369 2665 579 2733; x_wconf 88' lang='lat' dir='ltr'><strong>culem,</strong></span> <span class='ocrx_word' id='word_1_257' title='bbox 626 2667 786 2721; x_wconf 84' lang='lat' dir='ltr'><strong>cuius</strong></span> <span class='ocrx_word' id='word_1_258' title='bbox 833 2665 1091 2736; x_wconf 88' lang='lat' dir='ltr'><strong>ingentia</strong></span> <span class='ocrx_word' id='word_1_259' title='bbox 1135 2664 1435 2719; x_wconf 86' lang='lat' dir='ltr'><strong>duodecim</strong></span> <span class='ocrx_word' id='word_1_260' title='bbox 1470 2663 1626 2719; x_wconf 83' lang='lat' dir='ltr'><strong>facta</strong></span> <span class='ocrx_word' id='word_1_261' title='bbox 1666 2667 1981 2731; x_wconf 89' lang='lat' dir='ltr'><strong>numerant,</strong></span> <span class='ocrx_word' id='word_1_262' title='bbox 2027 2665 2178 2718; x_wconf 87' lang='lat' dir='ltr'><strong>inter</strong></span> <span class='ocrx_word' id='word_1_263' title='bbox 2213 2679 2360 2734; x_wconf 88' lang='lat' dir='ltr'><strong>quae</strong></span> <span class='ocrx_word' id='word_1_264' title='bbox 2397 2665 2606 2719; x_wconf 82' lang='lat' dir='ltr'><strong>Antaei</strong></span> 
     </span>
     <span class='ocr_line' id='line_1_32' title="bbox 370 2743 2603 2814; baseline -0.001 -14"><span class='ocrx_word' id='word_1_265' title='bbox 370 2746 493 2801; x_wconf 78' lang='lat' dir='ltr'><strong>Afri</strong></span> <span class='ocrx_word' id='word_1_266' title='bbox 532 2762 727 2802; x_wconf 87' lang='lat' dir='ltr'><strong>necem</strong></span> <span class='ocrx_word' id='word_1_267' title='bbox 772 2762 887 2801; x_wconf 91' lang='lat' dir='ltr'><strong>non</strong></span> <span class='ocrx_word' id='word_1_268' title='bbox 932 2747 1391 2814; x_wconf 82' lang='lat' dir='ltr'><strong>commemorant,</strong></span> <span class='ocrx_word' id='word_1_269' title='bbox 1447 2745 1599 2814; x_wconf 88' lang='lat' dir='ltr'><strong>quod</strong></span> <span class='ocrx_word' id='word_1_270' title='bbox 1647 2760 1716 2799; x_wconf 91' lang='lat' dir='ltr'><strong>ea</strong></span> <span class='ocrx_word' id='word_1_271' title='bbox 1759 2761 1850 2800; x_wconf 86' lang='lat' dir='ltr'><strong>res</strong></span> <span class='ocrx_word' id='word_1_272' title='bbox 1897 2745 1968 2798; x_wconf 86' lang='lat' dir='ltr'><strong>ad</strong></span> <span class='ocrx_word' id='word_1_273' title='bbox 2016 2743 2258 2799; x_wconf 85' lang='lat' dir='ltr'><strong>alterum</strong></span> <span class='ocrx_word' id='word_1_274' title='bbox 2305 2744 2603 2799; x_wconf 87' lang='lat' dir='ltr'><strong>Herculem</strong></span> 
     </span>
     <span class='ocr_line' id='line_1_33' title="bbox 368 2824 2602 2896; baseline -0.001 -15"><span class='ocrx_word' id='word_1_275' title='bbox 368 2827 633 2896; x_wconf 87' lang='lat' dir='ltr'><strong>pertinet,</strong></span> <span class='ocrx_word' id='word_1_276' title='bbox 672 2827 731 2880; x_wconf 92' lang='lat' dir='ltr'><strong>in</strong></span> <span class='ocrx_word' id='word_1_277' title='bbox 760 2827 907 2882; x_wconf 85' lang='lat' dir='ltr'><strong>Oeta</strong></span> <span class='ocrx_word' id='word_1_278' title='bbox 934 2829 1125 2881; x_wconf 87' lang='lat' dir='ltr'><strong>monte</strong></span> <span class='ocrx_word' id='word_1_279' title='bbox 1154 2843 1188 2880; x_wconf 88' lang='lat' dir='ltr'><strong>a</strong></span> <span class='ocrx_word' id='word_1_280' title='bbox 1216 2843 1277 2880; x_wconf 87' lang='lat' dir='ltr'><strong>se</strong></span> <span class='ocrx_word' id='word_1_281' title='bbox 1304 2827 1428 2896; x_wconf 91' lang='lat' dir='ltr'><strong>ipso</strong></span> <span class='ocrx_word' id='word_1_282' title='bbox 1466 2825 1756 2880; x_wconf 81' lang='lat' dir='ltr'><strong>incensum</strong></span> <span class='ocrx_word' id='word_1_283' title='bbox 1792 2825 2041 2894; x_wconf 85' lang='lat' dir='ltr'><strong>produnt</strong></span> <span class='ocrx_word' id='word_1_284' title='bbox 2067 2825 2184 2878; x_wconf 87' lang='lat' dir='ltr'><strong>suis</strong></span> <span class='ocrx_word' id='word_1_285' title='bbox 2211 2824 2435 2894; x_wconf 87' lang='lat' dir='ltr'><strong>litteris,</strong></span> <span class='ocrx_word' id='word_1_286' title='bbox 2475 2841 2602 2879; x_wconf 88' lang='lat' dir='ltr'><strong>cum</strong></span> 
     </span>
     <span class='ocr_line' id='line_1_34' title="bbox 368 2904 2604 2976; baseline -0.001 -14"><span class='ocrx_word' id='word_1_287' title='bbox 368 2923 437 2962; x_wconf 87' lang='lat' dir='ltr'><strong>ea</strong></span> <span class='ocrx_word' id='word_1_288' title='bbox 481 2908 719 2975; x_wconf 87' lang='lat' dir='ltr'><strong>uirtute,</strong></span> <span class='ocrx_word' id='word_1_289' title='bbox 766 2924 880 2976; x_wconf 89' lang='lat' dir='ltr'><strong>qua</strong></span> <span class='ocrx_word' id='word_1_290' title='bbox 928 2906 1111 2962; x_wconf 86' lang='lat' dir='ltr'><strong>multa</strong></span> <span class='ocrx_word' id='word_1_291' title='bbox 1164 2907 1495 2976; x_wconf 80' lang='lat' dir='ltr'><strong>subegerat,</strong></span> <span class='ocrx_word' id='word_1_292' title='bbox 1552 2905 1808 2959; x_wconf 90' lang='lat' dir='ltr'><strong>morbum</strong></span> <span class='ocrx_word' id='word_1_293' title='bbox 1851 2910 2070 2972; x_wconf 89' lang='lat' dir='ltr'><strong>tamen,</strong></span> <span class='ocrx_word' id='word_1_294' title='bbox 2117 2921 2228 2974; x_wconf 90' lang='lat' dir='ltr'><strong>quo</strong></span> <span class='ocrx_word' id='word_1_295' title='bbox 2276 2904 2604 2975; x_wconf 82' lang='lat' dir='ltr'><strong>languebat,</strong></span> 
     </span>
     <span class='ocr_line' id='line_1_35' title="bbox 369 2989 1060 3058; baseline 0 -16"><span class='ocrx_word' id='word_1_296' title='bbox 369 2989 647 3043; x_wconf 85' lang='lat' dir='ltr'><strong>sustinere</strong></span> <span class='ocrx_word' id='word_1_297' title='bbox 692 3005 805 3041; x_wconf 90' lang='lat' dir='ltr'><strong>non</strong></span> <span class='ocrx_word' id='word_1_298' title='bbox 851 2990 1060 3058; x_wconf 87' lang='lat' dir='ltr'><strong>posset.</strong></span> 
     </span>
    </p>

    <p class='ocr_par' dir='ltr' id='par_1_8' title="bbox 366 3065 2606 3300">
     <span class='ocr_line' id='line_1_36' title="bbox 508 3065 2602 3138; baseline -0.001 -16"><span class='ocrx_word' id='word_1_299' title='bbox 508 3067 615 3123; x_wconf 92' lang='lat' dir='ltr'><strong>Illo</strong></span> <span class='ocrx_word' id='word_1_300' title='bbox 660 3071 915 3138; x_wconf 88' lang='lat' dir='ltr'><strong>tempore</strong></span> <span class='ocrx_word' id='word_1_301' title='bbox 960 3066 1054 3122; x_wconf 89' lang='lat' dir='ltr'><strong>uel</strong></span> <span class='ocrx_word' id='word_1_302' title='bbox 1100 3083 1198 3121; x_wconf 86' lang='lat' dir='ltr'><strong>rex</strong></span> <span class='ocrx_word' id='word_1_303' title='bbox 1244 3067 1337 3122; x_wconf 91' lang='lat' dir='ltr'><strong>uel</strong></span> <span class='ocrx_word' id='word_1_304' title='bbox 1377 3067 1569 3136; x_wconf 88' lang='lat' dir='ltr'><strong>potius</strong></span> <span class='ocrx_word' id='word_1_305' title='bbox 1606 3069 1880 3135; x_wconf 78' lang='lat' dir='ltr'><strong>tyrannus</strong></span> <span class='ocrx_word' id='word_1_306' title='bbox 1917 3066 2133 3121; x_wconf 85' lang='lat' dir='ltr'><strong>Busiris</strong></span> <span class='ocrx_word' id='word_1_307' title='bbox 2169 3067 2286 3120; x_wconf 90' lang='lat' dir='ltr'><strong>suis</strong></span> <span class='ocrx_word' id='word_1_308' title='bbox 2325 3065 2435 3121; x_wconf 88' lang='lat' dir='ltr'><strong>diis</strong></span> <span class='ocrx_word' id='word_1_309' title='bbox 2474 3083 2602 3121; x_wconf 87' lang='lat' dir='ltr'><strong>suos</strong></span> 
     </span>
     <span class='ocr_line' id='line_1_37' title="bbox 366 3145 2604 3220; baseline -0.001 -16"><span class='ocrx_word' id='word_1_310' title='bbox 366 3149 621 3220; x_wconf 84' lang='lat' dir='ltr'><strong>hospites</strong></span> <span class='ocrx_word' id='word_1_311' title='bbox 649 3147 1003 3214; x_wconf 88' lang='lat' dir='ltr'><strong>immolabat,</strong></span> <span class='ocrx_word' id='word_1_312' title='bbox 1041 3163 1209 3217; x_wconf 90' lang='lat' dir='ltr'><strong>quem</strong></span> <span class='ocrx_word' id='word_1_313' title='bbox 1245 3147 1425 3202; x_wconf 85' lang='lat' dir='ltr'><strong>filium</strong></span> <span class='ocrx_word' id='word_1_314' title='bbox 1470 3146 1775 3216; x_wconf 85' lang='lat' dir='ltr'><strong>perhibent</strong></span> <span class='ocrx_word' id='word_1_315' title='bbox 1808 3146 1984 3200; x_wconf 82' lang='lat' dir='ltr'><strong>fuisse</strong></span> <span class='ocrx_word' id='word_1_316' title='bbox 2019 3145 2274 3217; x_wconf 84' lang='lat' dir='ltr'><strong>Neptuni</strong></span> <span class='ocrx_word' id='word_1_317' title='bbox 2319 3162 2386 3200; x_wconf 84' lang='lat' dir='ltr'><strong>ex</strong></span> <span class='ocrx_word' id='word_1_318' title='bbox 2423 3150 2604 3202; x_wconf 86' lang='lat' dir='ltr'><strong>matre</strong></span> 
     </span>
     <span class='ocr_line' id='line_1_38' title="bbox 366 3227 2606 3300; baseline 0 -18"><span class='ocrx_word' id='word_1_319' title='bbox 366 3229 568 3299; x_wconf 79' lang='lat' dir='ltr'><strong>Libya,</strong></span> <span class='ocrx_word' id='word_1_320' title='bbox 614 3230 737 3284; x_wconf 89' lang='lat' dir='ltr'><strong>filia</strong></span> <span class='ocrx_word' id='word_1_321' title='bbox 776 3229 1017 3300; x_wconf 88' lang='lat' dir='ltr'><strong>Epaphi.</strong></span> <span class='ocrx_word' id='word_1_322' title='bbox 1084 3243 1280 3283; x_wconf 90' lang='lat' dir='ltr'><strong>uerum</strong></span> <span class='ocrx_word' id='word_1_323' title='bbox 1324 3244 1438 3281; x_wconf 91' lang='lat' dir='ltr'><strong>non</strong></span> <span class='ocrx_word' id='word_1_324' title='bbox 1484 3227 1750 3282; x_wconf 87' lang='lat' dir='ltr'><strong>credatur</strong></span> <span class='ocrx_word' id='word_1_325' title='bbox 1793 3227 1901 3282; x_wconf 88' lang='lat' dir='ltr'><strong>hoc</strong></span> <span class='ocrx_word' id='word_1_326' title='bbox 1947 3229 2204 3297; x_wconf 89' lang='lat' dir='ltr'><strong>stuprum</strong></span> <span class='ocrx_word' id='word_1_327' title='bbox 2249 3229 2606 3297; x_wconf 86' lang='lat' dir='ltr'><strong>perpetrasse</strong></span> 
     </span>
    </p>
   </div>
   <div class='ocr_carea' id='block_1_5' title="bbox 294 3405 2604 4120">
    <p class='ocr_par' dir='ltr' id='par_1_9' title="bbox 294 3405 2604 3909">
     <span class='ocr_line' id='line_1_39' title="bbox 478 3405 2604 3478; baseline -0.002 -14"><span class='ocrx_word' id='word_1_328' title='bbox 478 3415 525 3464; x_wconf 89' lang='lat'><strong>1.</strong></span> <span class='ocrx_word' id='word_1_329' title='bbox 562 3409 724 3464; x_wconf 76' lang='lat' dir='ltr'><strong>Haec</strong></span> <span class='ocrx_word' id='word_1_330' title='bbox 744 3408 957 3478; x_wconf 79' lang='lat' dir='ltr'><strong>partim</strong></span> <span class='ocrx_word' id='word_1_331' title='bbox 994 3424 1062 3462; x_wconf 71' lang='lat' dir='ltr'><strong>ea:</strong></span> <span class='ocrx_word' id='word_1_332' title='bbox 1099 3407 1239 3462; x_wconf 74' lang='lat' dir='ltr'><strong>libro</strong></span> <span class='ocrx_word' id='word_1_333' title='bbox 1266 3408 1317 3474; x_wconf 89' lang='lat' dir='ltr'><strong>I,</strong></span> <span class='ocrx_word' id='word_1_334' title='bbox 1336 3407 1549 3474; x_wconf 78' lang='lat' dir='ltr'><strong>partim</strong></span> <span class='ocrx_word' id='word_1_335' title='bbox 1574 3423 1645 3460; x_wconf 72' lang='grc' dir='ltr'><strong>Î¹Ï‰</strong></span> <span class='ocrx_word' id='word_1_336' title='bbox 1671 3405 1784 3460; x_wconf 91' lang='grc' dir='ltr'><strong>Î™Î™Î™</strong></span> <span class='ocrx_word' id='word_1_337' title='bbox 1804 3407 2024 3461; x_wconf 77' lang='lat' dir='ltr'><strong>collecta</strong></span> <span class='ocrx_word' id='word_1_338' title='bbox 2065 3407 2135 3460; x_wconf 84' lang='lat' dir='ltr'><strong>ab</strong></span> <span class='ocrx_word' id='word_1_339' title='bbox 2162 3407 2480 3476; x_wconf 64' lang='lat' dir='ltr'><strong>Ametino</strong></span> <span class='ocrx_word' id='word_1_340' title='bbox 2514 3407 2604 3461; x_wconf 71' lang='lat' dir='ltr'><strong>hic</strong></span> 
     </span>
     <span class='ocr_line' id='line_1_40' title="bbox 297 3477 2602 3548; baseline -0.002 -12"><span class='ocrx_word' id='word_1_341' title='bbox 297 3483 413 3536; x_wconf 62' lang='lat' dir='ltr'><strong>two</strong></span> <span class='ocrx_word' id='word_1_342' title='bbox 448 3487 665 3536; x_wconf 75' lang='lat' dir='ltr'><strong>mutata</strong></span> <span class='ocrx_word' id='word_1_343' title='bbox 700 3485 847 3534; x_wconf 66' lang='lat' dir='ltr'><strong>sunt.</strong></span> <span class='ocrx_word' id='word_1_344' title='bbox 896 3480 1078 3534; x_wconf 74' lang='lat' dir='ltr'><strong>Aliter</strong></span> <span class='ocrx_word' id='word_1_345' title='bbox 1104 3478 1278 3533; x_wconf 69' lang='lat' dir='ltr'><strong>Fm&#39;ck</strong></span> <span class='ocrx_word' id='word_1_346' title='bbox 1311 3495 1365 3546; x_wconf 78' lang='lat' dir='ltr'><strong>p.</strong></span> <span class='ocrx_word' id='word_1_347' title='bbox 1384 3481 1463 3532; x_wconf 78' lang='lat'><strong>26</strong></span> <span class='ocrx_word' id='word_1_348' title='bbox 1480 3495 1589 3547; x_wconf 75' lang='lat' dir='ltr'><strong>sqq.</strong></span> <span class='ocrx_word' id='word_1_349' title='bbox 1633 3477 1716 3544; x_wconf 80' lang='lat' dir='ltr'><strong>Cf.</strong></span> <span class='ocrx_word' id='word_1_350' title='bbox 1740 3477 1894 3533; x_wconf 73' lang='lat' dir='ltr'><strong>SemÂ«.</strong></span> <span class='ocrx_word' id='word_1_351' title='bbox 1911 3477 1990 3532; x_wconf 83' lang='lat' dir='ltr'><strong>ad</strong></span> <span class='ocrx_word' id='word_1_352' title='bbox 2020 3478 2174 3548; x_wconf 64' lang='grc' dir='ltr'><strong>Î³Î±Ï.</strong></span> <span class='ocrx_word' id='word_1_353' title='bbox 2196 3480 2336 3532; x_wconf 72' lang='lat' dir='ltr'><strong>Aen.</strong></span> <span class='ocrx_word' id='word_1_354' title='bbox 2359 3478 2469 3530; x_wconf 92' lang='lat' dir='ltr'><strong>III</strong></span> <span class='ocrx_word' id='word_1_355' title='bbox 2490 3481 2602 3532; x_wconf 82' lang='lat'><strong>578</strong></span> 
     </span>
     <span class='ocr_line' id='line_1_41' title="bbox 298 3547 2599 3619; baseline -0.002 -13"><span class='ocrx_word' id='word_1_356' title='bbox 298 3551 500 3607; x_wconf 84' lang='lat' dir='ltr'><strong>Varro</strong></span> <span class='ocrx_word' id='word_1_357' title='bbox 539 3550 683 3606; x_wconf 87' lang='lat' dir='ltr'><strong>dicit</strong></span> <span class='ocrx_word' id='word_1_358' title='bbox 719 3550 781 3604; x_wconf 89' lang='lat' dir='ltr'><strong>in</strong></span> <span class='ocrx_word' id='word_1_359' title='bbox 818 3548 1036 3604; x_wconf 85' lang='lat' dir='ltr'><strong>diluuio</strong></span> <span class='ocrx_word' id='word_1_360' title='bbox 1074 3548 1296 3618; x_wconf 87' lang='lat' dir='ltr'><strong>aliquos</strong></span> <span class='ocrx_word' id='word_1_361' title='bbox 1334 3548 1408 3602; x_wconf 90' lang='lat' dir='ltr'><strong>ad</strong></span> <span class='ocrx_word' id='word_1_362' title='bbox 1444 3551 1664 3610; x_wconf 85' lang='lat' dir='ltr'><strong>montes</strong></span> <span class='ocrx_word' id='word_1_363' title='bbox 1701 3547 2022 3619; x_wconf 87' lang='lat' dir='ltr'><strong>confugisse</strong></span> <span class='ocrx_word' id='word_1_364' title='bbox 2067 3565 2194 3602; x_wconf 87' lang='lat' dir='ltr'><strong>cum</strong></span> <span class='ocrx_word' id='word_1_365' title='bbox 2239 3547 2599 3615; x_wconf 87' lang='lat' dir='ltr'><strong>utensilibus,</strong></span> 
     </span>
     <span class='ocr_line' id='line_1_42' title="bbox 297 3618 2599 3693; baseline -0.002 -15"><span class='ocrx_word' id='word_1_366' title='bbox 297 3623 394 3692; x_wconf 87' lang='lat' dir='ltr'><strong>qui</strong></span> <span class='ocrx_word' id='word_1_367' title='bbox 431 3623 686 3678; x_wconf 83' lang='lat' dir='ltr'><strong>lacessiti</strong></span> <span class='ocrx_word' id='word_1_368' title='bbox 720 3625 926 3693; x_wconf 88' lang='lat' dir='ltr'><strong>postea</strong></span> <span class='ocrx_word' id='word_1_369' title='bbox 962 3620 1112 3676; x_wconf 90' lang='lat' dir='ltr'><strong>bello</strong></span> <span class='ocrx_word' id='word_1_370' title='bbox 1150 3621 1224 3675; x_wconf 84' lang='lat' dir='ltr'><strong>ab</strong></span> <span class='ocrx_word' id='word_1_371' title='bbox 1261 3619 1367 3687; x_wconf 89' lang='lat' dir='ltr'><strong>his,</strong></span> <span class='ocrx_word' id='word_1_372' title='bbox 1405 3621 1504 3687; x_wconf 89' lang='lat' dir='ltr'><strong>qui</strong></span> <span class='ocrx_word' id='word_1_373' title='bbox 1542 3619 1614 3674; x_wconf 90' lang='lat' dir='ltr'><strong>de</strong></span> <span class='ocrx_word' id='word_1_374' title='bbox 1651 3619 1780 3674; x_wconf 88' lang='lat' dir='ltr'><strong>aliis</strong></span> <span class='ocrx_word' id='word_1_375' title='bbox 1819 3618 2128 3675; x_wconf 88' lang='lat' dir='ltr'><strong>ueniebant</strong></span> <span class='ocrx_word' id='word_1_376' title='bbox 2160 3618 2478 3686; x_wconf 87' lang='lat' dir='ltr'><strong>montibus,</strong></span> <span class='ocrx_word' id='word_1_377' title='bbox 2515 3618 2599 3674; x_wconf 88' lang='lat' dir='ltr'><strong>fa-</strong></span> 
     </span>
     <span class='ocr_line' id='line_1_43' title="bbox 296 3689 2600 3764; baseline -0.001 -16"><span class='ocrx_word' id='word_1_378' title='bbox 296 3694 403 3749; x_wconf 87' lang='lat' dir='ltr'><strong>cile</strong></span> <span class='ocrx_word' id='word_1_379' title='bbox 448 3710 519 3749; x_wconf 85' lang='lat' dir='ltr'><strong>ex</strong></span> <span class='ocrx_word' id='word_1_380' title='bbox 554 3694 697 3750; x_wconf 89' lang='lat' dir='ltr'><strong>locis</strong></span> <span class='ocrx_word' id='word_1_381' title='bbox 734 3691 1117 3764; x_wconf 88' lang='lat' dir='ltr'><strong>superioribus</strong></span> <span class='ocrx_word' id='word_1_382' title='bbox 1152 3691 1435 3746; x_wconf 88' lang='lat' dir='ltr'><strong>uicerunt:</strong></span> <span class='ocrx_word' id='word_1_383' title='bbox 1483 3691 1636 3745; x_wconf 87' lang='lat' dir='ltr'><strong>unde</strong></span> <span class='ocrx_word' id='word_1_384' title='bbox 1671 3691 1887 3746; x_wconf 84' lang='lat' dir='ltr'><strong>factum</strong></span> <span class='ocrx_word' id='word_1_385' title='bbox 1923 3693 2028 3758; x_wconf 81' lang='lat' dir='ltr'><strong>est,</strong></span> <span class='ocrx_word' id='word_1_386' title='bbox 2066 3694 2131 3745; x_wconf 89' lang='lat' dir='ltr'><strong>ut</strong></span> <span class='ocrx_word' id='word_1_387' title='bbox 2165 3690 2248 3744; x_wconf 85' lang='lat' dir='ltr'><strong>dii</strong></span> <span class='ocrx_word' id='word_1_388' title='bbox 2285 3689 2600 3761; x_wconf 87' lang='lat' dir='ltr'><strong>superiores</strong></span> 
     </span>
     <span class='ocr_line' id='line_1_44' title="bbox 296 3761 2601 3836; baseline -0.001 -17"><span class='ocrx_word' id='word_1_389' title='bbox 296 3767 635 3836; x_wconf 82' lang='lat' dir='ltr'><strong>dicerentur,</strong></span> <span class='ocrx_word' id='word_1_390' title='bbox 670 3764 967 3819; x_wconf 82' lang='lat' dir='ltr'><strong>inferiores</strong></span> <span class='ocrx_word' id='word_1_391' title='bbox 1004 3781 1137 3820; x_wconf 90' lang='lat' dir='ltr'><strong>uero</strong></span> <span class='ocrx_word' id='word_1_392' title='bbox 1173 3762 1508 3833; x_wconf 85' lang='lat' dir='ltr'><strong>terrigenae.</strong></span> <span class='ocrx_word' id='word_1_393' title='bbox 1556 3767 1617 3816; x_wconf 89' lang='lat' dir='ltr'><strong>et</strong></span> <span class='ocrx_word' id='word_1_394' title='bbox 1652 3761 1789 3832; x_wconf 88' lang='lat' dir='ltr'><strong>quia</strong></span> <span class='ocrx_word' id='word_1_395' title='bbox 1817 3764 1888 3817; x_wconf 90' lang='lat' dir='ltr'><strong>de</strong></span> <span class='ocrx_word' id='word_1_396' title='bbox 1914 3761 2250 3817; x_wconf 86' lang='lat' dir='ltr'><strong>humillimis</strong></span> <span class='ocrx_word' id='word_1_397' title='bbox 2279 3762 2354 3816; x_wconf 90' lang='lat' dir='ltr'><strong>ad</strong></span> <span class='ocrx_word' id='word_1_398' title='bbox 2379 3779 2601 3817; x_wconf 87' lang='lat' dir='ltr'><strong>summa</strong></span> 
     </span>
     <span class='ocr_line' id='line_1_45' title="bbox 294 3833 2027 3909; baseline -0.003 -16"><span class='ocrx_word' id='word_1_399' title='bbox 294 3838 619 3909; x_wconf 86' lang='lat' dir='ltr'><strong>reptabant,</strong></span> <span class='ocrx_word' id='word_1_400' title='bbox 657 3837 799 3892; x_wconf 89' lang='lat' dir='ltr'><strong>dicti</strong></span> <span class='ocrx_word' id='word_1_401' title='bbox 836 3839 970 3890; x_wconf 88' lang='lat' dir='ltr'><strong>sunt</strong></span> <span class='ocrx_word' id='word_1_402' title='bbox 1003 3852 1105 3906; x_wconf 89' lang='lat' dir='ltr'><strong>pro</strong></span> <span class='ocrx_word' id='word_1_403' title='bbox 1140 3833 1381 3905; x_wconf 88' lang='lat' dir='ltr'><strong>pedibus</strong></span> <span class='ocrx_word' id='word_1_404' title='bbox 1417 3833 1688 3889; x_wconf 87' lang='lat' dir='ltr'><strong>habuisse</strong></span> <span class='ocrx_word' id='word_1_405' title='bbox 1725 3838 2027 3904; x_wconf 85' lang='lat' dir='ltr'><strong>serpentes.</strong></span> 
     </span>
    </p>

    <p class='ocr_par' dir='ltr' id='par_1_10' title="bbox 296 3904 2600 4120">
     <span class='ocr_line' id='line_1_46' title="bbox 476 3904 2597 3988; baseline -0.002 -23"><span class='ocrx_word' id='word_1_406' title='bbox 476 3916 559 3965; x_wconf 77' lang='lat'><strong>13.</strong></span> <span class='ocrx_word' id='word_1_407' title='bbox 604 3909 689 3976; x_wconf 81' lang='lat' dir='ltr'><strong>Of.</strong></span> <span class='ocrx_word' id='word_1_408' title='bbox 720 3909 968 3978; x_wconf 68' lang='lat' dir='ltr'><strong>Philan-9.</strong></span> <span class='ocrx_word' id='word_1_409' title='bbox 1000 3907 1076 3962; x_wconf 84' lang='lat' dir='ltr'><strong>ad</strong></span> <span class='ocrx_word' id='word_1_410' title='bbox 1115 3907 1269 3988; x_wconf 71' lang='lat' dir='ltr'><strong>Ver-9.</strong></span> <span class='ocrx_word' id='word_1_411' title='bbox 1298 3923 1476 3977; x_wconf 64' lang='grc' dir='ltr'><strong>ÏÏ‰Î½-9.</strong></span> <span class='ocrx_word' id='word_1_412' title='bbox 1504 3907 1618 3960; x_wconf 94' lang='grc' dir='ltr'><strong>Î™Î™Î™</strong></span> <span class='ocrx_word' id='word_1_413' title='bbox 1649 3911 1755 3961; x_wconf 86' lang='grc'><strong>113</strong></span> <span class='ocrx_word' id='word_1_414' title='bbox 1801 3905 2005 3960; x_wconf 89' lang='lat' dir='ltr'><strong>Varro</strong></span> <span class='ocrx_word' id='word_1_415' title='bbox 2047 3904 2108 3959; x_wconf 89' lang='lat' dir='ltr'><strong>in</strong></span> <span class='ocrx_word' id='word_1_416' title='bbox 2145 3905 2310 3975; x_wconf 84' lang='lat' dir='ltr'><strong>libro,</strong></span> <span class='ocrx_word' id='word_1_417' title='bbox 2346 3905 2445 3975; x_wconf 90' lang='lat' dir='ltr'><strong>qui</strong></span> <span class='ocrx_word' id='word_1_418' title='bbox 2482 3907 2597 3960; x_wconf 84' lang='lat' dir='ltr'><strong>Ad-</strong></span> 
     </span>
     <span class='ocr_line' id='line_1_47' title="bbox 296 3976 2600 4046; baseline -0.002 -9"><span class='ocrx_word' id='word_1_419' title='bbox 296 3979 643 4036; x_wconf 85' lang='lat' dir='ltr'><strong>mirabilium</strong></span> <span class='ocrx_word' id='word_1_420' title='bbox 711 3978 1067 4044; x_wconf 87' lang='lat' dir='ltr'><strong>inscribitur,</strong></span> <span class='ocrx_word' id='word_1_421' title='bbox 1139 3976 1568 4031; x_wconf 77' lang='lat' dir='ltr'><strong>Erichthonium</strong></span> <span class='ocrx_word' id='word_1_422' title='bbox 1633 3977 1718 4031; x_wconf 90' lang='lat' dir='ltr'><strong>ait</strong></span> <span class='ocrx_word' id='word_1_423' title='bbox 1779 3977 2025 4046; x_wconf 89' lang='lat' dir='ltr'><strong>primum</strong></span> <span class='ocrx_word' id='word_1_424' title='bbox 2087 3993 2261 4046; x_wconf 86' lang='lat' dir='ltr'><strong>equos</strong></span> <span class='ocrx_word' id='word_1_425' title='bbox 2329 3981 2600 4046; x_wconf 86' lang='lat' dir='ltr'><strong>quattuor</strong></span> 
     </span>
     <span class='ocr_line' id='line_1_48' title="bbox 296 4048 1742 4120; baseline -0.001 -15"><span class='ocrx_word' id='word_1_426' title='bbox 296 4051 543 4109; x_wconf 83' lang='lat' dir='ltr'><strong>iunxisse</strong></span> <span class='ocrx_word' id='word_1_427' title='bbox 580 4052 749 4120; x_wconf 90' lang='lat' dir='ltr'><strong>ludis,</strong></span> <span class='ocrx_word' id='word_1_428' title='bbox 787 4050 886 4120; x_wconf 88' lang='lat' dir='ltr'><strong>qui</strong></span> <span class='ocrx_word' id='word_1_429' title='bbox 925 4049 1326 4104; x_wconf 82' lang='lat' dir='ltr'><strong>Panathenaea</strong></span> <span class='ocrx_word' id='word_1_430' title='bbox 1364 4048 1742 4119; x_wconf 86' lang='lat' dir='ltr'><strong>appellantur.</strong></span> 
     </span>
    </p>
   </div>
   <div class='ocr_carea' id='block_1_6' title="bbox 300 4235 2596 4403">
    <p class='ocr_par' dir='ltr' id='par_1_11' title="bbox 300 4235 2596 4403">
     <span class='ocr_line' id='line_1_49' title="bbox 474 4235 2447 4317; baseline -0.002 -18"><span class='ocrx_word' id='word_1_431' title='bbox 474 4242 531 4299; x_wconf 82' lang='lat'><strong>7.</strong></span> <span class='ocrx_word' id='word_1_432' title='bbox 578 4239 923 4317; x_wconf 82' lang='lat' dir='ltr'><strong>dionysium</strong></span> <span class='ocrx_word' id='word_1_433' title='bbox 970 4235 1145 4296; x_wconf 86' lang='lat' dir='ltr'><strong>codd.</strong></span> <span class='ocrx_word' id='word_1_434' title='bbox 1330 4237 1429 4294; x_wconf 86' lang='lat'><strong>13.</strong></span> <span class='ocrx_word' id='word_1_435' title='bbox 1476 4235 1761 4294; x_wconf 84' lang='lat' dir='ltr'><strong>ericthon.</strong></span> <span class='ocrx_word' id='word_1_436' title='bbox 1796 4252 1842 4309; x_wconf 72' lang='lat' dir='ltr'><strong><em>y</em></strong></span> <span class='ocrx_word' id='word_1_437' title='bbox 2025 4237 2124 4296; x_wconf 83' lang='lat'><strong>19.</strong></span> <span class='ocrx_word' id='word_1_438' title='bbox 2171 4237 2368 4295; x_wconf 87' lang='lat' dir='ltr'><strong>minus</strong></span> <span class='ocrx_word' id='word_1_439' title='bbox 2401 4253 2447 4310; x_wconf 72' lang='lat' dir='ltr'><strong><em>y</em></strong></span> 
     </span>
     <span class='ocr_line' id='line_1_50' title="bbox 300 4321 2596 4403; baseline -0 -16"><span class='ocrx_word' id='word_1_440' title='bbox 300 4330 398 4388; x_wconf 85' lang='lat'><strong>28.</strong></span> <span class='ocrx_word' id='word_1_441' title='bbox 446 4330 654 4390; x_wconf 84' lang='lat' dir='ltr'><strong>anthei</strong></span> <span class='ocrx_word' id='word_1_442' title='bbox 701 4346 795 4403; x_wconf 73' lang='lat' dir='ltr'><strong>ey</strong></span> <span class='ocrx_word' id='word_1_443' title='bbox 934 4330 1035 4386; x_wconf 83' lang='lat'><strong>31.</strong></span> <span class='ocrx_word' id='word_1_444' title='bbox 1080 4321 1301 4402; x_wconf 85' lang='lat' dir='ltr'><strong>multa]</strong></span> <span class='ocrx_word' id='word_1_445' title='bbox 1344 4324 1519 4385; x_wconf 83' lang='lat' dir='ltr'><strong>codd.</strong></span> <span class='ocrx_word' id='word_1_446' title='bbox 1566 4329 1835 4385; x_wconf 79' lang='lat' dir='ltr'><strong>monstra</strong></span> <span class='ocrx_word' id='word_1_447' title='bbox 1873 4327 2038 4399; x_wconf 71' lang='lat' dir='ltr'><strong>nula.</strong></span> <span class='ocrx_word' id='word_1_448' title='bbox 2178 4325 2279 4384; x_wconf 81' lang='lat'><strong>35.</strong></span> <span class='ocrx_word' id='word_1_449' title='bbox 2327 4325 2514 4402; x_wconf 83' lang='lat' dir='ltr'><strong>paphi</strong></span> <span class='ocrx_word' id='word_1_450' title='bbox 2559 4327 2596 4386; x_wconf 81' lang='lat' dir='ltr'><strong><em>b</em></strong></span> 
     </span>
    </p>
   </div>
   <div class='ocr_carea' id='block_1_7' title="bbox 400 4431 2164 4490">
    <p class='ocr_par' dir='ltr' id='par_1_12' title="bbox 400 4431 2164 4490">
     <span class='ocr_line' id='line_1_51' title="bbox 400 4431 2164 4490; baseline -0.007 -11"><span class='ocrx_word' id='word_1_451' title='bbox 400 4439 521 4480; x_wconf 75' lang='lat' dir='ltr'><strong>nm.</strong></span> <span class='ocrx_word' id='word_1_452' title='bbox 541 4439 673 4478; x_wconf 77' lang='lat' dir='ltr'><strong>Rom.</strong></span> <span class='ocrx_word' id='word_1_453' title='bbox 694 4439 775 4478; x_wconf 88' lang='lat' dir='ltr'><strong>rel.</strong></span> <span class='ocrx_word' id='word_1_454' title='bbox 804 4439 867 4490; x_wconf 86' lang='lat'><strong>11,</strong></span> <span class='ocrx_word' id='word_1_455' title='bbox 894 4438 963 4477; x_wconf 83' lang='lat' dir='ltr'><strong>ed.</strong></span> <span class='ocrx_word' id='word_1_456' title='bbox 994 4437 1062 4476; x_wconf 83' lang='lat' dir='ltr'><strong>Pe</strong></span> <span class='ocrx_word' id='word_1_457' title='bbox 1076 4440 1173 4474; x_wconf 80' lang='lat' dir='ltr'><strong>ter.</strong></span> <span class='ocrx_word' id='word_1_458' title='bbox 2134 4431 2164 4477; x_wconf 69' lang='lat'><strong>â¶2</strong></span> 
     </span>
    </p>
   </div>
  </div>
 </body>
</html>
