<?xml version="1.0" encoding="UTF-8"?>
<!DOCTYPE html PUBLIC "-//W3C//DTD XHTML 1.0 Transitional//EN"
    "http://www.w3.org/TR/xhtml1/DTD/xhtml1-transitional.dtd">
<html xmlns="http://www.w3.org/1999/xhtml" xml:lang="en" lang="en">
 <head>
  <title>
</title>
<meta http-equiv="Content-Type" content="text/html;charset=utf-8" />
  <meta name='ocr-system' content='tesseract 3.04.00' />
  <meta name='ocr-capabilities' content='ocr_page ocr_carea ocr_par ocr_line ocrx_word'/>
</head>
<body>
  <div class='ocr_page' id='page_1' title='image "./historicorvmrom00petegoog_0278.png"; bbox 0 0 3234 5034; ppageno 0'>
   <div class='ocr_carea' id='block_1_1' title="bbox 1267 286 2655 351">
    <p class='ocr_par' dir='ltr' id='par_1_1' title="bbox 1267 286 2655 351">
     <span class='ocr_line' id='line_1_1' title="bbox 1267 286 2655 351; baseline -0.004 -8"><span class='ocrx_word' id='word_1_1' title='bbox 1267 288 1364 343; x_wconf 80' lang='lat' dir='ltr'><strong><em>DE</em></strong></span> <span class='ocrx_word' id='word_1_2' title='bbox 1402 288 1576 343; x_wconf 75' lang='lat' dir='ltr'>vrrA</span> <span class='ocrx_word' id='word_1_3' title='bbox 1614 286 1755 342; x_wconf 78' lang='lat' dir='ltr'>st</span> <span class='ocrx_word' id='word_1_4' title='bbox 2570 287 2655 351; x_wconf 80' lang='lat'><strong><em>57</em></strong></span> 
     </span>
    </p>
   </div>
   <div class='ocr_carea' id='block_1_2' title="bbox 271 449 2668 3285">
    <p class='ocr_par' dir='ltr' id='par_1_2' title="bbox 271 449 2664 1719">
     <span class='ocr_line' id='line_1_2' title="bbox 345 449 2657 539; baseline -0.001 -22"><span class='ocrx_word' id='word_1_5' title='bbox 345 453 514 537; x_wconf 78' lang='grc' dir='ltr'><strong><em>τύχῃ</em></strong></span> <span class='ocrx_word' id='word_1_6' title='bbox 555 458 823 539; x_wconf 77' lang='grc' dir='ltr'><strong><em>λαμπρᾷ</em></strong></span> <span class='ocrx_word' id='word_1_7' title='bbox 862 450 1268 537; x_wconf 77' lang='grc' dir='ltr'><strong><em>κεχρημένον</em></strong></span> <span class='ocrx_word' id='word_1_8' title='bbox 1315 451 1618 537; x_wconf 81' lang='grc' dir='ltr'><strong><em>ἐπειρᾶτο</em></strong></span> <span class='ocrx_word' id='word_1_9' title='bbox 1667 461 1887 535; x_wconf 82' lang='grc' dir='ltr'><strong><em>τιμαῖς</em></strong></span> <span class='ocrx_word' id='word_1_10' title='bbox 1932 449 2041 516; x_wconf 85' lang='grc' dir='ltr'><strong><em>καὶ</em></strong></span> <span class='ocrx_word' id='word_1_11' title='bbox 2089 450 2367 535; x_wconf 78' lang='grc' dir='ltr'><strong><em>δωρεαῖς</em></strong></span> <span class='ocrx_word' id='word_1_12' title='bbox 2417 450 2657 517; x_wconf 80' lang='grc' dir='ltr'><strong><em>ἀποκα-</em></strong></span> 
     </span>
     <span class='ocr_line' id='line_1_3' title="bbox 345 549 2661 636; baseline 0.001 -23"><span class='ocrx_word' id='word_1_13' title='bbox 345 553 494 615; x_wconf 88' lang='grc' dir='ltr'><strong><em>λεῖν</em></strong></span> <span class='ocrx_word' id='word_1_14' title='bbox 561 549 770 615; x_wconf 84' lang='grc' dir='ltr'><strong><em>αὐτοῦ</em></strong></span> <span class='ocrx_word' id='word_1_15' title='bbox 835 552 916 616; x_wconf 80' lang='grc' dir='ltr'><strong><em>τὰ</em></strong></span> <span class='ocrx_word' id='word_1_16' title='bbox 979 552 1430 636; x_wconf 79' lang='grc' dir='ltr'><strong><em>στρατεύματα</em></strong></span> <span class='ocrx_word' id='word_1_17' title='bbox 1484 549 1594 616; x_wconf 83' lang='grc' dir='ltr'><strong><em>καὶ</em></strong></span> <span class='ocrx_word' id='word_1_18' title='bbox 1650 558 1983 633; x_wconf 80' lang='grc' dir='ltr'><strong><em>περισπᾶν</em></strong></span> <span class='ocrx_word' id='word_1_19' title='bbox 2034 551 2159 634; x_wconf 81' lang='grc' dir='ltr'><strong><em>τὴν</em></strong></span> <span class='ocrx_word' id='word_1_20' title='bbox 2213 550 2525 634; x_wconf 89' lang='grc' dir='ltr'><strong><em>δύναμιν,</em></strong></span> <span class='ocrx_word' id='word_1_21' title='bbox 2571 550 2661 626; x_wconf 82' lang='grc' dir='ltr'><strong><em>ὡς</em></strong></span> 
     </span>
     <span class='ocr_line' id='line_1_4' title="bbox 345 647 2661 733; baseline 0 -20"><span class='ocrx_word' id='word_1_22' title='bbox 345 648 438 732; x_wconf 78' lang='grc' dir='ltr'><strong><em>μὴ</em></strong></span> <span class='ocrx_word' id='word_1_23' title='bbox 479 647 762 733; x_wconf 81' lang='grc' dir='ltr'><strong><em>δεομένη</em></strong></span> <span class='ocrx_word' id='word_1_24' title='bbox 798 659 934 715; x_wconf 79' lang='grc' dir='ltr'><strong><em>τῶν</em></strong></span> <span class='ocrx_word' id='word_1_25' title='bbox 963 650 1587 732; x_wconf 81' lang='grc' dir='ltr'><strong><em>προπολεμούντων,</em></strong></span> <span class='ocrx_word' id='word_1_26' title='bbox 1615 647 1966 714; x_wconf 83' lang='grc' dir='ltr'><strong><em>Ἀντωνίου</em></strong></span> <span class='ocrx_word' id='word_1_27' title='bbox 2002 650 2413 732; x_wconf 80' lang='grc' dir='ltr'><strong><em>πεφευγότος</em></strong></span> <span class='ocrx_word' id='word_1_28' title='bbox 2450 647 2661 725; x_wconf 81' lang='grc' dir='ltr'><strong><em>οὕτως</em></strong></span> 
     </span>
     <span class='ocr_line' id='line_1_5' title="bbox 349 744 2661 835; baseline 0 -24"><span class='ocrx_word' id='word_1_29' title='bbox 349 744 388 811; x_wconf 86' lang='grc' dir='ltr'>ὁ</span> <span class='ocrx_word' id='word_1_30' title='bbox 443 748 710 830; x_wconf 89' lang='grc' dir='ltr'><strong><em>Καῖσαρ</em></strong></span> <span class='ocrx_word' id='word_1_31' title='bbox 766 748 1093 832; x_wconf 78' lang='grc' dir='ltr'><strong><em>φοβηθεὶς</em></strong></span> <span class='ocrx_word' id='word_1_32' title='bbox 1156 745 1492 832; x_wconf 83' lang='grc' dir='ltr'><strong><em>ὑπέπεμπε</em></strong></span> <span class='ocrx_word' id='word_1_33' title='bbox 1556 755 1649 835; x_wconf 79' lang='grc' dir='ltr'><strong><em>τῷ</em></strong></span> <span class='ocrx_word' id='word_1_34' title='bbox 1698 744 2029 834; x_wconf 78' lang='grc' dir='ltr'><strong><em>Κικέρωνι</em></strong></span> <span class='ocrx_word' id='word_1_35' title='bbox 2087 748 2244 824; x_wconf 88' lang='grc' dir='ltr'><strong><em>τοὺς</em></strong></span> <span class='ocrx_word' id='word_1_36' title='bbox 2302 746 2661 828; x_wconf 80' lang='grc' dir='ltr'><strong><em>δεομένους</em></strong></span> 
     </span>
     <span class='ocr_line' id='line_1_6' title="bbox 293 842 2659 932; baseline 0.001 -25"><span class='ocrx_word' id='word_1_37' title='bbox 293 864 320 905; x_wconf 76' lang='lat' dir='ltr'>s</span> <span class='ocrx_word' id='word_1_38' title='bbox 351 846 465 909; x_wconf 79' lang='grc' dir='ltr'><strong><em>καὶ</em></strong></span> <span class='ocrx_word' id='word_1_39' title='bbox 510 848 872 922; x_wconf 78' lang='grc' dir='ltr'><strong><em>πείθοντας</em></strong></span> <span class='ocrx_word' id='word_1_40' title='bbox 917 845 1239 911; x_wconf 85' lang='grc' dir='ltr'><strong><em>ὑπατείαν</em></strong></span> <span class='ocrx_word' id='word_1_41' title='bbox 1283 842 1406 928; x_wconf 76' lang='grc' dir='ltr'><strong><em>μὲν</em></strong></span> <span class='ocrx_word' id='word_1_42' title='bbox 1453 844 1856 932; x_wconf 79' lang='grc' dir='ltr'><strong><em>ἀμφοτέροις</em></strong></span> <span class='ocrx_word' id='word_1_43' title='bbox 1901 844 2071 927; x_wconf 84' lang='grc' dir='ltr'><strong><em>ὁμοῦ</em></strong></span> <span class='ocrx_word' id='word_1_44' title='bbox 2116 844 2459 928; x_wconf 87' lang='grc' dir='ltr'><strong><em>πράττειν,</em></strong></span> <span class='ocrx_word' id='word_1_45' title='bbox 2504 854 2659 929; x_wconf 86' lang='grc' dir='ltr'><strong><em>χρῆ-</em></strong></span> 
     </span>
     <span class='ocr_line' id='line_1_7' title="bbox 351 939 2663 1028; baseline 0 -21"><span class='ocrx_word' id='word_1_46' title='bbox 351 948 520 1007; x_wconf 91' lang='grc' dir='ltr'><strong><em>σθαι</em></strong></span> <span class='ocrx_word' id='word_1_47' title='bbox 561 940 634 1007; x_wconf 75' lang='grc' dir='ltr'><strong><em>δὲ</em></strong></span> <span class='ocrx_word' id='word_1_48' title='bbox 673 954 812 1021; x_wconf 88' lang='grc' dir='ltr'><strong><em>τοῖς</em></strong></span> <span class='ocrx_word' id='word_1_49' title='bbox 847 944 1246 1027; x_wconf 77' lang='grc' dir='ltr'><strong><em>πράγμασιν,</em></strong></span> <span class='ocrx_word' id='word_1_50' title='bbox 1285 944 1462 1021; x_wconf 82' lang='grc' dir='ltr'><strong><em>ὅπως</em></strong></span> <span class='ocrx_word' id='word_1_51' title='bbox 1506 944 1709 1021; x_wconf 87' lang='grc' dir='ltr'><strong><em>αὐτὸς</em></strong></span> <span class='ocrx_word' id='word_1_52' title='bbox 1754 939 2022 1026; x_wconf 78' lang='grc' dir='ltr'><strong><em>ἔγνωκε,</em></strong></span> <span class='ocrx_word' id='word_1_53' title='bbox 2059 943 2663 1028; x_wconf 78' lang='grc' dir='ltr'><strong><em>παραλαμβάνοντα</em></strong></span> 
     </span>
     <span class='ocr_line' id='line_1_8' title="bbox 354 1039 2661 1127; baseline 0.001 -23"><span class='ocrx_word' id='word_1_54' title='bbox 354 1042 477 1124; x_wconf 85' lang='grc' dir='ltr'><strong><em>τὴν</em></strong></span> <span class='ocrx_word' id='word_1_55' title='bbox 541 1040 755 1126; x_wconf 82' lang='grc' dir='ltr'><strong><em>ἀρχὴν</em></strong></span> <span class='ocrx_word' id='word_1_56' title='bbox 817 1040 928 1107; x_wconf 85' lang='grc' dir='ltr'><strong><em>καὶ</em></strong></span> <span class='ocrx_word' id='word_1_57' title='bbox 992 1043 1068 1108; x_wconf 90' lang='grc' dir='ltr'><strong><em>τὸ</em></strong></span> <span class='ocrx_word' id='word_1_58' title='bbox 1129 1041 1474 1127; x_wconf 85' lang='grc' dir='ltr'><strong><em>μειράκιον</em></strong></span> <span class='ocrx_word' id='word_1_59' title='bbox 1539 1044 1825 1108; x_wconf 75' lang='grc' dir='ltr'><strong><em>διοικεῖν</em></strong></span> <span class='ocrx_word' id='word_1_60' title='bbox 1888 1040 2209 1123; x_wconf 88' lang='grc' dir='ltr'><strong><em>ὀνόματος</em></strong></span> <span class='ocrx_word' id='word_1_61' title='bbox 2280 1039 2392 1106; x_wconf 74' lang='grc' dir='ltr'><strong><em>καὶ</em></strong></span> <span class='ocrx_word' id='word_1_62' title='bbox 2465 1041 2661 1124; x_wconf 81' lang='grc' dir='ltr'><strong><em>δόξης</em></strong></span> 
     </span>
     <span class='ocr_line' id='line_1_9' title="bbox 353 1140 2662 1225; baseline 0 -22"><span class='ocrx_word' id='word_1_63' title='bbox 353 1141 768 1223; x_wconf 76' lang='grc' dir='ltr'><strong><em>γλιχόμενον.</em></strong></span> <span class='ocrx_word' id='word_1_64' title='bbox 835 1141 1160 1224; x_wconf 81' lang='grc' dir='ltr'><strong><em>ὡμολόγει</em></strong></span> <span class='ocrx_word' id='word_1_65' title='bbox 1209 1140 1284 1206; x_wconf 78' lang='grc' dir='ltr'><strong><em>δὲ</em></strong></span> <span class='ocrx_word' id='word_1_66' title='bbox 1321 1143 1585 1225; x_wconf 88' lang='grc' dir='ltr'><strong><em>Καῖσαρ</em></strong></span> <span class='ocrx_word' id='word_1_67' title='bbox 1634 1140 1853 1221; x_wconf 80' lang='grc' dir='ltr'><strong><em>αὐτός,</em></strong></span> <span class='ocrx_word' id='word_1_68' title='bbox 1900 1140 1989 1217; x_wconf 80' lang='grc' dir='ltr'><strong><em>ὡς</em></strong></span> <span class='ocrx_word' id='word_1_69' title='bbox 2028 1140 2262 1216; x_wconf 83' lang='grc' dir='ltr'><strong><em>δεδιὼς</em></strong></span> <span class='ocrx_word' id='word_1_70' title='bbox 2298 1140 2662 1204; x_wconf 80' lang='grc' dir='ltr'><strong><em>κατάλυσιν</em></strong></span> 
     </span>
     <span class='ocr_line' id='line_1_10' title="bbox 353 1236 2662 1323; baseline 0 -22"><span class='ocrx_word' id='word_1_71' title='bbox 353 1238 466 1302; x_wconf 80' lang='grc' dir='ltr'><strong><em>καὶ</em></strong></span> <span class='ocrx_word' id='word_1_72' title='bbox 523 1238 944 1304; x_wconf 85' lang='grc' dir='ltr'><strong><em>κινδυνεύων</em></strong></span> <span class='ocrx_word' id='word_1_73' title='bbox 997 1236 1237 1323; x_wconf 81' lang='grc' dir='ltr'><strong><em>ἔρημος</em></strong></span> <span class='ocrx_word' id='word_1_74' title='bbox 1293 1238 1614 1321; x_wconf 87' lang='grc' dir='ltr'><strong><em>γενέσθαι</em></strong></span> <span class='ocrx_word' id='word_1_75' title='bbox 1669 1241 1985 1323; x_wconf 84' lang='grc' dir='ltr'><strong><em>χρήσαιτο</em></strong></span> <span class='ocrx_word' id='word_1_76' title='bbox 2035 1248 2115 1323; x_wconf 81' lang='grc' dir='ltr'><strong><em>τῇ</em></strong></span> <span class='ocrx_word' id='word_1_77' title='bbox 2161 1236 2543 1321; x_wconf 87' lang='grc' dir='ltr'><strong><em>Κικέρωνος</em></strong></span> <span class='ocrx_word' id='word_1_78' title='bbox 2588 1237 2662 1302; x_wconf 84' lang='grc' dir='ltr'><strong><em>ἐν</em></strong></span> 
     </span>
     <span class='ocr_line' id='line_1_11' title="bbox 271 1334 2660 1422; baseline 0.002 -25"><span class='ocrx_word' id='word_1_79' title='bbox 271 1356 328 1397; x_wconf 85' lang='grc' dir='ltr'><strong><em>ιο</em></strong></span> <span class='ocrx_word' id='word_1_80' title='bbox 357 1334 584 1401; x_wconf 88' lang='grc' dir='ltr'><strong><em>δέοντι</em></strong></span> <span class='ocrx_word' id='word_1_81' title='bbox 631 1339 952 1422; x_wconf 78' lang='grc' dir='ltr'><strong><em>φιλαρχίᾳ</em></strong></span> <span class='ocrx_word' id='word_1_82' title='bbox 997 1336 1533 1422; x_wconf 77' lang='grc' dir='ltr'><strong><em>προτρεψάμενος</em></strong></span> <span class='ocrx_word' id='word_1_83' title='bbox 1571 1336 1776 1402; x_wconf 86' lang='grc' dir='ltr'><strong><em>αὐτὸν</em></strong></span> <span class='ocrx_word' id='word_1_84' title='bbox 1812 1336 2134 1401; x_wconf 84' lang='grc' dir='ltr'><strong><em>ὑπατείαν</em></strong></span> <span class='ocrx_word' id='word_1_85' title='bbox 2168 1334 2459 1419; x_wconf 82' lang='grc' dir='ltr'><strong><em>μετιέναι</em></strong></span> <span class='ocrx_word' id='word_1_86' title='bbox 2496 1351 2660 1418; x_wconf 89' lang='grc' dir='ltr'><strong><em>συμ-</em></strong></span> 
     </span>
     <span class='ocr_line' id='line_1_12' title="bbox 353 1431 2661 1519; baseline 0 -21"><span class='ocrx_word' id='word_1_87' title='bbox 353 1434 764 1517; x_wconf 87' lang='grc' dir='ltr'><strong><em>πράττοντος</em></strong></span> <span class='ocrx_word' id='word_1_88' title='bbox 809 1435 1018 1499; x_wconf 86' lang='grc' dir='ltr'><strong><em>αὐτοῦ</em></strong></span> <span class='ocrx_word' id='word_1_89' title='bbox 1065 1433 1176 1501; x_wconf 80' lang='grc' dir='ltr'><strong><em>καὶ</em></strong></span> <span class='ocrx_word' id='word_1_90' title='bbox 1223 1434 1989 1519; x_wconf 74' lang='grc' dir='ltr'><strong><em>συναρχαιρεσιάζοντος.</em></strong></span> <span class='ocrx_word' id='word_1_91' title='bbox 2053 1431 2391 1499; x_wconf 83' lang='grc' dir='ltr'><strong><em>Ἐνταῦθα</em></strong></span> <span class='ocrx_word' id='word_1_92' title='bbox 2435 1432 2661 1516; x_wconf 87' lang='grc' dir='ltr'><strong><em>μέντοι</em></strong></span> 
     </span>
     <span class='ocr_line' id='line_1_13' title="bbox 353 1530 2664 1620; baseline 0 -23"><span class='ocrx_word' id='word_1_93' title='bbox 353 1532 642 1616; x_wconf 86' lang='grc' dir='ltr'><strong><em>μάλιστα</em></strong></span> <span class='ocrx_word' id='word_1_94' title='bbox 691 1532 996 1615; x_wconf 84' lang='grc' dir='ltr'><strong><em>Κικέρων</em></strong></span> <span class='ocrx_word' id='word_1_95' title='bbox 1051 1530 1366 1620; x_wconf 81' lang='grc' dir='ltr'><strong><em>ἐπαρθεὶς</em></strong></span> <span class='ocrx_word' id='word_1_96' title='bbox 1421 1533 1550 1599; x_wconf 87' lang='grc' dir='ltr'><strong><em>ὑπὸ</em></strong></span> <span class='ocrx_word' id='word_1_97' title='bbox 1607 1531 1766 1598; x_wconf 88' lang='grc' dir='ltr'><strong><em>νέου</em></strong></span> <span class='ocrx_word' id='word_1_98' title='bbox 1814 1531 2029 1616; x_wconf 86' lang='grc' dir='ltr'><strong><em>γέρων</em></strong></span> <span class='ocrx_word' id='word_1_99' title='bbox 2072 1534 2183 1597; x_wconf 85' lang='grc' dir='ltr'><strong><em>καὶ</em></strong></span> <span class='ocrx_word' id='word_1_100' title='bbox 2230 1532 2664 1616; x_wconf 81' lang='grc' dir='ltr'><strong><em>φενακισθεὶς</em></strong></span> 
     </span>
     <span class='ocr_line' id='line_1_14' title="bbox 356 1627 2662 1719; baseline 0 -26"><span class='ocrx_word' id='word_1_101' title='bbox 356 1627 468 1694; x_wconf 82' lang='grc' dir='ltr'><strong><em>καὶ</em></strong></span> <span class='ocrx_word' id='word_1_102' title='bbox 517 1631 1155 1715; x_wconf 87' lang='grc' dir='ltr'><strong><em>συναρχαιρεσιάσας</em></strong></span> <span class='ocrx_word' id='word_1_103' title='bbox 1198 1631 1310 1696; x_wconf 81' lang='grc' dir='ltr'><strong><em>καὶ</em></strong></span> <span class='ocrx_word' id='word_1_104' title='bbox 1355 1632 1716 1715; x_wconf 85' lang='grc' dir='ltr'><strong><em>παρασχὼν</em></strong></span> <span class='ocrx_word' id='word_1_105' title='bbox 1761 1630 1937 1719; x_wconf 81' lang='grc' dir='ltr'><strong><em>αὐτῷ</em></strong></span> <span class='ocrx_word' id='word_1_106' title='bbox 1982 1632 2105 1715; x_wconf 82' lang='grc' dir='ltr'><strong><em>τὴν</em></strong></span> <span class='ocrx_word' id='word_1_107' title='bbox 2151 1631 2484 1714; x_wconf 86' lang='grc' dir='ltr'><strong><em>σύγλητον</em></strong></span> <span class='ocrx_word' id='word_1_108' title='bbox 2528 1636 2662 1695; x_wconf 88' lang='grc' dir='ltr'><strong><em>κτλ.</em></strong></span> 
     </span>
    </p>

    <p class='ocr_par' dir='ltr' id='par_1_3' title="bbox 541 1725 2664 1818">
     <span class='ocr_line' id='line_1_15' title="bbox 541 1725 2664 1818; baseline 0 -25"><span class='ocrx_word' id='word_1_109' title='bbox 541 1728 611 1794; x_wconf 90' lang='grc'><strong><em>8.</em></strong></span> <span class='ocrx_word' id='word_1_110' title='bbox 660 1734 816 1795; x_wconf 76' lang='lat' dir='ltr'><em>Plut.</em></span> <span class='ocrx_word' id='word_1_111' title='bbox 859 1734 1032 1793; x_wconf 84' lang='lat' dir='ltr'><strong><em>Brut.</em></strong></span> <span class='ocrx_word' id='word_1_112' title='bbox 1071 1734 1160 1793; x_wconf 84' lang='lat'><strong><em>27</em></strong></span> <span class='ocrx_word' id='word_1_113' title='bbox 1231 1729 1569 1794; x_wconf 87' lang='grc' dir='ltr'><strong><em>Μέλλοντι</em></strong></span> <span class='ocrx_word' id='word_1_114' title='bbox 1636 1725 1694 1794; x_wconf 88' lang='grc' dir='ltr'><strong><em>δ’</em></strong></span> <span class='ocrx_word' id='word_1_115' title='bbox 1746 1729 1923 1818; x_wconf 78' lang='grc' dir='ltr'><strong><em>αὐτῷ</em></strong></span> <span class='ocrx_word' id='word_1_116' title='bbox 1974 1731 2220 1811; x_wconf 85' lang='lat' dir='ltr'><strong>[Bruto]</strong></span> <span class='ocrx_word' id='word_1_117' title='bbox 2288 1730 2664 1813; x_wconf 84' lang='grc' dir='ltr'><strong><em>διαβαίνειν</em></strong></span> 
     </span>
    </p>

    <p class='ocr_par' dir='ltr' id='par_1_4' title="bbox 277 1822 2666 2304">
     <span class='ocr_line' id='line_1_16' title="bbox 277 1822 2660 1914; baseline 0.002 -27"><span class='ocrx_word' id='word_1_118' title='bbox 277 1846 330 1887; x_wconf 81' lang='lat'><strong><em>15</em></strong></span> <span class='ocrx_word' id='word_1_119' title='bbox 361 1827 456 1902; x_wconf 84' lang='grc' dir='ltr'><strong><em>εἰς</em></strong></span> <span class='ocrx_word' id='word_1_120' title='bbox 519 1827 644 1909; x_wconf 86' lang='grc' dir='ltr'><strong><em>τὴν</em></strong></span> <span class='ocrx_word' id='word_1_121' title='bbox 684 1824 906 1892; x_wconf 79' lang='grc' dir='ltr'><strong><em>Ἀσίαν</em></strong></span> <span class='ocrx_word' id='word_1_122' title='bbox 970 1822 1126 1909; x_wconf 82' lang='grc' dir='ltr'><strong><em>ἧκεν</em></strong></span> <span class='ocrx_word' id='word_1_123' title='bbox 1182 1825 1454 1910; x_wconf 86' lang='grc' dir='ltr'><strong><em>ἀγγελία</em></strong></span> <span class='ocrx_word' id='word_1_124' title='bbox 1509 1825 1661 1914; x_wconf 81' lang='grc' dir='ltr'><strong><em>περὶ</em></strong></span> <span class='ocrx_word' id='word_1_125' title='bbox 1721 1836 1835 1910; x_wconf 82' lang='grc' dir='ltr'><strong><em>τῆς</em></strong></span> <span class='ocrx_word' id='word_1_126' title='bbox 1889 1824 1965 1891; x_wconf 82' lang='grc' dir='ltr'><strong><em>έν</em></strong></span> <span class='ocrx_word' id='word_1_127' title='bbox 2000 1826 2208 1912; x_wconf 78' lang='grc' dir='ltr'><strong><em>Ῥώμῃ</em></strong></span> <span class='ocrx_word' id='word_1_128' title='bbox 2265 1829 2625 1911; x_wconf 79' lang='grc' dir='ltr'><strong><em>μεταβολῆς</em></strong></span> <span class='ocrx_word' id='word_1_129' title='bbox 2646 1846 2660 1861; x_wconf 92' lang='grc'><em>·</em></span> 
     </span>
     <span class='ocr_line' id='line_1_17' title="bbox 360 1922 2663 2010; baseline 0 -21"><span class='ocrx_word' id='word_1_130' title='bbox 360 1922 397 1989; x_wconf 87' lang='grc' dir='ltr'>ὁ</span> <span class='ocrx_word' id='word_1_131' title='bbox 447 1925 573 2009; x_wconf 80' lang='grc' dir='ltr'><strong><em>γὰρ</em></strong></span> <span class='ocrx_word' id='word_1_132' title='bbox 627 1923 782 2001; x_wconf 89' lang='grc' dir='ltr'><strong><em>νέος</em></strong></span> <span class='ocrx_word' id='word_1_133' title='bbox 826 1928 1088 2010; x_wconf 84' lang='grc' dir='ltr'><strong><em>Καῖσαρ</em></strong></span> <span class='ocrx_word' id='word_1_134' title='bbox 1137 1925 1397 2009; x_wconf 83' lang='grc' dir='ltr'><strong><em>ηὐξήθη</em></strong></span> <span class='ocrx_word' id='word_1_135' title='bbox 1453 1925 1574 2010; x_wconf 75' lang='grc' dir='ltr'><strong><em>μὲν</em></strong></span> <span class='ocrx_word' id='word_1_136' title='bbox 1630 1925 1763 1991; x_wconf 85' lang='grc' dir='ltr'><strong><em>ὑπὸ</em></strong></span> <span class='ocrx_word' id='word_1_137' title='bbox 1818 1935 1933 2009; x_wconf 84' lang='grc' dir='ltr'><strong><em>τῆς</em></strong></span> <span class='ocrx_word' id='word_1_138' title='bbox 1976 1927 2228 2008; x_wconf 82' lang='grc' dir='ltr'><strong><em>βουλῆς</em></strong></span> <span class='ocrx_word' id='word_1_139' title='bbox 2280 1923 2378 1989; x_wconf 83' lang='grc' dir='ltr'><strong><em>ἐπ’</em></strong></span> <span class='ocrx_word' id='word_1_140' title='bbox 2428 1922 2663 1990; x_wconf 82' lang='grc' dir='ltr'><strong><em>’Λντώ-</em></strong></span> 
     </span>
     <span class='ocr_line' id='line_1_18' title="bbox 357 2018 2665 2108; baseline 0 -21"><span class='ocrx_word' id='word_1_141' title='bbox 357 2046 532 2103; x_wconf 87' lang='grc' dir='ltr'><strong><em>νιον,</em></strong></span> <span class='ocrx_word' id='word_1_142' title='bbox 572 2022 872 2105; x_wconf 79' lang='grc' dir='ltr'><strong><em>ἐκβαλὼν</em></strong></span> <span class='ocrx_word' id='word_1_143' title='bbox 919 2024 994 2088; x_wconf 82' lang='grc' dir='ltr'><strong><em>δὲ</em></strong></span> <span class='ocrx_word' id='word_1_144' title='bbox 1040 2033 1154 2108; x_wconf 85' lang='grc' dir='ltr'><strong><em>τῆς</em></strong></span> <span class='ocrx_word' id='word_1_145' title='bbox 1191 2021 1471 2100; x_wconf 89' lang='grc' dir='ltr'><strong><em>Ἰταλίας</em></strong></span> <span class='ocrx_word' id='word_1_146' title='bbox 1517 2022 1777 2089; x_wconf 79' lang='grc' dir='ltr'><strong><em>ἐκεῖνον</em></strong></span> <span class='ocrx_word' id='word_1_147' title='bbox 1822 2022 2021 2099; x_wconf 86' lang='grc' dir='ltr'><strong><em>αὐτὸς</em></strong></span> <span class='ocrx_word' id='word_1_148' title='bbox 2066 2024 2193 2107; x_wconf 79' lang='grc' dir='ltr'><strong><em>ἤδη</em></strong></span> <span class='ocrx_word' id='word_1_149' title='bbox 2246 2024 2535 2108; x_wconf 88' lang='grc' dir='ltr'><strong><em>φοβερὸς</em></strong></span> <span class='ocrx_word' id='word_1_150' title='bbox 2580 2018 2665 2106; x_wconf 82' lang='grc' dir='ltr'><strong><em>ἦν</em></strong></span> 
     </span>
     <span class='ocr_line' id='line_1_19' title="bbox 357 2119 2665 2207; baseline 0 -22"><span class='ocrx_word' id='word_1_151' title='bbox 357 2120 684 2186; x_wconf 86' lang='grc' dir='ltr'><strong><em>ὑπατείαν</em></strong></span> <span class='ocrx_word' id='word_1_152' title='bbox 729 2144 799 2186; x_wconf 91' lang='grc' dir='ltr'><strong><em>τε</em></strong></span> <span class='ocrx_word' id='word_1_153' title='bbox 851 2122 1197 2205; x_wconf 79' lang='grc' dir='ltr'><strong><em>μνώμενος</em></strong></span> <span class='ocrx_word' id='word_1_154' title='bbox 1248 2122 1426 2207; x_wconf 86' lang='grc' dir='ltr'><strong><em>παρὰ</em></strong></span> <span class='ocrx_word' id='word_1_155' title='bbox 1486 2123 1699 2206; x_wconf 90' lang='grc' dir='ltr'><strong><em>νόμον</em></strong></span> <span class='ocrx_word' id='word_1_156' title='bbox 1742 2119 1852 2186; x_wconf 85' lang='grc' dir='ltr'><strong><em>καὶ</em></strong></span> <span class='ocrx_word' id='word_1_157' title='bbox 1900 2123 2353 2204; x_wconf 87' lang='grc' dir='ltr'><strong><em>στρατεύματα</em></strong></span> <span class='ocrx_word' id='word_1_158' title='bbox 2397 2120 2665 2207; x_wconf 84' lang='grc' dir='ltr'><strong><em>τρέφων</em></strong></span> 
     </span>
     <span class='ocr_line' id='line_1_20' title="bbox 357 2216 2666 2304; baseline 0.001 -21"><span class='ocrx_word' id='word_1_159' title='bbox 357 2219 613 2302; x_wconf 85' lang='grc' dir='ltr'><strong><em>μεγάλα</em></strong></span> <span class='ocrx_word' id='word_1_160' title='bbox 658 2228 776 2302; x_wconf 78' lang='grc' dir='ltr'><strong><em>τῆς</em></strong></span> <span class='ocrx_word' id='word_1_161' title='bbox 819 2221 1070 2297; x_wconf 83' lang='grc' dir='ltr'><strong><em>πόλεως</em></strong></span> <span class='ocrx_word' id='word_1_162' title='bbox 1115 2216 1318 2285; x_wconf 73' lang='grc' dir='ltr'><strong><em>οὐδὲν</em></strong></span> <span class='ocrx_word' id='word_1_163' title='bbox 1364 2218 1696 2304; x_wconf 85' lang='grc' dir='ltr'><strong><em>δεομένης.</em></strong></span> <span class='ocrx_word' id='word_1_164' title='bbox 1778 2219 1959 2303; x_wconf 83' lang='grc' dir='ltr'><strong><em>ὁρῶν</em></strong></span> <span class='ocrx_word' id='word_1_165' title='bbox 2004 2220 2079 2285; x_wconf 80' lang='grc' dir='ltr'><strong><em>δὲ</em></strong></span> <span class='ocrx_word' id='word_1_166' title='bbox 2134 2218 2245 2286; x_wconf 81' lang='grc' dir='ltr'><strong><em>καὶ</em></strong></span> <span class='ocrx_word' id='word_1_167' title='bbox 2292 2229 2498 2285; x_wconf 89' lang='grc' dir='ltr'><strong><em>ταῦτα</em></strong></span> <span class='ocrx_word' id='word_1_168' title='bbox 2542 2221 2666 2303; x_wconf 84' lang='grc' dir='ltr'><strong><em>τὴν</em></strong></span> 
     </span>
    </p>

    <p class='ocr_par' dir='ltr' id='par_1_5' title="bbox 273 2308 2666 2893">
     <span class='ocr_line' id='line_1_21' title="bbox 273 2308 2663 2404; baseline 0.003 -27"><span class='ocrx_word' id='word_1_169' title='bbox 273 2336 332 2377; x_wconf 69' lang='lat' dir='ltr'><strong>eo</strong></span> <span class='ocrx_word' id='word_1_170' title='bbox 359 2319 617 2401; x_wconf 82' lang='grc' dir='ltr'><strong><em>βουλὴν</em></strong></span> <span class='ocrx_word' id='word_1_171' title='bbox 673 2320 1137 2403; x_wconf 81' lang='grc' dir='ltr'><strong><em>βαρυνομένην</em></strong></span> <span class='ocrx_word' id='word_1_172' title='bbox 1189 2316 1300 2383; x_wconf 81' lang='grc' dir='ltr'><strong><em>καὶ</em></strong></span> <span class='ocrx_word' id='word_1_173' title='bbox 1355 2318 1524 2401; x_wconf 90' lang='grc' dir='ltr'><strong><em>πρὸς</em></strong></span> <span class='ocrx_word' id='word_1_174' title='bbox 1576 2318 1699 2383; x_wconf 88' lang='grc' dir='ltr'><strong><em>τὸν</em></strong></span> <span class='ocrx_word' id='word_1_175' title='bbox 1754 2322 2063 2404; x_wconf 89' lang='grc' dir='ltr'><strong><em>Βροῦτον</em></strong></span> <span class='ocrx_word' id='word_1_176' title='bbox 2117 2308 2480 2403; x_wconf 75' lang='grc' dir='ltr'><strong><em>ἀφορῶσαν</em></strong></span> <span class='ocrx_word' id='word_1_177' title='bbox 2544 2318 2663 2397; x_wconf 80' lang='grc' dir='ltr'><strong><em>ἔξω</em></strong></span> 
     </span>
     <span class='ocr_line' id='line_1_22' title="bbox 359 2412 2662 2504; baseline 0.001 -25"><span class='ocrx_word' id='word_1_178' title='bbox 359 2412 472 2479; x_wconf 78' lang='grc' dir='ltr'><strong><em>καὶ</em></strong></span> <span class='ocrx_word' id='word_1_179' title='bbox 519 2414 980 2499; x_wconf 80' lang='grc' dir='ltr'><strong><em>ψηφιζομένην</em></strong></span> <span class='ocrx_word' id='word_1_180' title='bbox 1017 2412 1247 2504; x_wconf 80' lang='grc' dir='ltr'><strong><em>ἑκείνφ</em></strong></span> <span class='ocrx_word' id='word_1_181' title='bbox 1292 2414 1402 2481; x_wconf 88' lang='grc' dir='ltr'><strong><em>καὶ</em></strong></span> <span class='ocrx_word' id='word_1_182' title='bbox 1448 2419 1855 2500; x_wconf 88' lang='grc' dir='ltr'><strong><em>βεβαιοῦσαν</em></strong></span> <span class='ocrx_word' id='word_1_183' title='bbox 1900 2418 2015 2493; x_wconf 81' lang='grc' dir='ltr'><strong><em>τὰς</em></strong></span> <span class='ocrx_word' id='word_1_184' title='bbox 2066 2415 2379 2500; x_wconf 80' lang='grc' dir='ltr'><strong><em>ἐπαρχίας</em></strong></span> <span class='ocrx_word' id='word_1_185' title='bbox 2432 2412 2662 2483; x_wconf 82' lang='grc' dir='ltr'><strong><em>ἔδεισε.</em></strong></span> 
     </span>
     <span class='ocr_line' id='line_1_23' title="bbox 357 2510 2665 2600; baseline 0.001 -22"><span class='ocrx_word' id='word_1_186' title='bbox 357 2515 469 2578; x_wconf 75' lang='grc' dir='ltr'><strong><em>καὶ</em></strong></span> <span class='ocrx_word' id='word_1_187' title='bbox 525 2514 646 2579; x_wconf 90' lang='grc' dir='ltr'><strong><em>τὸν</em></strong></span> <span class='ocrx_word' id='word_1_188' title='bbox 699 2510 822 2597; x_wconf 74' lang='grc' dir='ltr'><strong><em>μὲν</em></strong></span> <span class='ocrx_word' id='word_1_189' title='bbox 859 2511 1218 2579; x_wconf 83' lang='grc' dir='ltr'><strong><em>’Λντώνιον</em></strong></span> <span class='ocrx_word' id='word_1_190' title='bbox 1273 2514 1549 2598; x_wconf 87' lang='grc' dir='ltr'><strong><em>πέμπων</em></strong></span> <span class='ocrx_word' id='word_1_191' title='bbox 1602 2515 1701 2591; x_wconf 74' lang='grc' dir='ltr'><strong><em>εἰς</em></strong></span> <span class='ocrx_word' id='word_1_192' title='bbox 1755 2519 1991 2597; x_wconf 89' lang='grc' dir='ltr'><strong><em>φιλίαν</em></strong></span> <span class='ocrx_word' id='word_1_193' title='bbox 2044 2516 2505 2600; x_wconf 86' lang='grc' dir='ltr'><strong><em>προύκαλεῖτο,</em></strong></span> <span class='ocrx_word' id='word_1_194' title='bbox 2552 2516 2665 2592; x_wconf 80' lang='grc' dir='ltr'><strong><em>τὰς</em></strong></span> 
     </span>
     <span class='ocr_line' id='line_1_24' title="bbox 360 2609 2665 2697; baseline 0 -20"><span class='ocrx_word' id='word_1_195' title='bbox 360 2609 437 2677; x_wconf 76' lang='grc' dir='ltr'><strong><em>δὲ</em></strong></span> <span class='ocrx_word' id='word_1_196' title='bbox 477 2612 794 2697; x_wconf 88' lang='grc' dir='ltr'><strong><em>δυνάμεις</em></strong></span> <span class='ocrx_word' id='word_1_197' title='bbox 839 2620 917 2696; x_wconf 80' lang='grc' dir='ltr'><strong><em>τῇ</em></strong></span> <span class='ocrx_word' id='word_1_198' title='bbox 963 2614 1148 2677; x_wconf 88' lang='grc' dir='ltr'><strong><em>πόλει</em></strong></span> <span class='ocrx_word' id='word_1_199' title='bbox 1195 2614 1590 2696; x_wconf 86' lang='grc' dir='ltr'><strong><em>περιστήσας</em></strong></span> <span class='ocrx_word' id='word_1_200' title='bbox 1630 2612 1950 2678; x_wconf 90' lang='grc' dir='ltr'><strong><em>ὑπατείαν</em></strong></span> <span class='ocrx_word' id='word_1_201' title='bbox 1985 2609 2221 2697; x_wconf 85' lang='grc' dir='ltr'><strong><em>ἔλαβεν</em></strong></span> <span class='ocrx_word' id='word_1_202' title='bbox 2261 2614 2447 2679; x_wconf 79' lang='grc' dir='ltr'><strong><em>οὔπω</em></strong></span> <span class='ocrx_word' id='word_1_203' title='bbox 2486 2616 2665 2679; x_wconf 79' lang='grc' dir='ltr'><strong><em>πάνυ</em></strong></span> 
     </span>
     <span class='ocr_line' id='line_1_25' title="bbox 359 2706 2666 2794; baseline 0.001 -19"><span class='ocrx_word' id='word_1_204' title='bbox 359 2712 710 2792; x_wconf 84' lang='grc' dir='ltr'><strong><em>μειράκιον</em></strong></span> <span class='ocrx_word' id='word_1_205' title='bbox 774 2711 898 2793; x_wconf 78' lang='grc' dir='ltr'><strong><em>ὥν,</em></strong></span> <span class='ocrx_word' id='word_1_206' title='bbox 953 2708 1088 2775; x_wconf 81' lang='grc' dir='ltr'><strong><em>ἀλλ’</em></strong></span> <span class='ocrx_word' id='word_1_207' title='bbox 1143 2712 1443 2776; x_wconf 79' lang='grc' dir='ltr'><strong><em>εἰκοστὸν</em></strong></span> <span class='ocrx_word' id='word_1_208' title='bbox 1507 2710 1690 2794; x_wconf 74' lang='grc' dir='ltr'><strong><em>ἄγων</em></strong></span> <span class='ocrx_word' id='word_1_209' title='bbox 1753 2706 1929 2794; x_wconf 83' lang='grc' dir='ltr'><strong><em>ἔτος,</em></strong></span> <span class='ocrx_word' id='word_1_210' title='bbox 1995 2711 2086 2789; x_wconf 80' lang='grc' dir='ltr'><strong><em>ὡς</em></strong></span> <span class='ocrx_word' id='word_1_211' title='bbox 2140 2710 2338 2787; x_wconf 86' lang='grc' dir='ltr'><strong><em>αὐτὸς</em></strong></span> <span class='ocrx_word' id='word_1_212' title='bbox 2397 2708 2473 2777; x_wconf 81' lang='grc' dir='ltr'><strong><em>ἐν</em></strong></span> <span class='ocrx_word' id='word_1_213' title='bbox 2527 2725 2666 2789; x_wconf 86' lang='grc' dir='ltr'><strong><em>τοῖς</em></strong></span> 
     </span>
     <span class='ocr_line' id='line_1_26' title="bbox 273 2807 1164 2893; baseline 0.007 -25"><span class='ocrx_word' id='word_1_214' title='bbox 273 2828 330 2868; x_wconf 74' lang='lat'><strong><em>2⁵</em></strong></span> <span class='ocrx_word' id='word_1_215' title='bbox 361 2807 836 2893; x_wconf 83' lang='grc' dir='ltr'><strong><em>ὑπομνήμασιν</em></strong></span> <span class='ocrx_word' id='word_1_216' title='bbox 887 2814 1164 2892; x_wconf 73' lang='grc' dir='ltr'><strong><em>εἴρηκεν.</em></strong></span> 
     </span>
    </p>

    <p class='ocr_par' dir='ltr' id='par_1_6' title="bbox 360 2906 2668 3285">
     <span class='ocr_line' id='line_1_27' title="bbox 543 2906 2665 2990; baseline 0 -19"><span class='ocrx_word' id='word_1_217' title='bbox 543 2906 662 2971; x_wconf 75' lang='grc'><strong><em>9*.</em></strong></span> <span class='ocrx_word' id='word_1_218' title='bbox 715 2910 877 2971; x_wconf 78' lang='lat' dir='ltr'><strong>Suet.</strong></span> <span class='ocrx_word' id='word_1_219' title='bbox 917 2910 1075 2986; x_wconf 70' lang='grc' dir='ltr'><strong><em>Ααρ.</em></strong></span> <span class='ocrx_word' id='word_1_220' title='bbox 1115 2910 1202 2971; x_wconf 86' lang='grc'><strong><em>27</em></strong></span> <span class='ocrx_word' id='word_1_221' title='bbox 1266 2908 1332 2981; x_wconf 90' lang='lat' dir='ltr'><strong><em>Q.</em></strong></span> <span class='ocrx_word' id='word_1_222' title='bbox 1373 2909 1625 2972; x_wconf 90' lang='lat' dir='ltr'><strong>Gallium</strong></span> <span class='ocrx_word' id='word_1_223' title='bbox 1682 2918 2017 2990; x_wconf 77' lang='lat' dir='ltr'><strong>praetorem</strong></span> <span class='ocrx_word' id='word_1_224' title='bbox 2074 2912 2133 2971; x_wconf 85' lang='lat' dir='ltr'><strong>iu</strong></span> <span class='ocrx_word' id='word_1_225' title='bbox 2191 2910 2390 2971; x_wconf 82' lang='lat' dir='ltr'><strong>officio</strong></span> <span class='ocrx_word' id='word_1_226' title='bbox 2450 2911 2665 2973; x_wconf 84' lang='lat' dir='ltr'><strong>saluta-</strong></span> 
     </span>
     <span class='ocr_line' id='line_1_28' title="bbox 361 3006 2665 3088; baseline 0.001 -19"><span class='ocrx_word' id='word_1_227' title='bbox 361 3010 544 3069; x_wconf 74' lang='lat' dir='ltr'><strong>tionis</strong></span> <span class='ocrx_word' id='word_1_228' title='bbox 600 3006 846 3069; x_wconf 83' lang='lat' dir='ltr'><strong>tabellas</strong></span> <span class='ocrx_word' id='word_1_229' title='bbox 894 3007 1160 3088; x_wconf 83' lang='lat' dir='ltr'><strong>duplices</strong></span> <span class='ocrx_word' id='word_1_230' title='bbox 1214 3016 1383 3069; x_wconf 84' lang='lat' dir='ltr'><strong>ueste</strong></span> <span class='ocrx_word' id='word_1_231' title='bbox 1431 3016 1617 3069; x_wconf 83' lang='lat' dir='ltr'><strong>tectas</strong></span> <span class='ocrx_word' id='word_1_232' title='bbox 1666 3016 1967 3071; x_wconf 81' lang='lat' dir='ltr'><strong>tenentem</strong></span> <span class='ocrx_word' id='word_1_233' title='bbox 2023 3010 2361 3088; x_wconf 85' lang='lat' dir='ltr'><strong>suspicatus</strong></span> <span class='ocrx_word' id='word_1_234' title='bbox 2406 3008 2665 3087; x_wconf 80' lang='lat' dir='ltr'><strong>gladium</strong></span> 
     </span>
     <span class='ocr_line' id='line_1_29' title="bbox 360 3105 2664 3186; baseline 0.001 -21"><span class='ocrx_word' id='word_1_235' title='bbox 360 3106 641 3167; x_wconf 80' lang='lat' dir='ltr'><strong>occulere</strong></span> <span class='ocrx_word' id='word_1_236' title='bbox 707 3122 820 3166; x_wconf 90' lang='lat' dir='ltr'><strong><em>nec</em></strong></span> <span class='ocrx_word' id='word_1_237' title='bbox 883 3105 1204 3186; x_wconf 83' lang='lat' dir='ltr'><strong>quidquam</strong></span> <span class='ocrx_word' id='word_1_238' title='bbox 1271 3108 1496 3185; x_wconf 83' lang='lat' dir='ltr'><strong>statim,</strong></span> <span class='ocrx_word' id='word_1_239' title='bbox 1553 3126 1629 3167; x_wconf 90' lang='lat' dir='ltr'><strong>ne</strong></span> <span class='ocrx_word' id='word_1_240' title='bbox 1688 3106 1847 3167; x_wconf 91' lang='lat' dir='ltr'><strong>aliud</strong></span> <span class='ocrx_word' id='word_1_241' title='bbox 1901 3108 2300 3186; x_wconf 85' lang='lat' dir='ltr'><strong>inueniretur,</strong></span> <span class='ocrx_word' id='word_1_242' title='bbox 2348 3125 2529 3169; x_wconf 90' lang='lat' dir='ltr'><strong>ausus</strong></span> <span class='ocrx_word' id='word_1_243' title='bbox 2576 3110 2664 3168; x_wconf 87' lang='lat' dir='ltr'><strong>in-</strong></span> 
     </span>
     <span class='ocr_line' id='line_1_30' title="bbox 361 3202 2668 3285; baseline 0 -20"><span class='ocrx_word' id='word_1_244' title='bbox 361 3206 626 3285; x_wconf 86' lang='lat' dir='ltr'><strong>quirere,</strong></span> <span class='ocrx_word' id='word_1_245' title='bbox 672 3202 848 3284; x_wconf 89' lang='lat' dir='ltr'><strong>paulo</strong></span> <span class='ocrx_word' id='word_1_246' title='bbox 893 3211 1027 3283; x_wconf 84' lang='lat' dir='ltr'><strong>post</strong></span> <span class='ocrx_word' id='word_1_247' title='bbox 1072 3223 1182 3283; x_wconf 81' lang='lat' dir='ltr'><strong>per</strong></span> <span class='ocrx_word' id='word_1_248' title='bbox 1227 3206 1610 3267; x_wconf 80' lang='lat' dir='ltr'><strong>centuriones</strong></span> <span class='ocrx_word' id='word_1_249' title='bbox 1660 3214 1719 3266; x_wconf 83' lang='lat' dir='ltr'><strong>et</strong></span> <span class='ocrx_word' id='word_1_250' title='bbox 1763 3203 1984 3266; x_wconf 85' lang='lat' dir='ltr'><strong>milites</strong></span> <span class='ocrx_word' id='word_1_251' title='bbox 2032 3213 2266 3285; x_wconf 82' lang='lat' dir='ltr'><strong>raptum</strong></span> <span class='ocrx_word' id='word_1_252' title='bbox 2314 3224 2346 3265; x_wconf 91' lang='lat' dir='ltr'><strong>e</strong></span> <span class='ocrx_word' id='word_1_253' title='bbox 2382 3206 2668 3267; x_wconf 85' lang='lat' dir='ltr'><strong>tribunali</strong></span> 
     </span>
    </p>
   </div>
   <div class='ocr_carea' id='block_1_3' title="bbox 362 3318 847 3327">
    <p class='ocr_par' dir='ltr' id='par_1_7' title="bbox 362 3318 847 3327">
     <span class='ocr_line' id='line_1_31' title="bbox 362 3318 847 3327; baseline -0.006 0"><span class='ocrx_word' id='word_1_254' title='bbox 362 3320 645 3327; x_wconf 78' lang='lat'><em>...-—-.—-—-</em></span> <span class='ocrx_word' id='word_1_255' title='bbox 690 3318 847 3325; x_wconf 55' lang='lat'><strong><em>-—&#39;—-</em></strong></span> 
     </span>
    </p>
   </div>
   <div class='ocr_carea' id='block_1_4' title="bbox 361 3374 2670 4231">
    <p class='ocr_par' dir='ltr' id='par_1_8' title="bbox 361 3374 2670 3945">
     <span class='ocr_line' id='line_1_32' title="bbox 549 3374 2665 3447; baseline 0.002 -18"><span class='ocrx_word' id='word_1_256' title='bbox 549 3375 606 3432; x_wconf 77' lang='lat'><strong><em>7.</em></strong></span> <span class='ocrx_word' id='word_1_257' title='bbox 645 3374 718 3430; x_wconf 80' lang='lat' dir='ltr'><strong><em>E.</em></strong></span> <span class='ocrx_word' id='word_1_258' title='bbox 749 3374 1023 3430; x_wconf 76' lang='lat' dir='ltr'><strong><em>Schwartz</em></strong></span> <span class='ocrx_word' id='word_1_259' title='bbox 1053 3376 1264 3443; x_wconf 75' lang='lat' dir='ltr'><strong>(Hem.</strong></span> <span class='ocrx_word' id='word_1_260' title='bbox 1296 3380 1368 3432; x_wconf 88' lang='lat'><strong><em>33</em></strong></span> <span class='ocrx_word' id='word_1_261' title='bbox 1397 3393 1456 3445; x_wconf 80' lang='lat' dir='ltr'><strong><em>p.</em></strong></span> <span class='ocrx_word' id='word_1_262' title='bbox 1483 3380 1623 3443; x_wconf 81' lang='lat'><em>218)</em></span> <span class='ocrx_word' id='word_1_263' title='bbox 1652 3378 1751 3433; x_wconf 84' lang='lat' dir='ltr'><strong><em>hoc</em></strong></span> <span class='ocrx_word' id='word_1_264' title='bbox 1786 3394 1854 3432; x_wconf 76' lang='lat' dir='ltr'><strong><em>ex</em></strong></span> <span class='ocrx_word' id='word_1_265' title='bbox 1886 3379 2223 3433; x_wconf 70' lang='lat' dir='ltr'><strong>sermonibus</strong></span> <span class='ocrx_word' id='word_1_266' title='bbox 2257 3378 2503 3447; x_wconf 69' lang='lat' dir='ltr'><strong><em>Auqusti</em></strong></span> <span class='ocrx_word' id='word_1_267' title='bbox 2538 3380 2665 3434; x_wconf 76' lang='lat' dir='ltr'><strong><em>duc-</em></strong></span> 
     </span>
     <span class='ocr_line' id='line_1_33' title="bbox 363 3446 2669 3520; baseline 0.001 -18"><span class='ocrx_word' id='word_1_268' title='bbox 363 3455 482 3503; x_wconf 70' lang='lat' dir='ltr'><strong><em>tum</em></strong></span> <span class='ocrx_word' id='word_1_269' title='bbox 520 3464 632 3502; x_wconf 68' lang='lat' dir='ltr'><strong>ease</strong></span> <span class='ocrx_word' id='word_1_270' title='bbox 667 3454 854 3502; x_wconf 73' lang='lat' dir='ltr'><strong>comet.</strong></span> <span class='ocrx_word' id='word_1_271' title='bbox 875 3478 940 3487; x_wconf 85' lang='lat'><strong><em>--</em></strong></span> <span class='ocrx_word' id='word_1_272' title='bbox 974 3448 1056 3514; x_wconf 76' lang='lat' dir='ltr'><strong><em>Of.</em></strong></span> <span class='ocrx_word' id='word_1_273' title='bbox 1086 3450 1233 3516; x_wconf 75' lang='lat' dir='ltr'><em>App.</em></span> <span class='ocrx_word' id='word_1_274' title='bbox 1267 3448 1312 3502; x_wconf 88' lang='lat' dir='ltr'><strong><em>b.</em></strong></span> <span class='ocrx_word' id='word_1_275' title='bbox 1344 3464 1386 3502; x_wconf 89' lang='lat' dir='ltr'><strong><em>c.</em></strong></span> <span class='ocrx_word' id='word_1_276' title='bbox 1416 3449 1528 3501; x_wconf 91' lang='lat' dir='ltr'><strong><em>III</em></strong></span> <span class='ocrx_word' id='word_1_277' title='bbox 1556 3452 1633 3503; x_wconf 83' lang='lat'><strong><em>82</em></strong></span> <span class='ocrx_word' id='word_1_278' title='bbox 1670 3446 1858 3520; x_wconf 79' lang='grc' dir='ltr'><strong><em>μετῄει</em></strong></span> <span class='ocrx_word' id='word_1_279' title='bbox 1894 3446 1959 3503; x_wconf 70' lang='grc' dir='ltr'><strong><em>δὲ</em></strong></span> <span class='ocrx_word' id='word_1_280' title='bbox 1996 3449 2093 3503; x_wconf 77' lang='grc' dir='ltr'><strong><em>καὶ</em></strong></span> <span class='ocrx_word' id='word_1_281' title='bbox 2131 3448 2161 3503; x_wconf 83' lang='grc' dir='ltr'><em>ὁ</em></span> <span class='ocrx_word' id='word_1_282' title='bbox 2192 3452 2431 3516; x_wconf 78' lang='grc' dir='ltr'><strong><em>Καῖσαρ,</em></strong></span> <span class='ocrx_word' id='word_1_283' title='bbox 2468 3450 2575 3504; x_wconf 77' lang='grc' dir='ltr'><strong><em>οὐκ</em></strong></span> <span class='ocrx_word' id='word_1_284' title='bbox 2612 3450 2669 3513; x_wconf 76' lang='grc' dir='ltr'><strong><em>ἐς</em></strong></span> 
     </span>
     <span class='ocr_line' id='line_1_34' title="bbox 361 3514 2670 3592; baseline 0.001 -19"><span class='ocrx_word' id='word_1_285' title='bbox 361 3517 469 3587; x_wconf 82' lang='grc' dir='ltr'><strong><em>τὴν</em></strong></span> <span class='ocrx_word' id='word_1_286' title='bbox 507 3518 718 3590; x_wconf 83' lang='grc' dir='ltr'><strong><em>βουλὴν</em></strong></span> <span class='ocrx_word' id='word_1_287' title='bbox 758 3517 838 3573; x_wconf 77' lang='grc' dir='ltr'><strong><em>ἔτι</em></strong></span> <span class='ocrx_word' id='word_1_288' title='bbox 873 3514 1108 3587; x_wconf 84' lang='grc' dir='ltr'><strong><em>πέμπων</em></strong></span> <span class='ocrx_word' id='word_1_289' title='bbox 1145 3516 1258 3572; x_wconf 84' lang='grc' dir='ltr'><strong><em>ἀλλ’</em></strong></span> <span class='ocrx_word' id='word_1_290' title='bbox 1297 3520 1354 3581; x_wconf 74' lang='grc' dir='ltr'><strong><em>ἐς</em></strong></span> <span class='ocrx_word' id='word_1_291' title='bbox 1389 3520 1489 3574; x_wconf 83' lang='grc' dir='ltr'><strong><em>τὸν</em></strong></span> <span class='ocrx_word' id='word_1_292' title='bbox 1518 3518 1813 3587; x_wconf 78' lang='grc' dir='ltr'><strong><em>Κικέρωνα</em></strong></span> <span class='ocrx_word' id='word_1_293' title='bbox 1856 3516 1995 3592; x_wconf 76' lang='grc' dir='ltr'><strong><em>ἰδίᾳ,</em></strong></span> <span class='ocrx_word' id='word_1_294' title='bbox 2036 3520 2135 3573; x_wconf 77' lang='grc' dir='ltr'><strong><em>καὶ</em></strong></span> <span class='ocrx_word' id='word_1_295' title='bbox 2164 3520 2338 3574; x_wconf 74' lang='grc' dir='ltr'><strong><em>αὐτὸν</em></strong></span> <span class='ocrx_word' id='word_1_296' title='bbox 2365 3519 2670 3587; x_wconf 78' lang='grc' dir='ltr'><strong><em>παρεκάλει</em></strong></span> 
     </span>
     <span class='ocr_line' id='line_1_35' title="bbox 362 3587 2667 3663; baseline 0.002 -20"><span class='ocrx_word' id='word_1_297' title='bbox 362 3590 464 3643; x_wconf 74' lang='grc' dir='ltr'><strong><em>καὶ</em></strong></span> <span class='ocrx_word' id='word_1_298' title='bbox 513 3588 804 3655; x_wconf 73' lang='grc' dir='ltr'><strong><em>συνάρξαι,</em></strong></span> <span class='ocrx_word' id='word_1_299' title='bbox 851 3590 925 3652; x_wconf 83' lang='grc' dir='ltr'><strong><em>ὡς</em></strong></span> <span class='ocrx_word' id='word_1_300' title='bbox 971 3588 1263 3659; x_wconf 80' lang='grc' dir='ltr'><strong><em>Κικέρωνα</em></strong></span> <span class='ocrx_word' id='word_1_301' title='bbox 1301 3587 1405 3658; x_wconf 68' lang='grc' dir='ltr'><strong><em>μὲν</em></strong></span> <span class='ocrx_word' id='word_1_302' title='bbox 1441 3590 1544 3660; x_wconf 87' lang='grc' dir='ltr'><strong><em>τὴν</em></strong></span> <span class='ocrx_word' id='word_1_303' title='bbox 1581 3591 1763 3661; x_wconf 81' lang='grc' dir='ltr'><strong><em>ἀρχὴν</em></strong></span> <span class='ocrx_word' id='word_1_304' title='bbox 1801 3588 2161 3657; x_wconf 78' lang='grc' dir='ltr'><strong><em>διοικήσοντα</em></strong></span> <span class='ocrx_word' id='word_1_305' title='bbox 2196 3589 2572 3663; x_wconf 82' lang='grc' dir='ltr'><strong><em>πρεσβύτερόν</em></strong></span> <span class='ocrx_word' id='word_1_306' title='bbox 2608 3610 2667 3647; x_wconf 81' lang='grc' dir='ltr'><strong><em>τε</em></strong></span> 
     </span>
     <span class='ocr_line' id='line_1_36' title="bbox 363 3658 2669 3732; baseline 0.002 -17"><span class='ocrx_word' id='word_1_307' title='bbox 363 3662 466 3715; x_wconf 79' lang='grc' dir='ltr'><strong><em>καὶ</em></strong></span> <span class='ocrx_word' id='word_1_308' title='bbox 521 3658 911 3729; x_wconf 76' lang='grc' dir='ltr'><strong><em>ἐμπειρότερον</em></strong></span> <span class='ocrx_word' id='word_1_309' title='bbox 959 3660 1114 3730; x_wconf 84' lang='grc' dir='ltr'><strong><em>ὄντα,</em></strong></span> <span class='ocrx_word' id='word_1_310' title='bbox 1161 3661 1332 3724; x_wconf 71' lang='grc' dir='ltr'><strong><em>αὐτὸς</em></strong></span> <span class='ocrx_word' id='word_1_311' title='bbox 1379 3659 1441 3716; x_wconf 69' lang='grc' dir='ltr'><strong><em>δὲ</em></strong></span> <span class='ocrx_word' id='word_1_312' title='bbox 1489 3662 1594 3732; x_wconf 81' lang='grc' dir='ltr'><strong><em>τὴν</em></strong></span> <span class='ocrx_word' id='word_1_313' title='bbox 1643 3662 1969 3731; x_wconf 78' lang='grc' dir='ltr'><strong><em>ἐπωνυμίαν</em></strong></span> <span class='ocrx_word' id='word_1_314' title='bbox 2015 3660 2445 3731; x_wconf 81' lang='grc' dir='ltr'><strong><em>καρπωσόμενος</em></strong></span> <span class='ocrx_word' id='word_1_315' title='bbox 2491 3663 2669 3732; x_wconf 88' lang='grc' dir='ltr'><strong><em>μόνον</em></strong></span> 
     </span>
     <span class='ocr_line' id='line_1_37' title="bbox 367 3730 2668 3807; baseline 0.001 -18"><span class='ocrx_word' id='word_1_316' title='bbox 367 3733 425 3794; x_wconf 76' lang='grc' dir='ltr'><strong><em>ἐς</em></strong></span> <span class='ocrx_word' id='word_1_317' title='bbox 460 3732 744 3787; x_wconf 73' lang='grc' dir='ltr'><strong><em>ἀπόθεσιν</em></strong></span> <span class='ocrx_word' id='word_1_318' title='bbox 780 3741 890 3786; x_wconf 85' lang='grc' dir='ltr'><strong><em>τῶν</em></strong></span> <span class='ocrx_word' id='word_1_319' title='bbox 929 3730 1116 3787; x_wconf 77' lang='grc' dir='ltr'><strong><em>ὅπλων</em></strong></span> <span class='ocrx_word' id='word_1_320' title='bbox 1156 3734 1425 3803; x_wconf 74' lang='grc' dir='ltr'><strong><em>εὐπρεπῆ,</em></strong></span> <span class='ocrx_word' id='word_1_321' title='bbox 1471 3730 1538 3787; x_wconf 82' lang='grc' dir='ltr'><strong><em>οὗ</em></strong></span> <span class='ocrx_word' id='word_1_322' title='bbox 1575 3733 1648 3803; x_wconf 84' lang='grc' dir='ltr'><strong><em>δὴ</em></strong></span> <span class='ocrx_word' id='word_1_323' title='bbox 1686 3734 1785 3787; x_wconf 77' lang='grc' dir='ltr'><strong><em>καὶ</em></strong></span> <span class='ocrx_word' id='word_1_324' title='bbox 1825 3735 2021 3803; x_wconf 82' lang='grc' dir='ltr'><strong><em>πρώην</em></strong></span> <span class='ocrx_word' id='word_1_325' title='bbox 2060 3731 2225 3787; x_wconf 75' lang='grc' dir='ltr'><strong><em>ἕνεκα</em></strong></span> <span class='ocrx_word' id='word_1_326' title='bbox 2252 3735 2353 3789; x_wconf 86' lang='grc' dir='ltr'><strong><em>τὸν</em></strong></span> <span class='ocrx_word' id='word_1_327' title='bbox 2380 3732 2668 3807; x_wconf 80' lang='grc' dir='ltr'><strong><em>θρίαμβον</em></strong></span> 
     </span>
     <span class='ocr_line' id='line_1_38' title="bbox 366 3800 2664 3876; baseline 0.001 -19"><span class='ocrx_word' id='word_1_328' title='bbox 366 3803 609 3871; x_wconf 81' lang='grc' dir='ltr'><strong><em>αἰτῆσαι.</em></strong></span> <span class='ocrx_word' id='word_1_329' title='bbox 693 3800 946 3872; x_wconf 84' lang='grc' dir='ltr'><strong><em>Κικέρων</em></strong></span> <span class='ocrx_word' id='word_1_330' title='bbox 984 3801 1086 3872; x_wconf 72' lang='grc' dir='ltr'><strong><em>μὲν</em></strong></span> <span class='ocrx_word' id='word_1_331' title='bbox 1124 3804 1196 3875; x_wconf 84' lang='grc' dir='ltr'><strong><em>δὴ</em></strong></span> <span class='ocrx_word' id='word_1_332' title='bbox 1235 3804 1454 3867; x_wconf 83' lang='grc' dir='ltr'><strong><em>τούτοις</em></strong></span> <span class='ocrx_word' id='word_1_333' title='bbox 1510 3804 1783 3873; x_wconf 77' lang='grc' dir='ltr'><strong><em>ἐπαρθεὶς</em></strong></span> <span class='ocrx_word' id='word_1_334' title='bbox 1827 3803 1927 3859; x_wconf 79' lang='grc' dir='ltr'><strong><em>διὰ</em></strong></span> <span class='ocrx_word' id='word_1_335' title='bbox 1965 3802 2271 3876; x_wconf 76' lang='grc' dir='ltr'><strong><em>φιλαρχίαν</em></strong></span> <span class='ocrx_word' id='word_1_336' title='bbox 2322 3806 2507 3876; x_wconf 71' lang='grc' dir='ltr'><strong><em>ἔλεγεν</em></strong></span> <span class='ocrx_word' id='word_1_337' title='bbox 2555 3809 2664 3862; x_wconf 84' lang='grc' dir='ltr'><strong><em>κτλ.</em></strong></span> 
     </span>
     <span class='ocr_line' id='line_1_39' title="bbox 367 3874 1704 3945; baseline -0.001 -14"><span class='ocrx_word' id='word_1_338' title='bbox 367 3874 486 3931; x_wconf 74' lang='lat' dir='ltr'><strong><em>Dio</em></strong></span> <span class='ocrx_word' id='word_1_339' title='bbox 523 3878 613 3941; x_wconf 78' lang='lat'><strong><em>46,</em></strong></span> <span class='ocrx_word' id='word_1_340' title='bbox 641 3878 734 3941; x_wconf 72' lang='lat'><strong><em>42,</em></strong></span> <span class='ocrx_word' id='word_1_341' title='bbox 761 3879 814 3930; x_wconf 80' lang='lat'><strong><em>2.</em></strong></span> <span class='ocrx_word' id='word_1_342' title='bbox 871 3874 1177 3930; x_wconf 67' lang='lat' dir='ltr'><strong>Drumavm</strong></span> <span class='ocrx_word' id='word_1_343' title='bbox 1215 3878 1291 3931; x_wconf 87' lang='lat' dir='ltr'><strong><em>H.</em></strong></span> <span class='ocrx_word' id='word_1_344' title='bbox 1323 3878 1395 3931; x_wconf 83' lang='lat' dir='ltr'><strong><em>R.</em></strong></span> <span class='ocrx_word' id='word_1_345' title='bbox 1426 3878 1468 3930; x_wconf 92' lang='lat' dir='ltr'><strong><em>I</em></strong></span> <span class='ocrx_word' id='word_1_346' title='bbox 1498 3880 1610 3931; x_wconf 76' lang='lat'><strong><em>329</em></strong></span> <span class='ocrx_word' id='word_1_347' title='bbox 1628 3893 1704 3945; x_wconf 75' lang='lat' dir='ltr'><strong><em>eq.</em></strong></span> 
     </span>
    </p>

    <p class='ocr_par' dir='ltr' id='par_1_9' title="bbox 365 3946 2669 4231">
     <span class='ocr_line' id='line_1_40' title="bbox 549 3946 2667 4020; baseline 0.001 -19"><span class='ocrx_word' id='word_1_348' title='bbox 549 3946 608 4003; x_wconf 84' lang='lat'><strong><em>8.</em></strong></span> <span class='ocrx_word' id='word_1_349' title='bbox 651 3948 734 4013; x_wconf 78' lang='lat' dir='ltr'><strong><em>Of.</em></strong></span> <span class='ocrx_word' id='word_1_350' title='bbox 769 3946 948 4001; x_wconf 79' lang='lat' dir='ltr'><strong>Vellei.</strong></span> <span class='ocrx_word' id='word_1_351' title='bbox 978 3947 1058 4000; x_wconf 90' lang='grc' dir='ltr'><strong><em>ΙΙ</em></strong></span> <span class='ocrx_word' id='word_1_352' title='bbox 1087 3952 1158 4001; x_wconf 85' lang='grc'><strong><em>65</em></strong></span> <span class='ocrx_word' id='word_1_353' title='bbox 1207 3946 1573 4002; x_wconf 71' lang='lat' dir='ltr'><strong>Consulatum</strong></span> <span class='ocrx_word' id='word_1_354' title='bbox 1622 3947 1755 4001; x_wconf 88' lang='lat' dir='ltr'><strong>iniit</strong></span> <span class='ocrx_word' id='word_1_355' title='bbox 1792 3947 1999 4002; x_wconf 76' lang='lat' dir='ltr'><strong>Caesar</strong></span> <span class='ocrx_word' id='word_1_356' title='bbox 2034 3947 2235 4019; x_wconf 85' lang='lat' dir='ltr'><strong>pridie,</strong></span> <span class='ocrx_word' id='word_1_357' title='bbox 2274 3965 2445 4016; x_wconf 80' lang='lat' dir='ltr'><strong>quam</strong></span> <span class='ocrx_word' id='word_1_358' title='bbox 2483 3948 2667 4020; x_wconf 83' lang='lat' dir='ltr'><strong>uigin-</strong></span> 
     </span>
     <span class='ocr_line' id='line_1_41' title="bbox 365 4016 2669 4089; baseline 0.002 -18"><span class='ocrx_word' id='word_1_359' title='bbox 365 4017 418 4071; x_wconf 83' lang='lat' dir='ltr'><strong>ti</strong></span> <span class='ocrx_word' id='word_1_360' title='bbox 453 4034 628 4072; x_wconf 73' lang='lat' dir='ltr'><strong>annon</strong></span> <span class='ocrx_word' id='word_1_361' title='bbox 665 4016 934 4087; x_wconf 79' lang='lat' dir='ltr'><strong>expleret,</strong></span> <span class='ocrx_word' id='word_1_362' title='bbox 978 4038 1016 4071; x_wconf 85' lang='lat' dir='ltr'>x</span> <span class='ocrx_word' id='word_1_363' title='bbox 1053 4017 1165 4072; x_wconf 76' lang='lat' dir='ltr'><strong>kal.</strong></span> <span class='ocrx_word' id='word_1_364' title='bbox 1207 4017 1476 4073; x_wconf 77' lang='lat' dir='ltr'><strong>Octobres</strong></span> <span class='ocrx_word' id='word_1_365' title='bbox 1514 4036 1643 4073; x_wconf 87' lang='lat' dir='ltr'><strong><em>cum</em></strong></span> <span class='ocrx_word' id='word_1_366' title='bbox 1688 4018 1909 4089; x_wconf 79' lang='lat' dir='ltr'><strong>collega.</strong></span> <span class='ocrx_word' id='word_1_367' title='bbox 1955 4018 2017 4084; x_wconf 83' lang='lat' dir='ltr'><strong><em>Q.</em></strong></span> <span class='ocrx_word' id='word_1_368' title='bbox 2056 4018 2250 4086; x_wconf 84' lang='lat' dir='ltr'><strong>Pedio,</strong></span> <span class='ocrx_word' id='word_1_369' title='bbox 2295 4024 2425 4089; x_wconf 78' lang='lat' dir='ltr'><strong>post</strong></span> <span class='ocrx_word' id='word_1_370' title='bbox 2470 4020 2669 4076; x_wconf 87' lang='lat' dir='ltr'><strong>urbem</strong></span> 
     </span>
     <span class='ocr_line' id='line_1_42' title="bbox 369 4088 2669 4161; baseline 0.003 -20"><span class='ocrx_word' id='word_1_371' title='bbox 369 4088 654 4143; x_wconf 74' lang='lat' dir='ltr'><strong>conditam</strong></span> <span class='ocrx_word' id='word_1_372' title='bbox 701 4107 879 4143; x_wconf 77' lang='lat' dir='ltr'><strong>neon.</strong></span> <span class='ocrx_word' id='word_1_373' title='bbox 937 4105 980 4144; x_wconf 88' lang='lat' dir='ltr'><strong><em>c.</em></strong></span> <span class='ocrx_word' id='word_1_374' title='bbox 1013 4094 1100 4155; x_wconf 85' lang='lat'><strong><em>61,</em></strong></span> <span class='ocrx_word' id='word_1_375' title='bbox 1128 4095 1163 4145; x_wconf 75' lang='lat'><strong><em>4</em></strong></span> <span class='ocrx_word' id='word_1_376' title='bbox 1223 4090 1434 4144; x_wconf 88' lang='lat' dir='ltr'><strong>bellum</strong></span> <span class='ocrx_word' id='word_1_377' title='bbox 1473 4122 1540 4130; x_wconf 91' lang='lat'><em>-</em></span> <span class='ocrx_word' id='word_1_378' title='bbox 1579 4090 1654 4144; x_wconf 76' lang='lat' dir='ltr'><strong><em>ab</em></strong></span> <span class='ocrx_word' id='word_1_379' title='bbox 1702 4106 1769 4145; x_wconf 89' lang='lat' dir='ltr'><strong>eo</strong></span> <span class='ocrx_word' id='word_1_380' title='bbox 1817 4108 2026 4145; x_wconf 81' lang='lat' dir='ltr'><strong>annum</strong></span> <span class='ocrx_word' id='word_1_381' title='bbox 2082 4094 2288 4161; x_wconf 74' lang='lat' dir='ltr'><strong>agente</strong></span> <span class='ocrx_word' id='word_1_382' title='bbox 2339 4092 2669 4147; x_wconf 83' lang='lat' dir='ltr'><strong>uicesimum</strong></span> 
     </span>
     <span class='ocr_line' id='line_1_43' title="bbox 368 4158 2669 4231; baseline 0.003 -18"><span class='ocrx_word' id='word_1_383' title='bbox 368 4158 672 4214; x_wconf 76' lang='lat' dir='ltr'><strong>fortissime</strong></span> <span class='ocrx_word' id='word_1_384' title='bbox 701 4160 852 4214; x_wconf 81' lang='lat' dir='ltr'><strong>circa</strong></span> <span class='ocrx_word' id='word_1_385' title='bbox 879 4160 1160 4215; x_wconf 76' lang='lat' dir='ltr'><strong>Mutinam</strong></span> <span class='ocrx_word' id='word_1_386' title='bbox 1187 4161 1661 4216; x_wconf 70' lang='lat' dir='ltr'><strong>administratum.</strong></span> <span class='ocrx_word' id='word_1_387' title='bbox 1718 4162 1850 4218; x_wconf 77' lang='lat' dir='ltr'><strong>Liu.</strong></span> <span class='ocrx_word' id='word_1_388' title='bbox 1882 4179 1961 4231; x_wconf 80' lang='lat' dir='ltr'><strong>ep.</strong></span> <span class='ocrx_word' id='word_1_389' title='bbox 1994 4168 2101 4217; x_wconf 85' lang='lat'><strong><em>119</em></strong></span> <span class='ocrx_word' id='word_1_390' title='bbox 2138 4162 2194 4217; x_wconf 90' lang='lat' dir='ltr'><strong><em>C.</em></strong></span> <span class='ocrx_word' id='word_1_391' title='bbox 2227 4161 2433 4217; x_wconf 72' lang='lat' dir='ltr'><strong>Caesar</strong></span> <span class='ocrx_word' id='word_1_392' title='bbox 2454 4197 2519 4205; x_wconf 90' lang='lat'>—</span> <span class='ocrx_word' id='word_1_393' title='bbox 2541 4182 2669 4219; x_wconf 90' lang='lat' dir='ltr'><strong><em>cum</em></strong></span> 
     </span>
    </p>
   </div>
   <div class='ocr_carea' id='block_1_5' title="bbox 368 4230 2667 4359">
    <p class='ocr_par' dir='ltr' id='par_1_10' title="bbox 368 4230 2667 4359">
     <span class='ocr_line' id='line_1_44' title="bbox 368 4230 2667 4359; baseline 0.003 -75"><span class='ocrx_word' id='word_1_394' title='bbox 368 4247 760 4359; x_wconf 52' lang='lat' dir='ltr'><strong>aliivxitgsfflxvim</strong></span> <span class='ocrx_word' id='word_1_395' title='bbox 814 4230 1074 4302; x_wconf 76' lang='lat' dir='ltr'><strong>heberet,</strong></span> <span class='ocrx_word' id='word_1_396' title='bbox 1129 4232 1326 4287; x_wconf 77' lang='lat' dir='ltr'><strong>consul</strong></span> <span class='ocrx_word' id='word_1_397' title='bbox 1383 4236 1604 4287; x_wconf 74' lang='lat' dir='ltr'><strong>creatus</strong></span> <span class='ocrx_word' id='word_1_398' title='bbox 1661 4238 1762 4288; x_wconf 78' lang='lat' dir='ltr'><strong>eet.</strong></span> <span class='ocrx_word' id='word_1_399' title='bbox 1837 4234 2141 4289; x_wconf 73' lang='lat' dir='ltr'><strong>Drwnamt</strong></span> <span class='ocrx_word' id='word_1_400' title='bbox 2184 4236 2255 4288; x_wconf 89' lang='lat' dir='ltr'><strong><em>H.</em></strong></span> <span class='ocrx_word' id='word_1_401' title='bbox 2288 4236 2357 4290; x_wconf 83' lang='lat' dir='ltr'><strong><em>R.</em></strong></span> <span class='ocrx_word' id='word_1_402' title='bbox 2388 4236 2431 4288; x_wconf 93' lang='lat' dir='ltr'><strong><em>I</em></strong></span> <span class='ocrx_word' id='word_1_403' title='bbox 2451 4254 2510 4305; x_wconf 78' lang='lat' dir='ltr'><strong><em>p.</em></strong></span> <span class='ocrx_word' id='word_1_404' title='bbox 2542 4240 2667 4291; x_wconf 88' lang='lat'><strong><em>336.</em></strong></span> 
     </span>
    </p>
   </div>
   <div class='ocr_carea' id='block_1_6' title="bbox 2700 1738 2807 1875">
    <p class='ocr_par' dir='ltr' id='par_1_11' title="bbox 2700 1738 2807 1875">
     <span class='ocr_line' id='line_1_45' title="bbox 2700 1738 2807 1817; baseline 0 -32"><span class='ocrx_word' id='word_1_405' title='bbox 2700 1738 2807 1817; x_wconf 51' lang='grc' dir='ltr'><strong><em>ἐξ.</em></strong></span> 
     </span>
     <span class='ocr_line' id='line_1_46' title="bbox 2702 1828 2802 1875; baseline 0 0"><span class='ocrx_word' id='word_1_406' title='bbox 2702 1828 2802 1875; x_wconf 83' lang='grc'><strong><em>711</em></strong></span> 
     </span>
    </p>
   </div>
   <div class='ocr_carea' id='block_1_7' title="bbox 2705 2896 2805 3035">
    <p class='ocr_par' dir='ltr' id='par_1_12' title="bbox 2705 2896 2805 3035">
     <span class='ocr_line' id='line_1_47' title="bbox 2720 2896 2790 2946; baseline -0.014 0"><span class='ocrx_word' id='word_1_407' title='bbox 2720 2896 2790 2946; x_wconf 76' lang='lat'><strong><em>48</em></strong></span> 
     </span>
     <span class='ocr_line' id='line_1_48' title="bbox 2705 2986 2805 3035; baseline 0 0"><span class='ocrx_word' id='word_1_408' title='bbox 2705 2986 2805 3035; x_wconf 76' lang='lat'><strong><em>&#39;111</em></strong></span> 
     </span>
    </p>
   </div>
  </div>
 </body>
</html>
