3234 5034
1021 371 1283 426 AELIVS
1319 369 1570 426 IVNIVS
1607 371 1892 428 CORDVS
2303 375 2618 424 CLXXXXI

297 537 511 617 optimi
568 540 772 617 specie
819 539 1096 616 (Lampr.
1127 540 1232 617 10,
1261 539 1352 617 2),
1408 557 1588 620 quem
1635 538 1954 600 Alexandri
2005 548 2180 619 pater
2232 544 2477 603 maximi
2532 541 2619 602 fa-

297 633 496 694 ciebat
543 635 680 712 (13,
716 636 810 714 2),
855 638 1048 716 ipsius
1095 639 1354 698 uirtutes
1399 636 1729 699 laudarent.

478 731 608 794 Hoc
663 733 928 796 studium
983 737 1162 796 etiam
1218 734 1374 796 ultra
1419 734 1742 797 Alexandri
1786 737 2109 815 imperium
2156 739 2392 798 mansit.
2477 756 2615 799 nam

297 832 480 891 etiam
539 830 726 892 breue
789 833 1077 893 Maximi
1141 833 1574 913 Balbinique
1631 833 1946 896 Suetonios
2003 853 2144 895 suos
2190 842 2473 896 nanctum
2522 845 2619 897 est

294 926 578 989 Aelium
627 928 995 1009 Sabinum,
1052 933 1224 992 cuius
1278 949 1468 993 unum
1523 931 1923 1011 fragmentum
1974 941 2267 1013 superest,
2315 941 2442 995 tum
2489 934 2617 994 Va-

296 1024 564 1087 lerium
611 1026 1109 1092 Marcellinum
1157 1037 1220 1090 et
1263 1029 1556 1090 Curium
1604 1030 2227 1110 Fortunatianum,
2276 1031 2349 1092 de
2395 1031 2615 1111 quibus

294 1124 446 1185 haec
494 1123 865 1204 Capitolinus
906 1128 1111 1201 (Max.
1140 1135 1200 1188 et
1226 1129 1398 1190 Bato.
1428 1129 1488 1207 4,
1527 1130 1630 1204 5):
1676 1130 1803 1190 Sed
1831 1135 2203 1206 priusquam
2251 1132 2327 1192 de
2374 1133 2619 1192 actibus

296 1239 510 1284 eorum
561 1221 828 1300 [Maximi
885 1233 947 1286 et
991 1224 1251 1304 Balbini]
1291 1230 1529 1302 loquar,
1563 1231 1779 1304 placet
1816 1231 2027 1304 aliqua
2066 1231 2197 1290 dici
2234 1231 2310 1290 de
2344 1231 2620 1291 moribus

298 1331 485 1396 atque
535 1339 782 1401 yenere,
837 1341 960 1385 nou
1017 1342 1088 1386 eo
1142 1327 1319 1385 modo
1381 1342 1499 1400 quo
1555 1326 1777 1386 Iunius
1830 1327 2067 1387 Cordus
2119 1334 2210 1387 est
2246 1336 2619 1405 persecutus

297 1424 531 1499 omnia,
585 1423 698 1482 sed
748 1425 854 1483 illo
909 1440 1028 1499 quo
1085 1423 1414 1484 Suetonius
1465 1423 1857 1500 Tranquillus
1912 1431 1972 1485 et
2021 1425 2302 1486 Valerius
2346 1425 2615 1487 Marcel-

295 1521 478 1594 linus,
525 1523 810 1594 quamuis
854 1521 1078 1582 Curius
1113 1522 1618 1599 Fortunatianus,
1668 1527 1776 1598 qui
1821 1540 2053 1583 omnem
2094 1524 2260 1583 hanc
2295 1525 2616 1584 historiam

283 1620 678 1696 perscripsit,
710 1635 930 1694 pauca
977 1623 1325 1694 contigerit,
1381 1619 1618 1680 Cordus
1672 1637 1827 1681 uero
1874 1629 1997 1681 tam
2042 1624 2260 1695 multa,
2316 1628 2386 1681 ut
2430 1626 2619 1683 etiam

284 1717 594 1790 pleraque
642 1723 700 1776 et
743 1720 944 1776 minus
987 1718 1244 1778 honesta
1277 1722 1745 1794 perscripserit.
1818 1720 2047 1797 itaque,
2094 1720 2144 1778 si
2192 1717 2342 1779 fides
2380 1717 2617 1798 Capito·

299 1811 420 1873 lino
465 1810 741 1874 habenda
787 1822 896 1893 est,
944 1813 1239 1900 originem
1278 1832 1350 1875 ex
1388 1814 1732 1877 Marcellino
1773 1814 2001 1877 ducunt
2046 1818 2239 1895 capita
2283 1818 2413 1878 eius
2450 1819 2616 1878 uitae

300 1905 496 1990 5-7,
551 1929 704 1990 quae
767 1913 831 1971 in
897 1911 1048 1972 haec
1107 1911 1296 1973 uerba
1363 1913 1671 1975 desinunt:
1731 1909 1913 1975 ‘Haec
1970 1912 2043 1973 de
2102 1912 2371 1974 moribus
2438 1921 2617 1993 atque

300 2003 572 2086 genere.'
642 2007 912 2088 Denique
950 2005 1286 2072 ‘historiam
1335 2014 1429 2072 sui
1475 2009 1786 2093 temporis’
1829 2011 1900 2072 de
1940 2010 2327 2072 Gordianis
2374 2013 2619 2091 scripsit

303 2105 672 2167 Vulcatius
737 2107 1250 2194 Terentianae,
1323 2112 1495 2171 cuius
1567 2129 1689 2172 uno
1754 2111 2087 2189 fragmento
2150 2109 2617 2190 imperatoribus

303 2203 619 2266 Gordianis
672 2205 838 2266 fauit.

836 2499 1185 2573 AELIVS
1239 2500 1574 2574 IVNIVS
1637 2501 2003 2575 CORDVS
2024 2497 2075 2586 l)

478 2677 704 2740 Notitia
748 2678 926 2739 huius
974 2681 1306 2758 scriptoriS,
1353 2682 1456 2759 qui
1502 2679 1707 2742 multis
1754 2680 2069 2760 longisque
2116 2681 2466 2760 fragmentis
2504 2682 2617 2742 hoc

297 2777 583 2838 uolumen
641 2779 934 2856 onerauit⁷
991 2776 1104 2837 soli
1151 2775 1482 2857 Capitolino
1531 2777 1802 2857 debetur,
1851 2781 1955 2858 qui
2001 2779 2254 2840 forsitan
2298 2781 2429 2841 eius
2468 2782 2615 2842 scri-

298 2883 475 2954 ptura
521 2873 595 2934 ad
649 2877 808 2936 uitas
865 2873 1060 2936 denuo
1117 2874 1558 2955 componendas
1613 2883 1933 2938 reuocatus
1990 2879 2083 2938 sit.
2158 2896 2297 2938 nam
2354 2879 2417 2938 in
2470 2879 2619 2939 uitis

299 2971 416 3052 Pii,
462 2972 674 3051 Marci,
720 2972 886 3050 Veri,
932 2972 1266 3034 Pertinacis
1315 2972 1426 3034 sub
1473 2973 1841 3036 Diocletiano
1889 2976 2131 3054 scriptis
2184 2977 2315 3036 eius
2360 2977 2615 3037 mentio-

297 3091 438 3134 nem
485 3090 606 3133 non
653 3071 814 3150 fecit,
861 3072 926 3132 in
972 3070 1116 3132 solis
1155 3069 1346 3132 Clodii
1382 3071 1597 3151 Albini,
1644 3071 2121 3152 Maximinorum,
2160 3071 2616 3153 Gordianorum,

301 3169 540 3232 Maximi
595 3175 658 3230 et
711 3167 970 3246 Balbini,
1027 3185 1182 3247 quae
1237 3167 1349 3229 sub
1397 3167 1787 3231 Constantino
1843 3179 2010 3232 ortae
2056 3179 2213 3233 sunt.
2289 3169 2397 3232 sed
2445 3170 2617 3233 dubi·

299 3269 586 3330 tationem
639 3273 846 3327 mouet
899 3264 1080 3345 Opilii
1135 3265 1411 3345 Macrini,
1468 3286 1620 3346 quae
1677 3267 1751 3329 ad
1795 3267 2228 3331 Diocletianum
2275 3271 2459 3331 missa
2506 3279 2617 3331 est.

299 3368 363 3427 in
406 3365 522 3427 hac
566 3372 768 3426 tamen
812 3363 1023 3425 lunius
1070 3363 1301 3426 Cordus
1347 3366 1412 3424 in
1459 3364 1583 3426 solo
1630 3369 1936 3446 prooemio
1984 3375 2503 3446 commemoratur,
2548 3375 2621 3430 ut

479 3575 534 3644 1)
571 3572 634 3626 B.
671 3570 922 3626 Niehues
969 3573 1062 3626 Dc
1097 3573 1219 3626 Aet.
1260 3573 1438 3628 Cordo
1482 3590 1669 3628 rerum
1714 3575 2099 3644 Auyustwrmn
2151 3577 2438 3644 scriptore,
2492 3575 2613 3630 Ind.

297 3655 426 3709 lect..
465 3655 606 3707 aest.
651 3657 788 3707 1885
836 3651 1080 3706 Monast.
1120 3655 1310 3722 (quem
1359 3652 1455 3707 hic
1499 3653 1822 3708 nominasse
1870 3655 2011 3708 satis
2069 3653 2211 3723 erit).
2290 3653 2352 3708 G.
2393 3655 2619 3725 Tropea.

299 3734 466 3790 studi
499 3733 651 3804 degli
677 3732 875 3800 Scapt.
905 3733 1030 3786 hist.
1059 3733 1208 3803 Any.
1241 3733 1347 3788 IV.
1387 3735 1522 3788 Elio
1554 3734 1733 3789 Cordo
1762 3734 1891 3790 Vita
1928 3751 1956 3789 c
1990 3735 2327 3802 frammenti,
2363 3734 2619 3789 Messius,

300 3821 458 3883 1900,
496 3813 596 3882 qui
633 3829 746 3866 non
785 3811 968 3866 solum
1003 3812 1133 3882 ipsa
1168 3813 1492 3881 fragmenta.
1529 3813 1631 3867 sed
1669 3814 1843 3868 etiam
1872 3829 1968 3868 eas
1996 3815 2189 3884 partes
2219 3830 2288 3868 ex
2314 3814 2445 3868 hist.
2468 3814 2615 3884 Aug.

299 3895 550 3966 collegit,
586 3908 736 3961 quae
773 3907 841 3946 ex
878 3891 1060 3946 Cordo
1099 3896 1362 3963 sumptae
1400 3908 1523 3948 esse
1561 3894 1613 3948 ei
1652 3895 1997 3950 uiderentur.
2065 3893 2146 3948 cf.
2177 3893 2353 3948 etiam
2388 3895 2619 3950 Daeud-

298 3975 444 4030 liker
499 3974 562 4029 in
613 3973 936 4044 Buedinqer
989 3973 1307 4030 Untcrsuch.
1345 3991 1391 4028 s.
1429 3979 1562 4028 ro'm.
1594 3975 1970 4045 Kaiseryesch.
2009 3975 2087 4028 111
2121 3991 2178 4044 p.
2210 3980 2513 4030 soc—314.
2544 4007 2615 4016 —

299 4055 418 4110 Etsi
476 4052 834 4123 Capitolinus
888 4053 1178 4123 plerisque
1232 4052 1374 4108 locis
1417 4071 1531 4108 uno
1576 4052 1807 4109 nomine
1852 4054 2003 4108 hunc
2050 4054 2293 4109 Cordum
2341 4054 2617 4124 appellat,

299 4139 490 4191 tamen
535 4134 692 4189 idem
737 4132 957 4188 duobus
1005 4133 1092 4204 (fr.
1124 4139 1172 4188 2.
1205 4139 1256 4198 5)
1305 4150 1434 4188 eum
1480 4134 1722 4204 Aelium,
1769 4133 2021 4204 quinque
2066 4135 2289 4188 Iunium
2340 4135 2503 4202 dixit,
2548 4137 2619 4189 ut:

301 4217 409 4272 duo
459 4213 696 4270 nomina
747 4213 1007 4283 gentilia,
1061 4213 1122 4268 id
1168 4214 1322 4283 quod
1365 4216 1490 4268 tum
1533 4214 1691 4269 haud
1736 4230 1925 4268 rarum
1970 4215 2099 4284 fuit,
2146 4215 2200 4269 ei
2248 4215 2455 4270 addere
2501 4231 2615 4269 non

301 4295 702 4362 dubitatum-im,
749 4309 896 4363 quae
943 4294 1230 4349 sententia.
1275 4297 1336 4348 et.
1379 4295 1721 4349 iudiciorum
1758 4299 1817 4350 et
1854 4297 2314 4366 argumentorum
2352 4295 2615 4350 similitu-

302 4378 431 4432 dine
469 4375 850 4431 confirmatur.
