3234 5034
671 310 762 377 32
1489 310 1809 368 CORNELI
1846 310 2157 367 NEPOTIS

671 480 854 541 adicit
898 479 1096 561 Nepos
1133 479 1464 558 CornelinS,
1509 500 1544 541 a
1579 482 1799 560 quibus
1836 484 1899 541 in
1938 481 2103 541 ltalia
2140 490 2305 543 ortos
2342 482 2723 560 cognomines
2768 500 2963 541 eorum

673 578 928 639 Venetos
959 576 1012 659 †
1047 578 1296 639 credere
1341 588 1528 659 putat.

851 671 1016 739 15²⁸.
1083 679 1242 738 Ptin.
1279 698 1338 738 n.
1373 681 1434 737 Ιι.
1485 679 1578 738 ΓΙ
1601 679 1689 738 31
1766 678 1964 758 Aliqui
2026 680 2189 739 inter
2248 678 2503 739 Pontum
2566 687 2627 739 et
2690 678 2963 759 Caspium

667 794 832 836 mare
881 788 1205 836 occnxxv
1249 774 1412 835 milia
1459 794 1765 854 passuum,
1802 794 1921 837 non
1960 776 2217 856 amplius
2252 779 2546 837 interesse
2584 776 2963 855 tradiderunt,

667 873 978 934 Cornelius
1024 872 1224 952 Nepos
1267 886 1400 933 ccl,
1446 873 1629 933 milia.
2989 886 3011 925 5

848 966 1016 1035 16²⁸.
1081 973 1238 1032 Ptin.
1275 990 1336 1031 n.
1371 974 1430 1031 h.
1483 973 1574 1032 VI
1611 973 1743 1031 199
1804 972 2085 1051 Polybius
2150 976 2211 1033 in
2278 982 2545 1034 extrema
2606 972 2963 1034 Mauretania

665 1078 872 1131 contra
907 1078 1170 1131 montem
1199 1069 1496 1130 Atlantem
1533 1089 1566 1129 a
1603 1076 1767 1130 terra
1802 1070 1993 1131 stadia
2022 1086 2148 1131 vm
2184 1071 2395 1132 abesse
2430 1070 2693 1151 prodidit
2718 1070 2965 1147 Cernen,

663 1168 862 1248 Nepos
925 1168 1238 1229 Cornelius
1303 1186 1374 1228 ex
1439 1168 1695 1228 aduerso
1761 1170 2018 1229 maxime
2090 1169 2467 1248 Carthaginis
2532 1188 2565 1230 a
2628 1171 2963 1229 continente

661 1286 876 1346 passus
921 1266 1103 1345 mille,
1152 1285 1272 1326 non
1319 1266 1669 1345 ampliorem
1716 1266 1971 1327 circuitu
2019 1266 2253 1327 duobus
2300 1267 2561 1329 milibus.

845 1361 1012 1428 17²⁸.
1061 1368 1218 1426 Ptin.
1255 1386 1314 1425 n.
1350 1368 1409 1425 Ie.
1450 1366 1556 1425 IX
1593 1367 1685 1426 60
1728 1365 1899 1444 Apud
1946 1368 2222 1446 antiquos
2267 1368 2525 1445 piscium
2560 1364 2963 1427 nobilissimus
2988 1377 3033 1415 ιο

661 1464 900 1525 habitus
948 1465 1312 1543 accipenser.
1343 1498 1430 1505 —
1457 1472 1665 1542 postea
1712 1467 2093 1543 praecipuam
2142 1466 2557 1526 auctoritatem
2602 1466 2785 1525 fuisse
2828 1463 2963 1543 lupo

661 1572 722 1624 et
759 1563 960 1623 asellis
1005 1561 1320 1623 Cornelius
1367 1561 1566 1641 Nepos
1611 1572 1675 1622 et
1720 1562 2007 1623 Laberius
2064 1571 2237 1641 poeta
2281 1564 2603 1623 mimorum
2647 1560 2962 1623 tradidere.

845 1655 1008 1723 18³⁸.
1058 1663 1215 1721 Ptin.
1253 1680 1313 1720 n.
1348 1663 1406 1721 Ie.
1449 1661 1553 1720 IX
1597 1662 1723 1720 137
1770 1659 1967 1738 Nepos
2014 1658 2347 1739 Cornelius,
2396 1662 2501 1740 qui
2548 1660 2673 1721 diui
2717 1661 2963 1739 Augusti

658 1762 996 1839 principatu
1051 1758 1224 1838 obiit,
1283 1755 1459 1835 ‘Me',
1515 1760 1715 1837 inquit
1768 1754 2021 1818 ‘iuuene
2074 1757 2341 1819 niolacea
2396 1776 2663 1838 purpura
2706 1758 2963 1837 uigebat,
2982 1768 2995 1779 ·

659 1862 830 1919 cuins
883 1857 1036 1918 libra
1095 1856 1356 1917 denariis
1410 1866 1651 1916 centum
1704 1856 1973 1935 uenibat,
2028 1875 2141 1917 nec
2196 1856 2383 1917 multo
2438 1864 2575 1936 post
2628 1856 2810 1917 rubra
2857 1855 2963 1916 Ta·
2990 1866 3036 1905 1⁵

661 1960 909 2018 centina.
949 1956 1088 2017 huic
1127 1956 1417 2016 successit
1454 1953 1707 2033 dibapha
1742 1953 1937 2033 Tyria,
1982 1973 2135 2033 quae
2171 1956 2235 2015 in
2282 1954 2468 2015 libras
2506 1954 2767 2016 denariis
2802 1953 2962 2015 mille

551 2068 620 2117 63
659 2074 776 2116 non
822 2063 1054 2136 poterat
1101 2055 1236 2114 emi.
1301 2053 1410 2113 hac
1455 2052 1518 2112 P.
1559 2051 1847 2113 Lentulus
1892 2052 2178 2131 Spinther
2224 2052 2434 2113 aedilis
2470 2052 2697 2114 curulis
2732 2055 2963 2132 primus

533 2140 673 2206 6—91
657 2172 720 2213 in
767 2160 1071 2233 praetexta
1117 2171 1264 2213 usus
1311 2149 1773 2230 improbabatur,
1818 2168 1935 2229 qua
1978 2168 2245 2229 purpura
2290 2154 2429 2229 quis
2485 2170 2602 2211 non
2658 2146 2827 2227 iam',
2876 2152 2961 2209 in-

657 2255 802 2333 quit,
850 2250 1228 2312 ‘tricliniaria
1277 2246 1492 2310 facit?
2988 2278 3035 2317 ,ο

838 2343 1006 2413 19*.
1064 2351 1219 2409 Ptin.
1257 2368 1314 2409 n.
1353 2350 1410 2409 h.
1450 2349 1519 2408 Χ
1559 2349 1649 2408 60
1712 2346 2022 2408 Cornelius
2076 2346 2299 2425 Nepos,
2366 2348 2468 2427 qui
2528 2346 2655 2407 diui
2708 2348 2957 2425 Augusti

655 2451 992 2527 principatu
1037 2446 1202 2526 obiit,
1249 2464 1387 2507 cum
1433 2445 1727 2506 scriberet
1763 2444 1972 2506 'turdos
2010 2444 2186 2525 paulo
2228 2454 2365 2505 ante
2402 2454 2645 2524 coeptos
2682 2446 2962 2525 saginari,

654 2545 882 2607 addidit
935 2548 1195 2606 ciconias
1251 2546 1440 2623 magis
1495 2544 1732 2623 placere
1778 2560 1957 2624 quam
2004 2562 2202 2622 grneS,
2248 2562 2387 2604 cum
2433 2544 2581 2604 haec
2628 2562 2791 2605 nunc
2840 2542 2959 2603 ales

653 2646 812 2706 inter
854 2646 1080 2724 primas
1127 2652 1454 2722 expetatur,
1501 2642 1663 2703 illam
1708 2660 1887 2702 nemo
1930 2642 2081 2702 uelit
2125 2642 2410 2721 attigisse.

833 2738 999 2804 20²⁸.
1049 2744 1204 2803 Ptin.
1233 2760 1292 2801 n.
1321 2743 1379 2802 Ιι.
1409 2742 1591 2801 XIII
1619 2742 1751 2800 104
1796 2739 2017 2800 Eadem
2057 2741 2270 2819 Al'rica,
2316 2758 2431 2819 qua
2474 2742 2671 2818 uergit
2718 2739 2794 2800 ad
2834 2758 2959 2817 nos
2984 2770 3032 2811 ,ὅ

651 2843 946 2919 insignem
1006 2839 1281 2900 arborem
1341 2840 1502 2899 loton
1563 2840 1769 2918 gignit,
1830 2856 2009 2918 quam
2072 2846 2247 2899 uocat
2303 2836 2573 2916 celthim,
2638 2847 2698 2898 et
2766 2840 2958 2917 ipsam

651 2938 850 3000 Italiae
897 2938 1247 2999 familiarem
1294 2936 1398 2997 sed
1446 2945 1606 2997 terra
1654 2944 1956 2997 mutatam.
2031 2937 2349 3015 praecipua
2406 2945 2501 2997 est
2556 2938 2716 2996 circa
2765 2935 2959 3015 Syrtis

651 3046 828 3116 atque
864 3036 1242 3098 Nasamonas.
1317 3034 1661 3113 magnitudo
1706 3052 1857 3114 quae
1902 3037 2053 3114 piro,
2099 3051 2459 3114 quamquam
2498 3032 2695 3113 Nepos
2734 3032 2959 3095 Corne-

651 3134 766 3196 lius
811 3134 1056 3195 breuem
1105 3133 1301 3194 tradit.
1330 3168 1415 3175 —
1457 3132 1661 3210 [loa]
1702 3134 1911 3193 uinum
1948 3150 2185 3211 quoque
2224 3133 2581 3211 exprimitur
2622 3130 2711 3191 illi
2760 3130 2957 3193 simile

651 3231 868 3312 mulso,
923 3232 1082 3312 quod
1137 3232 1292 3293 ultra
1349 3230 1532 3292 denos
1590 3230 1719 3291 dies
1774 3238 1949 3309 negat
2006 3230 2223 3291 durare
2270 3227 2431 3290 idem
2479 3228 2702 3310 Nepos,
2750 3230 2955 3291 bacas·
2980 3262 3030 3302 ω

649 3350 766 3411 que
813 3333 1082 3392 concisas
1129 3349 1264 3392 cum
1311 3330 1458 3390 alica
1505 3329 1578 3391 ad
1626 3328 1791 3389 cibos
1840 3328 2011 3389 doliis
2059 3328 2251 3389 condi.

831 3422 999 3491 21³⁸.
1051 3430 1205 3489 Ptin.
1245 3446 1302 3488 n.
1340 3430 1397 3488 h.
1437 3428 1606 3488 XVI
1644 3428 1733 3488 36
1780 3426 2072 3487 Scandula
2111 3434 2442 3487 contectam
2480 3427 2666 3487 fuisse
2704 3426 2953 3488 Romam

647 3528 722 3588 ad
759 3527 972 3606 Pyrrhi
1007 3545 1199 3606 usque
1238 3525 1457 3587 bellum
1494 3526 1665 3585 annis
1697 3538 2011 3585 CCCCLXX
2041 3522 2353 3585 Cornelius
2382 3523 2579 3603 Nepos
2602 3534 2819 3585 auctor
2849 3533 2954 3586 est.

827 3695 926 3755 14.
965 3700 1063 3753 Ea:
1101 3699 1290 3753 Plinio
1326 3705 1377 3751 et
1411 3714 1524 3752 rem
1559 3704 1609 3751 et
1638 3712 1835 3751 nomen
1862 3698 2093 3766 Nepotis
2116 3698 2351 3766 sumpsit
2378 3696 2603 3751 Solinus
2630 3702 2803 3763 44,1,
2840 3714 2951 3751 rem

649 3772 976 3827 Martianus
1013 3771 1145 3839 Gap.
1187 3770 1274 3821 VI
1306 3773 1429 3824 689.

827 3842 924 3898 17.
977 3842 1130 3912 Quae
1173 3842 1480 3909 insequenti
1520 3840 1877 3909 paranympho
1915 3838 2143 3895 Plinius
2178 3840 2377 3905 tradit,
2420 3840 2664 3895 Ioannes
2698 3840 2851 3910 Lyd.

643 3932 784 3985 may.
807 3915 919 3967 III
941 3918 1012 3968 63
1033 3916 1232 3982 p.154
1262 3912 1344 3966 W.
1375 3912 1451 3965 ad
1482 3912 1723 3966 Cornelii
1752 3912 1985 3979 Nepoti-9
2010 3911 2310 3966 etLaberii
2336 3912 2715 3967 auctoritatem
2750 3914 2853 3979 ref

646 3988 888 4042 auctoris
923 3987 1044 4040 eius
1079 4000 1257 4039 errore
1293 3985 1486 4037 leuiter
1519 3984 1651 4037 haee
1686 3998 1753 4037 ex
1789 3983 1981 4037 Plinio
2016 3983 2293 4051 exam-{pta
2328 3990 2501 4039 erant.

825 4056 924 4112 21.
980 4057 1136 4122 Conf.
1181 4055 1318 4110 Gen.
1361 4055 1555 4108 XVII
1581 4058 1674 4121 21,
1703 4058 1777 4109 37
1815 4054 1937 4123 (qui
1978 4054 2079 4108 hoe
2122 4062 2291 4123 caput
2339 4054 2579 4124 ‘Qui-bue
2614 4056 2951 4123 temporibus

827 4216 943 4303 14,
993 4227 1048 4282 2.
1097 4224 1367 4300 postulat.
1394 4242 1430 4290 ς
1461 4241 1532 4281 ea.
1559 4223 1633 4281 de
1658 4242 1724 4281 re
1761 4225 1941 4299 putat
1967 4223 2120 4281 Dea.
2161 4240 2222 4281 se
2261 4220 2495 4281 eredere
2527 4219 2764 4299 [putat]
2800 4224 2855 4283 J
2850 4242 2946 4282 cm.

826 4305 941 4393 16,
993 4316 1047 4373 9.
1095 4311 1287 4388 mille]
1325 4310 1371 4372 i
1415 4314 1536 4373 cod.
1575 4312 1849 4372 Riocard.
