3234 5034
1063 337 1121 400 Ο.
1161 339 1447 400 PLINIVS
1485 337 1862 401 SECVNDVS
2374 347 2615 398 omnm

311 512 498 575 cando
555 511 794 576 Nerone
858 513 1250 595 pluribusque
1306 516 1576 576 minutiis
1643 514 1999 596 flagitiisque
2064 514 2407 596 promendis
2416 563 2433 594 ,
2500 535 2613 595 qua

311 611 555 692 quidem
601 614 666 673 in
705 631 771 673 re
809 611 1078 674 Suetonii
1115 613 1370 674 similior
1407 621 1498 674 est
1535 614 1644 691 (cf.
1676 633 1770 675 ex.
1797 633 1893 691 qr.
1926 616 2179 676 Dionem
2209 615 2313 690 61,
2354 616 2435 675 11
2477 633 2613 676 cum

311 711 606 773 Suetonio
655 729 706 772 e.
745 711 881 788 28),
920 730 1054 772 011111
1103 711 1358 773 naturali
1393 711 1643 773 historia
1679 714 2044 773 consentiret
2056 706 2127 796 1),
2176 731 2295 774 11011
2341 713 2611 774 Tacitum

311 807 418 870 sed
463 808 641 870 Plinii
689 809 970 870 historias
1015 817 1287 870 secutum
1345 827 1476 871 esse
1523 812 1694 890 quasi
1738 828 1847 890 pro
1896 819 2061 872 certo
2104 830 2278 892 110110,
2326 819 2427 872 aut
2472 812 2612 872 hinc

307 907 616 987 profectus
671 916 912 988 praeter
953 906 1226 969 Tacitum
1281 910 1460 969 etiam
1522 908 1897 988 Suetonium,
1958 908 2300 972 quenalem
2362 912 2610 990 eiusque

309 1005 717 1087 scholiastam,
783 1009 1134 1088 scriptorem
1204 1005 1540 1086 tragoediae
1594 1005 1875 1068 Octauiae
1936 1026 2003 1068 ex
2063 1010 2153 1070 eis
2206 1026 2311 1069 sua
2375 1006 2446 1069 de
2510 1009 2611 1070 illo

307 1105 671 1184 imperatore
736 1104 1006 1166 hausisse
1071 1104 1377 1166 concludo.
1470 1124 1608 1167 nam
1672 1105 1781 1165 Dio
1846 1108 2023 1168 etiam
2088 1106 2392 1168 acerbiore
2475 1107 2611 1168 odio

319 1221 499 1283 quam
561 1205 624 1264 in
678 1203 840 1264 hunc
892 1205 956 1264 in
1004 1203 1292 1265 Senecam
1337 1203 1753 1285 philosophum
1800 1204 1995 1285 ardet,
2050 1224 2227 1285 quem
2284 1207 2399 1267 etsi
2444 1207 2615 1267 initio

305 1301 824 1384 φρονιμώτατον
885 1296 996 1363 καὶ
1065 1299 1536 1364 δυνατώτατον
1612 1302 1935 1382 appellauit
1999 1305 2131 1380 (61,
2195 1305 2256 1383 3,
2319 1305 2410 1383 3),
2488 1312 2611 1365 stu·

305 1418 485 1480 prum
535 1419 672 1461 cum
717 1400 863 1462 Iulia
910 1401 1348 1480 Agrippinaque
1394 1401 1608 1461 fecisse
1657 1401 1791 1478 (61,
1832 1401 1933 1478 10,
1974 1402 2043 1476 1)
2092 1400 2431 1482 Neronique
2476 1421 2613 1483 per-

309 1501 573 1560 suasisse
634 1501 891 1580 scripsit,
951 1506 1019 1559 ut
1073 1507 1322 1560 matrem
1381 1499 1681 1560 occideret
1732 1500 1866 1577 (61,
1917 1500 2017 1579 12,
2068 1501 2154 1579 1),
2216 1507 2339 1561 tum
2408 1511 2609 1562 contra

307 1596 476 1658 illum
527 1599 872 1659 coniurasse
921 1597 1055 1677 (62,
1103 1597 1246 1676 24),
1302 1597 1581 1659 Paulinae
1640 1600 1839 1678 uxori,
1905 1617 2039 1659 cum
2099 1600 2229 1677 ipse
2284 1601 2610 1660 moriturus

308 1703 486 1776 esset,
525 1697 750 1758 inuitae
797 1705 1049 1758 mortem
1095 1714 1338 1776 parasse
1387 1696 1520 1776 (62,
1566 1697 1703 1774 25),
1760 1696 1918 1776 1111011
1962 1694 2163 1758 odium
2211 1699 2323 1758 etsi
2370 1697 2611 1760 Tacitus

307 1813 428 1854 non
495 1795 809 1874 ignorauit,
875 1813 1011 1855 cum
1067 1794 1129 1856 P.
1178 1793 1452 1855 Suillium
1501 1794 1719 1855 similia
1765 1796 1818 1855 ei
1878 1795 2333 1875 exprobrantem
2390 1797 2613 1858 faceret

309 1895 482 1966 (ann.
551 1893 665 1971 13,
732 1893 817 1954 42
835 1896 980 1972 ες),
1056 1895 1119 1954 in
1193 1891 1448 1955 naturali
1522 1899 1721 1954 tamen
1794 1893 2040 1954 historia
2133 1913 2205 1955 ne
2288 1897 2609 1973 uestigium

308 1989 552 2070 quidem
618 1993 747 2053 eius
820 1993 1146 2071 reperitur,
1221 1992 1402 2053 immo
1478 2011 1594 2071 quo
1669 2011 1789 2053 uno
1863 1990 1992 2053 loco
2068 1992 2326 2054 Senecae
2393 1992 2609 2054 indolis

307 2091 534 2150 mentio
591 2089 682 2168 fit,
743 2089 814 2152 de
870 2089 970 2151 illo
1021 2087 1314 2170 ‘principe
1372 2098 1498 2151 tum
1551 2089 1905 2151 eruditionis
1961 2110 2028 2152 ac
2083 2093 2399 2170 potentiae,
2457 2110 2607 2171 quae

306 2197 612 2267 postremo
667 2189 852 2250 nimia
909 2190 1030 2249 ruit
1086 2206 1269 2267 super
1322 2190 1546 2267 ipsum,
1601 2189 1848 2249 minime
1904 2189 2109 2268 utique
2156 2191 2437 2251 miratore
2484 2191 2609 2252 ina-

307 2282 500 2347 nium’
551 2288 692 2366 (14,
750 2287 885 2366 51),
953 2305 1090 2348 011111
1155 2285 1488 2347 laudatione
1555 2286 1867 2348 iudicatur.
1964 2289 2125 2366 atqui
2188 2286 2437 2349 Dionem
2499 2288 2612 2349 hac

307 2383 571 2446 Senecae
627 2384 852 2446 inuidia
909 2386 1307 2446 narrationem
1363 2384 1694 2445 Plinianam
1758 2386 1955 2464 ipsum
2012 2385 2292 2447 infecisse
2342 2405 2460 2447 non
2519 2395 2610 2448 est

307 2502 416 2545 cur
487 2491 770 2564 putemus
779 2531 798 2562 ,
872 2502 1046 2564 quam
1113 2483 1187 2544 ob
1255 2502 1382 2546 rem
1446 2482 1593 2545 illud
1658 2483 1897 2563 quidem
1973 2483 2353 2547 concedimus
2426 2485 2607 2546 multa

305 2579 531 2642 Dionea
573 2581 832 2643 Plinium
883 2580 1178 2662 redolere,
1239 2581 1407 2644 uelut
1452 2580 1635 2661 quod,
1691 2589 1757 2642 ut
1802 2581 2107 2662 Poppaeae
2165 2582 2459 2644 luxuriam
2509 2583 2607 2646 de-

305 2682 538 2760 pingat,
576 2679 783 2740 eadem
825 2679 938 2741 duo
978 2679 1244 2760 exempla
1290 2681 1463 2741 all'ert
1497 2673 1632 2764 (62,
1680 2673 1817 2764 28),
1854 2698 2007 2760 quae
2035 2681 2324 2743 naturalis
2362 2682 2611 2743 historia

308 2771 442 2862 (33,
477 2774 624 2840 140.
662 2774 762 2856 11,
791 2773 973 2865 238),
1011 2773 1108 2840 ‘e’x
1145 2775 1270 2860 γὰρ
1309 2787 1444 2840 τῶν
1479 2775 1914 2860 βραχυτάτων
1948 2785 2082 2841 πᾶν
2121 2777 2605 2861 δηλωθήσεται’

307 2874 534 2938 addens
589 2869 877 2961 (Plinium
939 2879 1135 2958 ipsum
1199 2875 1404 2938 audire
1467 2875 1639 2938 nobis
1697 2871 2030 2962 uidemur),
2088 2896 2159 2938 ex
2218 2880 2349 2958 ipso
2408 2886 2605 2941 tamen

305 2975 498 3037 Plinio
535 2975 784 3037 Dionem
821 2976 1105 3038 maiorem
1144 2983 1373 3055 partem
1411 2977 1697 3037 materiae
1742 2994 1863 3036 non
1910 2978 2253 3056 sumpsisse.
2318 2979 2499 3038 immo
2538 2979 2607 3057 si,

305 3079 374 3136 ut
419 3072 713 3136 Gerckius
765 3073 976 3153 uoluit,
1032 3074 1140 3135 Dio
1188 3075 1428 3135 omnino
1476 3073 1548 3135 ab
1593 3093 1715 3136 uno
1762 3081 2003 3136 auctore
2048 3074 2286 3154 pendet,
2343 3075 2441 3136 bic
2486 3093 2607 3137 non

307 3171 420 3233 fuit
446 3171 679 3233 Plinius
714 3174 845 3252 ipse
885 3172 992 3234 sed
1030 3171 1180 3233 alius
1217 3174 1475 3252 scriptor
1511 3180 1701 3234 aetate
1740 3171 1827 3232 illi
1872 3174 2140 3253 propior,
2196 3175 2299 3253 qui
2344 3193 2413 3236 eo
2462 3193 2607 3235 usus

308 3264 510 3354 erat.²)
605 3269 766 3342 Quae
814 3289 949 3332 cum
999 3289 1094 3332 res
1140 3273 1220 3332 ita
1268 3273 1389 3332 sint
1435 3278 1825 3351 comparatae,
1871 3273 2149 3351 quoniam
2189 3280 2349 3333 certa
2386 3271 2606 3335 indicia

309 3368 544 3450 desunt,
589 3367 806 3448 quibus
853 3387 1006 3449 quae
1053 3368 1357 3449 Cluuiana,
1403 3388 1552 3449 quae
1597 3369 1854 3430 Fabiana
1903 3388 2035 3431 esse
2080 3369 2415 3449 uideantur,
2462 3389 2605 3432 enu-

307 3466 488 3528 cleari
541 3469 757 3547 possit,
813 3487 909 3529 me
962 3469 1044 3528 ita
1101 3469 1400 3547 contineo,
1461 3475 1527 3528 ut
1573 3467 1827 3529 Neronis
1882 3470 2065 3529 uitam
2123 3486 2195 3528 ex
2252 3469 2443 3530 tribus
2491 3469 2605 3532 filis

307 3563 510 3646 Plinii,
570 3565 792 3646 Cluuii,
847 3565 1012 3628 Fabii
1068 3585 1101 3627 a
1152 3565 1356 3628 Tacito
1403 3573 1737 3627 contextam
1786 3585 1917 3628 esse
1966 3573 2246 3647 statuam,
2302 3575 2363 3628 at
2406 3569 2468 3628 in
2516 3569 2605 3628 in·

308 3672 472 3726 certo
511 3664 860 3746 relinquam,
910 3671 968 3726 et
1018 3684 1164 3727 num
1209 3683 1358 3744 quos
1405 3664 1551 3725 alios
1600 3674 1873 3727 auctores
1912 3664 2343 3726 consultauerit
2361 3658 2414 3749 ⁸)
2464 3674 2525 3726 et
2571 3685 2603 3726 a

487 3883 542 3954 1)
577 3881 848 3938 Portenta
883 3883 1036 3953 apud
1072 3881 1312 3937 Dionem
1351 3899 1478 3938 cum
1514 3899 1663 3937 anno
1702 3880 1913 3955 45s798
1950 3879 2247 3952 incipiunt.

484 3967 540 4033 2)
578 3961 705 4018 Non
741 3961 802 4030 in
840 3962 1098 4017 omnibus
1133 3964 1302 4018 rebus
1331 3963 1438 4018 Dio
1475 3979 1604 4017 eum
1632 3962 1817 4017 Plinio
1856 3965 2051 4016 contra,
2079 3961 2339 4016 Tacitum
2376 3979 2606 4017 consen-

307 4041 405 4110 tit,
423 4025 602 4097 fflelut
635 4043 830 4097 Iunius
869 4042 1094 4098 Silanus
1139 4043 1289 4114 apud
1326 4043 1565 4099 Dionem
1603 4046 1710 4114 (61,
1740 4047 1791 4110 6,
1819 4043 1873 4110 4)
1912 4044 1971 4096 et
2005 4041 2263 4096 Tacitum
2300 4045 2409 4111 (13,
2441 4045 2493 4112 1)
2532 4044 2605 4097 ab

307 4121 622 4194 Agrippina
659 4122 962 4193 occiditur,
1007 4124 1183 4179 etiam
1227 4123 1426 4194 ignaro
1459 4123 1708 4190 Nerone,
1738 4125 1804 4177 ut
1838 4122 1931 4176 hie
1968 4121 2147 4190 addit,
2178 4122 2328 4192 apud
2358 4121 2605 4177 Plinium

307 4219 522 4258 ueneno
559 4202 800 4259 Neronis
839 4207 911 4276 (7,
941 4207 1046 4275 58).

483 4287 538 4354 3)
595 4283 968 4341 Corbulonem
1022 4302 1125 4355 per
1179 4285 1426 4339 Plinium
1483 4284 1543 4338 in
1598 4283 1784 4338 Taciti
1839 4283 2219 4353 cognitionem
2274 4283 2601 4354 peruenisse

308 4363 532 4421 fuerunt
567 4364 668 4435 qui
706 4363 1134 4434 arbitrarentur,
1171 4365 1286 4420 uid.
1317 4384 1358 4420 s.
1388 4383 1440 4434 p.
1473 4384 1675 4418 cxxxvx
1703 4382 1785 4432 sq.
