3234 5034
1126 323 1404 380 MARIVS
1441 325 1782 418 MAXJMJS
2347 331 2609 379 CLXXXI

294 492 537 569 ingenia
603 490 841 551 illarum
907 493 1174 570 gentium
1240 492 1693 554 considerantes
1755 495 1965 555 mirari
2032 493 2391 557 desinemus,
2465 495 2611 576 quid

293 586 456 668 quod
504 591 686 650 etiam
732 587 958 650 Marius
993 587 1284 650 Maximus
1330 589 1540 651 florem
1587 590 1902 671 quendam,
1942 592 2137 673 qualia
2175 600 2301 654 tum
2338 602 2610 673 tempora

295 694 496 765 erant,
543 690 1046 767 repraesentauit,
1102 696 1264 749 certe
1312 691 1415 768 qui
1464 707 1600 750 eum
1650 697 1893 752 secutus
1940 699 2057 770 est,
2106 691 2314 752 lunius
2362 691 2610 770 Cordus,

295 792 358 845 et
411 784 638 846 iudicio
694 794 756 847 et
809 784 927 846 fide
981 785 1235 847 multum
1291 785 1365 847 ab
1420 804 1492 848 eo
1540 786 1819 867 delapsus
1866 797 1981 867 est,
2030 791 2474 870 scriptoresque
2520 790 2609 851 hi-

295 884 518 944 storiae
563 883 867 962 Augustae
910 882 1265 945 Diocletiani
1312 892 1372 945 et
1427 884 1801 946 Constantini
1856 887 2060 948 fauore
2115 890 2211 949 usi
2271 889 2489 968 partim
2542 891 2611 950 in

297 983 576 1061 epitomis
633 980 1058 1044 contrahendis
1113 984 1550 1062 acquieuerunt
1603 986 1820 1062 partim
1884 986 2097 1046 inscita
2158 987 2490 1048 imitatione
2546 989 2609 1048 in

295 1079 726 1142 absurditatem
775 1087 838 1141 et
881 1078 1152 1141 fraudem
1201 1079 1650 1142 aberrauerunt.

473 1178 523 1239 A
572 1178 844 1240 Suetonii
888 1181 1077 1258 igitur
1120 1180 1266 1240 uitis
1312 1186 1372 1241 et
1417 1179 1709 1259 exemplis
1757 1198 2005 1242 exorsus
2040 1181 2263 1242 Marius
2299 1181 2609 1263 Maximus,

293 1283 362 1336 ut
414 1275 548 1356 ille,
604 1275 916 1338 duodecim
974 1279 1404 1356 imperatorum
1461 1279 1615 1338 uitas
1672 1281 1942 1358 scripsit,
1990 1278 2223 1341 Neruae
2276 1288 2336 1341 et
2383 1299 2609 1360 eorum,

293 1376 398 1453 qui
445 1393 638 1454 usque
685 1373 760 1435 ad
805 1373 1252 1454 Heliogabalum
1299 1384 1740 1437 successerunt.
1816 1379 2030 1438 citatae
2088 1385 2227 1439 sunt
2283 1373 2611 1464 Tra1an1¹)‚

292 1479 421 1544 tum
488 1471 776 1534 Hadriani
833 1474 948 1551 (fr
986 1472 1030 1533 8
1069 1475 1194 1534 adn
1197 1478 1262 1551 J,
1326 1472 1513 1534 Marci
1567 1475 1973 1548 (11.12.13
2020 1478 2212 1554 adn),
2277 1476 2609 1538 Pertinacis

295 1570 462 1650 (18),
518 1569 797 1651 Septimii
854 1569 1066 1631 Seueri
1113 1571 1245 1644 (19.
1286 1572 1419 1650 20),
1475 1569 1844 1652 Heliogabali
1892 1574 2056 1651 (26),
2114 1573 2329 1635 deinde
2396 1593 2609 1636 secun-

295 1667 436 1730 dum
487 1670 617 1730 eius
666 1670 1078 1730 auctoritatem
1127 1668 1349 1729 relatae
1396 1687 1512 1748 reS,
1559 1688 1711 1750 quae
1757 1674 2063 1750 pertinent
2109 1671 2180 1733 ad
2228 1675 2479 1753 imperia
2518 1673 2609 1734 Pii

293 1767 414 1844 (9),
463 1766 775 1828 Commodi
814 1768 948 1840 (14.
980 1767 1082 1827 15.
1114 1767 1248 1846 16),
1289 1767 1536 1828 fortasse
1577 1770 1757 1829 etiam
1795 1768 1868 1829 ad
1907 1768 2141 1831 Neruae
2170 1771 2290 1845 (1).
2350 1771 2608 1851 denique

293 1882 391 1924 res
427 1882 552 1926 non
592 1862 770 1926 dubia
809 1871 917 1943 est,
946 1867 1092 1944 quin
1131 1872 1193 1926 et
1221 1863 1570 1926 Suetonium
1613 1870 2056 1928 continuauerit
2094 1877 2153 1928 et
2195 1877 2329 1929 ante
2359 1869 2607 1930 Alexan-

294 1961 472 2023 drum
511 1961 804 2024 Seuerum
851 1961 1209 2041 substiterit,
1253 1972 1322 2024 ut
1368 1962 1469 2024 ille
1517 1970 1653 2024 ante
1692 1963 1951 2025 Neruam
1991 1964 2449 2045 Traianumque,
2488 1968 2523 2026 i.
2556 1986 2607 2028 e.

291 2069 430 2123 ante
497 2063 736 2122 initium
802 2060 1090 2123 felicioris
1153 2061 1402 2140 saeculi,
1459 2080 1577 2140 quo
1632 2071 1886 2142 uterque
1944 2062 2017 2124 ad
2064 2062 2449 2125 scribendum
2496 2066 2607 2125 im-

291 2159 502 2239 pulsus
551 2168 694 2220 erat.
755 2161 982 2220 uixisse
1029 2161 1215 2238 igitur
1257 2159 1503 2220 uidetur
1548 2158 1659 2221 sub
1698 2160 2047 2240 Alexandm,
2094 2161 2155 2222 id
2204 2162 2361 2242 quod
2409 2163 2481 2223 fr.
2525 2159 2609 2224 14

293 2258 710 2336 confirmatur,
767 2276 886 2337 quo
943 2257 1388 2318 adulescentem
1443 2257 1542 2318 uel
1597 2260 1880 2320 iuuenem
1932 2261 2251 2339 imperium
2301 2259 2609 2321 Commodi

293 2373 359 2417 se
403 2354 634 2417 uidisse
680 2363 953 2417 testatur.

472 2452 598 2514 Hoc
664 2460 865 2515 autem
929 2455 1060 2514 eius
1126 2452 1442 2515 consilium
1511 2461 1665 2533 erat,
1729 2463 1797 2515 ut
1868 2464 2219 2535 perpetuam
2292 2456 2607 2518 historiam

292 2549 644 2630 Romanam,
701 2555 800 2612 cui
855 2549 1306 2630 complectendo
1353 2552 1663 2630 ingenium
1712 2555 1905 2632 impar
1950 2561 2135 2632 esset,
2183 2557 2246 2615 in
2291 2557 2450 2616 uitas
2496 2557 2579 2615 im

291 2657 638 2729 perator-um
687 2648 1049 2710 dissolueret
1093 2657 1154 2710 et
1199 2649 1463 2727 singulas
1500 2667 1610 2729 per
1648 2668 1711 2711 se
1752 2651 2193 2729 cognoscendas
2230 2661 2290 2714 et
2326 2651 2608 2730 legendas

294 2747 518 2827 ederet,
583 2765 778 2826 neque
839 2745 1085 2808 uidetur
1146 2749 1379 2808 ueritus
1445 2765 1603 2826 esse,
1668 2766 1745 2808 ne
1811 2748 2061 2810 eandem
2126 2768 2256 2810 rem
2320 2752 2384 2810 in
2446 2750 2609 2812 binis

292 2845 565 2925 referret,
631 2846 686 2906 si
751 2843 1064 2906 decedenti
1125 2852 1185 2906 et
1248 2844 1593 2905 succedenti
1658 2848 2003 2924 imperatori
2060 2850 2391 2908 communis
2446 2856 2610 2910 esset

296 2945 492 3017 (Plew
526 2964 596 3022 p.
636 2944 725 3005 13
751 2945 927 3020 sqq.).
999 2952 1286 3023 tyrannos
1351 2949 1548 3004 autem
1611 2946 1843 3023 proprii
1898 2943 2036 3005 libri
2090 2945 2317 3006 honore
2375 2945 2609 3024 dignari

293 3041 483 3103 noluit
495 3035 567 3126 ²),
615 3043 720 3122 qui
759 3044 846 3102 eis
883 3047 1088 3120 postea
1127 3059 1160 3100 a
1197 3040 1368 3101 lunio
1406 3038 1597 3101 Cordo
1638 3041 1899 3102 tributus
1937 3051 2046 3120 est,
2091 3043 2154 3102 in
2194 3063 2313 3123 quo
2356 3062 2606 3105 numero

293 3158 428 3201 cum
477 3138 746 3219 Opellius
796 3131 1086 3222 (Opilius)
1126 3136 1426 3200 Macrinus
1467 3138 1709 3200 habitus
1748 3158 1868 3200 non
1906 3149 2083 3219 esset,
2133 3139 2388 3202 eundem
2427 3160 2605 3220 quem

292 3238 438 3300 alios
475 3239 872 3318 imperatores
909 3255 1047 3298 eum
1085 3239 1389 3317 accepisse
1429 3239 1720 3316 sequitur.
1734 3231 1787 3322 ⁸)
1837 3237 2125 3298 librorum
2161 3238 2403 3300 uinculo
2443 3258 2603 3300 com-

475 3438 526 3505 1)
562 3435 848 3505 Lamprid.
879 3434 1040 3490 Alex.
1071 3434 1195 3488 Seu.
1225 3440 1315 3502 48,
1347 3440 1376 3488 6
1416 3435 1540 3489 Scio
1569 3435 1803 3504 uulgum
1828 3437 1971 3491 hanc
1996 3453 2111 3491 rem
2138 3455 2306 3506 quam
2332 3441 2607 3506 contexui,

299 3517 540 3572 Roiani
563 3520 786 3585 putare,
830 3515 926 3570 sed
969 3531 1141 3584 neque
1185 3517 1250 3570 in
1293 3517 1418 3570 uita
1464 3517 1582 3568 eius
1617 3514 1679 3566 id
1718 3515 1947 3570 Marius
1984 3519 2280 3572 Maximus
2324 3520 2408 3572 ita
2443 3535 2603 3588 empo-

291 3599 404 3652 suit
435 3613 610 3666 neque
648 3602 700 3651 et
734 3612 782 3664 q.
811 3612 854 3650 s.

471 3677 524 3745 2)
561 3675 791 3747 Vopinc.
820 3675 988 3732 Firm.
1023 3683 1071 3744 1,
1103 3681 1131 3729 1
1183 3676 1540 3732 Minusculos
1583 3683 1855 3749 tyrannos
1896 3680 2009 3733 scio
2044 3679 2335 3747 plerosque
2370 3681 2605 3734 tacuisse

291 3764 392 3813 aut
435 3757 674 3813 breuiter
710 3759 1052 3827 praeterisse.
1108 3773 1242 3811 nam
1287 3762 1339 3812 et
1383 3755 1682 3813 Suetonius
1722 3759 2095 3828 Tranquillus,
2132 3758 2605 3814 emendatissimus

291 3845 342 3893 et
383 3837 822 3894 candidissimus
870 3839 1128 3906 scriptor,
1174 3838 1484 3892 Antonium
1529 3837 1917 3906 Vindicemque
1962 3839 2163 3904 tacuit,
2217 3845 2501 3894 contentus
2545 3857 2605 3894 eo

292 3920 436 3988 quod
488 3933 580 3974 eos
632 3919 840 3972 cursim
885 3919 1313 3987 peremta-verat,
1369 3925 1420 3972 et
1471 3919 1703 3973 Marius
1746 3919 2041 3972 Maximus
2086 3919 2359 3974 Auidium
2413 3920 2609 3975 Marci

291 3999 640 4068 temporibus,
693 3999 968 4053 ,Albinum
1021 4004 1075 4051 et
1126 3998 1372 4068 Niyrum
1426 3997 1620 4052 Seueri
1671 4015 1787 4052 nou
1839 4000 1958 4052 suis
2004 4001 2254 4067 propriis
2309 4001 2467 4055 libris
2508 4001 2605 4055 sed

293 4079 490 4133 alicnis
524 4079 804 4132 innexuit.
861 4076 942 4133 cf.
971 4077 1038 4131 fr.
1074 4081 1157 4131 19.

469 4161 522 4228 8)
559 4157 720 4212 Infra.
763 4175 817 4228 p.
859 4175 1074 4212 cmxv
1119 4156 1362 4211 Marium
1399 4155 1711 4211 Maximum
1767 4157 2035 4212 habuisse
2087 4175 2447 4228 exponemus,
2504 4177 2604 4215 cur

293 4235 514 4308 Opellio
561 4237 810 4309 gratiam
853 4235 1106 4303 referret,
1152 4251 1336 4305 neque
1374 4238 1711 4292 aduersatus
1756 4238 1879 4292 eius
1913 4238 2039 4292 uita
2076 4255 2111 4292 a.
2148 4237 2469 4307 Capitolino
2511 4241 2601 4294 ‘ex

295 4317 534 4376 diuersis
571 4316 829 4372 historiis
867 4317 1050 4372 eruta’
1081 4321 1153 4387 (1,
1185 4319 1236 4386 1)
1272 4315 1368 4372 uel
1410 4315 1505 4371 ‘de
1541 4317 1804 4388 plurimis
1843 4317 2105 4374 collecta’
2145 4322 2251 4390 (15,
2282 4321 2352 4388 4),
2389 4319 2451 4373 in
2487 4337 2603 4389 qua
