3234 5034
1265 362 1606 419 ANNALES
2506 362 2591 428 89

292 532 571 610 crimine,
628 530 784 610 quod
838 529 1014 592 editis
1070 531 1378 593 annalibus
1435 530 1787 610 laudatoque
1842 528 1916 591 M.
1962 530 2148 593 Bruto
2204 531 2266 594 C.
2322 531 2591 593 Cassium

291 630 690 691 Romanorum
744 628 1020 691 ultimum
1087 629 1348 692 dixisset.
1441 628 1801 691 accusabant
1864 628 2095 690 Satrius
2160 630 2470 691 Secundus
2534 639 2595 692 et

293 728 571 789 Pinarius
617 726 812 807 Natta,
879 728 1078 789 Seiani
1144 729 1410 791 clientes,
1503 726 1567 788 id
1631 726 2020 808 perniciabile
2086 746 2206 809 reo,
2262 736 2323 790 et
2378 728 2595 791 Caesar

291 828 445 888 truci
529 826 703 888 uultu
787 825 1189 889 defensionem
1271 828 1588 907 accipiens.
1702 845 1879 906 quam
1964 826 2303 889 Cremutius
2311 874 2329 907 ‚
2414 827 2591 889 reiin-

243 944 268 986 ι
295 925 564 1005 quendae
611 927 769 986 uitae
817 933 1043 1005 certus,
1097 927 1174 986 in·
1217 925 1376 986 hunc
1431 925 1676 986 modum
1723 943 1971 987 exorsus
2019 933 2137 987 est:
2185 922 2399 987 ‘Verba
2444 944 2592 1004 mea,

293 1031 494 1103 patres
559 1025 899 1103 conscripti,
965 1032 1322 1103 arguuntur:
1387 1023 1532 1085 adeo
1597 1023 1889 1085 factorum
1952 1026 2241 1085 innocens
2308 1043 2457 1085 sum.
2508 1058 2591 1068 —

297 1123 546 1184 Brutum
612 1131 673 1183 et
735 1122 1004 1184 Cassium
1065 1122 1404 1185 laudauisse
1469 1122 1653 1203 dicor,
1715 1141 1967 1203 quorum
2033 1142 2131 1185 res
2193 1131 2391 1202 gestas
2458 1142 2595 1185 cum

297 1221 538 1301 plurimi
585 1222 1044 1301 composuerint,
1091 1240 1266 1285 nemo
1313 1224 1443 1283 sine
1491 1222 1715 1285 honore
1762 1223 2133 1283 memorauit.
2150 1216 2167 1243 '

473 1313 596 1383 4⁵⁸².
645 1320 806 1383 Suet.
846 1321 1003 1396 Auo.
1039 1322 1128 1381 35
1175 1321 1525 1382 Senatorum
1573 1320 1917 1381 affluentem
1974 1339 2289 1382 numerum
2349 1320 2596 1382 deformi

229 1435 276 1475 ιο
300 1425 357 1479 et
400 1417 702 1480 incondita
749 1418 920 1479 turba
959 1454 1043 1462 —
1083 1418 1156 1480 ad
1201 1417 1440 1481 modum
1485 1420 1809 1498 pristinum
1856 1426 1915 1479 et
1952 1417 2327 1498 splendorem
2370 1418 2597 1498 redegit

303 1515 528 1578 duabus
573 1515 958 1578 lectionibus:
1004 1520 1196 1597 prima
1239 1519 1508 1598 ipsorum
1547 1516 1855 1595 arbitratu,
1904 1536 2020 1597 quo
2066 1520 2165 1578 uir
2198 1519 2396 1579 uirum
2436 1517 2594 1597 legit,

302 1613 559 1676 secunda
619 1634 727 1677 suo
789 1625 848 1677 et
901 1616 1225 1697 Agrippae3
1290 1636 1407 1696 quo
1473 1624 1741 1695 tempore
1805 1618 2179 1677 existimatur
2245 1616 2425 1677 lorica
2484 1616 2595 1678 sub

301 1722 466 1775 ueste
521 1716 788 1775 munitus
843 1714 1119 1795 ferroque
1175 1716 1408 1776 cinctus
1467 1713 1840 1795 praesedisse
1908 1713 2113 1775 decem
2170 1714 2595 1776 ualentissimis

307 1813 586 1873 senatorii
650 1811 876 1874 ordinis
941 1802 1148 1874 amicis
1213 1809 1415 1873 sellam
1483 1832 1650 1875 suam
1716 1813 2255 1875 circumstantibus,
2368 1812 2597 1874 Cordus

237 1926 280 1968 ιι
305 1910 641 1971 Cremutius
677 1910 886 1972 scribit
921 1930 998 1973 ne
1035 1910 1359 1973 admissum
1405 1909 1646 1991 quidem
1683 1920 1825 1973 tunc
1865 1930 2219 1992 quemquam
2258 1918 2597 1973 senatorum

311 2010 426 2069 nisi
471 2008 662 2070 solum
709 2016 770 2070 et
813 2016 1242 2090 praetemptato
1287 2010 1438 2071 sinu.

481 2103 600 2171 5²¹¹.
649 2110 806 2170 Ptin.
843 2126 903 2169 n.
939 2110 996 2170 h.
1035 2110 1107 2169 X
1139 2108 1225 2168 74
1270 2107 1558 2169 Auctores
1603 2116 1747 2170 sunt
1790 2108 2067 2170 omnibus
2114 2110 2286 2170 annis
2323 2108 2599 2170 aduolare

307 2205 474 2267 ilium
538 2225 610 2267 ex
675 2205 982 2285 Aethiopia
1045 2224 1186 2267 aues
1253 2215 1316 2268 et
1377 2206 1699 2287 confligere
1764 2207 1838 2269 ad
1891 2205 2223 2269 Memnonis
2286 2207 2599 2286 tumulum,

481 2446 540 2505 8.
580 2450 664 2517 Cf.
694 2449 838 2505 Suet.
877 2450 993 2506 Tib.
1025 2456 1094 2505 61
1135 2449 1430 2505 Obiectum
1469 2453 1526 2504 et
1562 2449 1831 2506 historico
1871 2452 1933 2522 [a
1978 2451 2235 2525 Tiberio],
2273 2452 2423 2522 quod
2462 2451 2600 2506 Bru·

309 2524 424 2576 tum
480 2518 846 2590 Cassiumque
898 2521 1128 2577 ultimos
1183 2522 1561 2577 Romanorum
1617 2521 1867 2577 dixisset.
1946 2524 2065 2579 Dio
2114 2524 2261 2579 Cass.
2302 2524 2491 2579 LVII
2526 2526 2601 2579 24

311 2594 648 2662 Κρεμούτιος
682 2592 746 2648 δὲ
774 2592 846 2683 δὴ
877 2591 1100 2663 Κόρδος
1125 2593 1384 2665 αὐτόχειρ
1413 2593 1616 2649 ἑαυτοῦ
1646 2592 1931 2665 γενέσθαι,
1960 2591 2046 2649 ’ὅτι
2073 2598 2149 2667 τῷ
2180 2598 2403 2667 Σεϊανῷ
2428 2612 2599 2665 προσ-

308 2663 586 2733 έκρουσεν,
622 2665 983 2755 ἠναγκάσθη·
1023 2663 1168 2720 οὕτω
1207 2664 1312 2737 γὰρ
1351 2663 1520 2721 οὐδὲν
1559 2664 1800 2735 ἔγκλημα
1829 2661 2087 2721 ἐπαίτιον
2114 2669 2305 2740 λαβεῖν
2337 2666 2600 2737 ἠδυνήθη

309 2736 421 2806 (καὶ
457 2736 564 2807 γὰρ
602 2736 664 2791 ἐν
700 2736 903 2799 πύλαις
940 2740 1046 2806 ηδη
1084 2736 1266 2809 γήρως
1301 2731 1373 2808 ἦν
1419 2737 1515 2791 καὶ
1563 2736 1946 2793 ἐπιεικέστατα
1984 2738 2289 2810 ἐβεβιώκει)
2326 2736 2461 2793 ὥστε
2508 2738 2602 2793 ἐπὶ

308 2816 371 2879 τῇ
409 2805 642 2882 ἱστορίᾳ,
689 2805 763 2877 ἣν
809 2808 981 2863 πάλαι
1027 2806 1161 2863 ποτε
1198 2808 1327 2877 περὶ
1372 2818 1484 2864 τῶν
1520 2812 1598 2881 τῷ
1634 2809 1935 2883 Αὐγούστῳ
1972 2807 2345 2883 πραχθέντων
2384 2828 2600 2866 συνετε-

306 2876 486 2935 θείκει
533 2880 630 2934 καὶ
675 2877 747 2948 ἣν
793 2880 964 2943 αὐτὸς
1007 2877 1200 2953 ἐκείνῳ
1253 2882 1350 2951 [εἰσ
1383 2882 1596 2951 scripsi,
1644 2879 1856 2944 ἐκεῖνος
1898 2882 2079 2954 codd]
2118 2882 2447 2951 ἀνεγνώκει,
2483 2902 2599 2950 κρι-

305 2956 504 3020 θῆναι,
543 2948 627 3005 ὅτι
664 2948 764 3006 τόν
800 2970 860 3006 τε
897 2948 1150 3007 Κάσσιον
1187 2952 1284 3006 καὶ
1318 2952 1419 3007 τὸν
1457 2952 1718 3020 Βροῦτον
1753 2951 1824 3007 ἐπ
1844 2951 2007 3021 ’νεσε,
2042 2953 2139 3008 καὶ
2165 2962 2265 3008 τοῦ
2293 2953 2475 3023 δήμου
2502 2961 2603 3023 τῆς

307 3025 607 3149 εἱδβὲουλῇέ
635 3020 971 3163 gemat?
994 3020 1107 3149 ἑόν
1142 3021 1490 3149 τεέΚαίσαρα
1517 3024 1616 3116 καὶ
1636 3024 1743 3113 ,τὸν
1772 3032 2093 3151 Αἱγουστοέ
2125 3020 2272 3150 εἶπεὶ
2285 3023 2386 3151 μέν
2423 3026 2601 3119 κακὸν

309 3115 492 3229 aena?
523 3114 580 3220 ἵε
629 3114 935 3231 ἀπ’ἑῗὲνέῗ
960 3112 2259 3240 „023‘3'5oss'y'sssssszpssssffffissfioffssaffssz„⁰⁹52
2296 3117 2399 3241 ἐξ
2427 3116 2601 3239 Ξῖυῖἷ

305 3235 463 3293 πόλει
502 3236 807 3310 εὑρεθέντα
836 3236 977 3304 πρὸς
1011 3249 1122 3292 τῶν
1161 3237 1530 3308 ἀγορανόμων
1567 3238 1663 3292 καὶ
1700 3236 1770 3292 τὰ
1809 3238 1909 3303 ἔξω
1948 3237 2088 3306 πρὸς
2118 3249 2229 3294 τῶν
2259 3238 2601 3312 ἑκασταχόθι

307 3308 596 3379 ἀρχόντων
625 3308 865 3379 ἐκαύθη,
893 3308 1124 3377 ὕστερον
1153 3308 1216 3364 δὲ
1245 3307 1484 3379 ἐξεδόθη
1511 3328 1572 3363 τε
1601 3306 1791 3376 αὖθις,
1820 3310 1997 3381 (ἄλλοι
2022 3329 2081 3365 τε
2111 3309 2217 3381 γὰρ
2246 3312 2343 3365 καὶ
2370 3310 2601 3379 μάλιστα

306 3380 342 3449 ἡ
369 3380 630 3450 θυγάτηρ
659 3381 834 3436 αὐτοῦ
863 3379 1100 3450 Μαρκία
1129 3380 1478 3451 συνέκρυψεν
1505 3380 1673 3452 αὐτὰ)
1710 3381 1807 3435 καὶ
1844 3383 1985 3436 πολὺ
2022 3381 2603 3449 ἀξιοσπουδαστότερα

306 3449 394 3508 ὑπ’
437 3452 615 3520 αὐτῆς
648 3459 748 3521 τῆς
782 3460 881 3507 τοῦ
920 3451 1146 3521 Κόρδου
1182 3460 1474 3522 συμφορᾶς
1511 3449 1743 3521 ἐγένετο.
1784 3454 2027 3509 Ceterum
2054 3460 2104 3508 et
2138 3454 2360 3509 Tacitus
2395 3460 2447 3509 et
2472 3454 2602 3511 Sue-

307 3527 493 3579 tonius*
519 3542 728 3593 parum
764 3524 1030 3580 adcurate
1062 3525 1192 3579 haee
1226 3524 1591 3580 tradiderunt.
1648 3525 1779 3580 haec
1813 3526 1958 3579 euim
1986 3526 2320 3580 Plutarchus
2348 3528 2510 3581 Brut.
2532 3530 2603 3582 44

309 3598 562 3663 Βροῦτος
609 3593 672 3651 δὲ
721 3596 834 3665 τὴν·
868 3593 970 3663 μὲν
1017 3590 1188 3662 ἧτταν
1234 3594 1486 3666 ἐγνωκὼς
1529 3604 1629 3650 τοῦ
1677 3594 1927 3651 Κασσίου
1974 3596 2348 3665 προσήλαυνε,
2394 3596 2494 3652 τὸν
2540 3596 2601 3651 δὲ

221 3698 232 3709 ·
309 3667 569 3723 θάνατον
621 3666 784 3739 ἐγγὺς
821 3666 929 3736 ἥδη
968 3674 1068 3721 τοῦ
1105 3666 1351 3737 χάρακος
1389 3665 1607 3734 ἤκουσε.
1666 3667 1762 3721 καὶ
1798 3666 1860 3722 τὸ
1899 3662 1999 3736 μὲν
2036 3677 2193 3736 σῶμα
2230 3668 2604 3735 περικλαύσας

309 3738 403 3793 καὶ
438 3739 894 3810 προσαγορεύσας
931 3738 1164 3809 ἔσχατον
1202 3738 1384 3807 ἄνδρα
1413 3736 1702 3807 Ῥωμαίων
1737 3738 1836 3794 τὸν
1866 3736 2132 3806 Κάσσιον,
2170 3740 2243 3802 ὡς
2281 3740 2383 3794 οὐκ
2422 3739 2500 3795 ἔτι
2535 3760 2566 3793 τ

309 3807 465 3865 πόλει
501 3810 828 3880 τηλικούτου
867 3808 1226 3880 φρονήματος
1263 3807 1593 3880 ἐγγενέσθαι
1618 3808 1957 3879 δυναμένου,
1984 3809 2317 3879 περιέστειλε
2346 3812 2442 3867 καὶ
2469 3812 2551 3865 ἀπ
2580 3844 2604 3853 -

309 3892 531 3950 πεμψεν
569 3881 648 3944 εἰς
680 3878 888 3938 Θάσον.
926 3888 976 3937 et
1011 3899 1134 3937 cum
1160 3899 1219 3936 eo
1247 3883 1582 3937 consentiens
1609 3883 1911 3951 Appiauus
1946 3884 1993 3937 b.
2023 3900 2065 3937 c.
2096 3883 2323 3937 Its-114
2363 3886 2603 3950 Βροῦτος

311 3951 370 4007 δὲ
407 3950 660 4007 Κασσίου
697 3951 797 4008 τὸν
841 3950 1013 4008 νέκυν
1058 3951 1396 4022 περικλαίων
1433 3952 1694 4008 ἀνεκάλει
1730 3954 2047 4008 τελευταῖον
2084 3953 2271 4021 ἄνδρα
2298 3952 2604 4024 Ῥωμαίων,

311 4024 383 4087 ὥς
426 4023 496 4079 οὔ
539 4044 694 4087 τινος
744 4023 822 4079 ἔτι
874 4025 1096 4079 τοιοῦδε
1145 4023 1202 4087 ἐς
1247 4025 1450 4094 ἀρετὴν
1498 4024 1793 4093 ἐσομένου,
1838 4022 2171 4095 ταχυεργίας
2214 4044 2273 4080 τε
2320 4026 2469 4099 αὐτῷ
2506 4027 2604 4080 καὶ

312 4092 645 4163 προπετείας
682 4096 933 4152 ἐνεκάλει
970 4096 1066 4151 καὶ
1104 4094 1436 4165 ἐμακάριζεν
1474 4095 1611 4166 ὁμοῦ
1652 4094 1973 4165 φροντίδων
2004 4096 2100 4151 καὶ
2127 4095 2297 4160 ἀνίας
2322 4098 2603 4169 ἀπηλλαγ-

313 4166 599 4293 μένον,ίαῖ
635 4172 885 4237 Βροῦτον
924 4167 981 4231 ἐς
1016 4176 1184 4223 ποῖον
1222 4167 1332 4237 ἄρα
1369 4167 1522 4231 τέλος
1559 4167 1889 4239 ὁδηγοῦσιν;
1925 4170 2219 4238 παραδοὺς
2257 4168 2317 4224 δὲ
2356 4169 2419 4225 τὸ
2448 4178 2603 4239 σῶμα

311 4248 426 4302 τοῖς
537 4244 650 4301 λοις
685 4242 796 4293 κτλ.

463 4260 549 4366 φὸ.
589 4312 688 4366 Ex
723 4312 914 4367 Plinio
949 4311 1175 4367 Solinus
1211 4314 1298 4377 40,
1329 4314 1399 4365 19
1429 4329 1487 4381 p.
1518 4316 1631 4365 169
1659 4310 1744 4364 Μ.
1801 4312 2073 4367 Diuersus
2117 4328 2203 4367 res
2242 4313 2462 4367 miscuit
2497 4314 2603 4367 Isi-

315 4382 481 4437 dorus
513 4383 661 4455 On'q.
687 4383 823 4437 XII
845 4386 898 4450 7,
917 4386 1006 4438 39.
1049 4383 1168 4438 Vid.
1193 4383 1446 4439 Holland
1471 4384 1535 4437 iu
1564 4383 1827 4439 Roscheri
1853 4384 1989 4437 Lex.
2010 4385 2173 4455 myth.
2198 4386 2275 4439 II
2292 4401 2333 4438 c.
2354 4388 2510 4439 2668
2525 4402 2602 4453 sq.

2654 1586 2720 1635 18

2636 1677 2738 1727 736
