3234 5034
467 1391 533 1443 fr.
566 1395 595 1442 7

650 337 779 403 100
1351 333 1463 395 GN.
1500 335 1854 398 DOMITIVS
1893 333 2227 395 CORBVLO

647 505 977 569 astantibus
1025 509 1117 588 iis,
1166 527 1313 588 quos
1361 507 1733 570 testificando
1780 527 1885 570 rex
1931 510 2208 587 misisset,
2266 511 2566 570 neminem
2613 506 2936 568 Romanum

648 606 987 668 Armeniam
1051 609 1481 687 ingressurum,
1550 607 1739 668 donec
1804 608 2181 668 referrentur
2235 606 2490 667 litterae·
2533 605 2805 685 NeroniS,
2869 623 2939 665 an

646 707 780 784 paci
827 712 1137 766 annueret.
1212 723 1362 785 quae
1408 715 1477 766 ut
1522 704 1826 785 augendae
1865 706 2145 767 infamiae
2193 705 2534 785 composita,
2581 705 2670 764 sic
2717 704 2941 782 reliqua

646 821 767 863 non
822 805 885 863 in
941 803 1194 864 obscuro
1252 803 1571 884 hahentur,
1629 821 1746 865 una
1805 803 1899 864 die
1957 803 2345 884 quadraginta
2398 802 2630 863 milium
2689 803 2940 882 spatium

649 919 957 962 emensum
1006 919 1137 962 esse
1183 901 1431 963 Paetum
1478 901 1740 964 desertis
1783 903 2006 982 passim
2053 903 2300 981 sauciiS,
2357 917 2551 981 neque
2597 902 2798 961 minus
2845 898 2942 960 de·
2991 921 3014 960 ι

647 999 897 1060 formem
956 998 1121 1060 illam
1179 1001 1532 1079 fugientium
1592 1000 2066 1080 trepidationem,
2132 1019 2309 1080 quam
2365 1002 2417 1060 si
2475 1009 2645 1078 terga
2699 1001 2762 1059 in
2821 998 2942 1060 acie

645 1099 989 1159 uertissent.
1649 1139 1657 1145 -
1691 1141 1696 1146 -

830 1189 946 1258 3²¹⁸.
997 1197 1153 1258 Ptin.
1193 1217 1251 1258 n.
1288 1199 1345 1258 h.
1391 1198 1446 1256 V
1472 1198 1562 1258 83
1616 1196 1824 1258 Oritur
1873 1196 2272 1275 [Euphrates]
2313 1200 2374 1257 in
2421 1193 2796 1275 praefectura
2842 1194 2944 1253 Ar·

646 1297 882 1356 meniae
928 1297 1172 1356 maioris
1220 1294 1576 1372 Caranitide,
1623 1304 1691 1357 ut
1727 1295 2044 1375 prodidere
2085 1313 2154 1357 ex
2194 1297 2286 1375 iis,
2333 1296 2438 1375 qui
2471 1295 2740 1373 proxime
2780 1291 2945 1354 uide·

650 1401 799 1473 rant,
864 1392 1156 1454 Domitius
1214 1393 1467 1455 Corbulo
1533 1396 1594 1454 in
1660 1403 1862 1455 monte
1927 1395 2064 1473 Aga,
2129 1393 2396 1454 Licinius
2461 1391 2770 1452 Mucianus
2837 1389 2944 1451 sub
2971 1413 3017 1453 ιο

648 1489 950 1551 radicibus
1014 1494 1234 1552 montis
1243 1538 1261 1571 ,
1326 1510 1505 1572 quem
1572 1492 1834 1572 Capoten
1899 1491 2180 1572 appellat,
2247 1509 2424 1570 supra
2490 1489 2787 1550 Zimaram
2843 1486 2944 1548 ΧΠ

646 1589 811 1650 milia
856 1607 1159 1669 passuum,
1207 1591 1378 1651 initio
1423 1590 1753 1670 Pyxurates
1803 1592 2152 1652 nominatus.

826 1681 946 1750 4²³².
997 1689 1152 1750 Plin.
1189 1707 1247 1750 n.
1285 1691 1343 1750 h.
1396 1689 1486 1748 VI
1514 1690 1602 1750 23
1659 1689 1902 1750 Peracta
1959 1695 2050 1750 est
2103 1689 2358 1748 interior
2403 1705 2504 1748 ora
2543 1705 2572 1746 a
2621 1685 2727 1746 Cio
2776 1703 2945 1746 amne

648 1804 973 1866 omnesque
1020 1786 1280 1865 accolae,
1342 1805 1501 1848 nunc
1549 1785 1836 1848 reddatur
1889 1789 2099 1865 ingens
2154 1787 2216 1846 in
2273 1783 2712 1845 mediterraneo
2759 1785 2944 1860 sinuS,

646 1886 710 1944 in
766 1903 883 1964 quo
938 1883 1123 1946 multa
1178 1884 1353 1946 aliter
1407 1905 1475 1946 ac
1530 1893 1770 1948 ueteres
1825 1883 2201 1965 proditurum
2257 1901 2352 1945 me
2408 1900 2527 1944 non
2587 1900 2656 1943 eo
2706 1883 2942 1958 infitiaS,
2973 1905 3016 1945 ιι

648 1983 821 2043 anxia
880 1984 1211 2063 perquisita
1267 2001 1411 2043 cura
1473 1982 1654 2045 rebus
1713 2001 1907 2063 nuper
1959 1984 2025 2042 in
2079 2000 2150 2042 eo
2207 1981 2326 2042 situ
2381 1981 2566 2060 gestis
2614 1999 2646 2041 a
2690 1979 2945 2040 Domitio

650 2080 982 2142 Corbulone
1031 2081 1391 2161 regibusque
1447 2080 1584 2143 inde
1645 2083 1843 2142 missis
1901 2079 2270 2160 supplicibus
2328 2088 2430 2140 aut
2485 2097 2692 2158 regum
2740 2077 2944 2138 liberis

648 2179 972 2240 obsidibus.
1066 2179 1372 2241 ordiemur
1446 2188 1641 2241 autem
1719 2198 1750 2239 a
1826 2178 2238 2259 Cappadocum
2313 2185 2508 2256 gente.
2565 2211 2650 2220 —
2717 2211 2799 2218 —-
2863 2209 2943 2218 —

651 2270 795 2362 (39)
844 2278 889 2337 A
939 2276 1089 2358 Cyro
1138 2277 1417 2358 Caspium
1463 2296 1628 2338 mare
1675 2279 1878 2339 uocari
1925 2279 2151 2355 incipit.
2225 2275 2502 2337 accolunt
2547 2274 2742 2354 Caspi.
2818 2292 2945 2334 cor-

649 2374 933 2454 rigendus
981 2384 1072 2437 est
1118 2377 1180 2437 in
1228 2376 1339 2437 hoc
1387 2375 1516 2437 loco
1564 2393 1736 2438 error
1780 2375 2120 2454 multorum,
2178 2375 2358 2436 etiam
2411 2374 2515 2453 qui
2561 2373 2622 2432 in
2670 2372 2945 2433 Armenia
2971 2395 3018 2436 sn

650 2491 747 2533 res
792 2493 1082 2553 proxume
1130 2494 1267 2536 cum
1316 2473 1652 2535 Corbulone
1699 2491 1958 2554 gessere.
2050 2490 2304 2551 namque
2351 2471 2416 2533 hi
2459 2470 2702 2550 Caspias
2749 2469 2946 2550 appel·

650 2671 725 2734 ὡς
758 2671 854 2726 καὶ
889 2671 995 2742 τὴν
1030 2673 1220 2743 χώραν
1262 2673 1504 2741 ἀπονητὶ
1540 2669 1858 2743 ληψόμενος
1895 2672 1993 2727 καὶ
2033 2667 2352 2741 εὐεργεσίαν
2391 2664 2450 2732 ἐς
2482 2669 2613 2731 τοὺς
2641 2665 2948 2739 Ῥωμαίους

649 2742 891 2813 μεγάλην
920 2742 1377 2812 καταθησόμενος
1414 2745 1511 2800 καὶ
1549 2744 1667 2813 ἅμα
1705 2744 1802 2798 καὶ
1838 2744 1938 2800 τὸν
1964 2743 2358 2814 Κορβοῦλωνα,
2397 2737 2464 2795 ὃν
2503 2740 2533 2796 ὁ
2567 2742 2779 2804 Παῖτος
2815 2741 2948 2809 πρὶν

586 2827 589 2830 ’
651 2819 1169 2884 περιστοιχισθῆναι
1196 2815 1586 2884 μετεπέμπετο,
1604 2814 1926 2884 πλησιάζειν
1953 2813 2280 2883 πυθόμενος
2305 2813 2530 2882 ἀφῆκεν
2558 2811 2781 2880 αὐτούς,
2809 2830 2947 2880 προ-

651 2885 1213 2956 διομολογησάμενος,
1261 2885 1357 2941 ἵνα
1403 2887 1501 2943 τὸν
1547 2887 1804 2958 ποταμὸν
1850 2887 1999 2958 αὐτῷ
2039 2881 2331 2953 Ἀρσανίαν
2377 2883 2662 2950 ζεύξωσιν,
2709 2883 2814 2954 οὐχ
2865 2882 2948 2938 ὅτι

650 2957 899 3027 γεφύρας
945 2957 1140 3022 ἐδεῖτο,
1178 2962 1311 3028 πεζῇ
1350 2959 1457 3028 γὰρ
1496 2959 1672 3014 αὐτὸν
1709 2957 2046 3028 διεληλύθει,
2084 2953 2201 3010 ἀλλ’
2245 2953 2342 3010 ἵνα
2381 2953 2563 3020 ἐνδείξ
2603 2951 2696 3008 ταί
2735 2971 2946 3023 σφισιν,

652 3027 735 3082 ’ότι
771 3027 1033 3096 κρείττων
1072 3029 1256 3084 αὐτῶν
1294 3024 1379 3098 ἦν.
1423 3028 1611 3100 ἀμέλει
1649 3027 1781 3084 οὐδὲ
1819 3027 1942 3085 τότε
1982 3027 2079 3082 διὰ
2115 3035 2213 3081 τοῦ
2242 3025 2541 3096 ζεύγματος
2618 3025 2946 3096 νεχώρησεν,

646 3095 773 3154 ’ἀλλ’
806 3099 973 3162 αὐτὸς
1009 3099 1111 3168 μὲν
1151 3097 1241 3154 ἐπ’
1284 3095 1603 3170 ἐλέφαντος,
1643 3099 1696 3155 οἱ
1735 3099 1796 3155 δὲ
1836 3099 1989 3155 ἄλλοι
2030 3097 2210 3165 ὥσπερ
2251 3098 2348 3152 καὶ
2382 3096 2672 3164 πρότερον.
2734 3096 2862 3164 ἄρτι
2891 3115 2946 3152 τε

649 3171 685 3240 ἡ
724 3168 989 3241 ὁμολογία
1027 3169 1290 3242 ἐγεγόνει,
1328 3171 1424 3226 καὶ
1462 3170 1491 3226 ὁ
1529 3171 1869 3244 Κορβούλων
1907 3170 2176 3243 ἀμηχάνῳ
2213 3169 2372 3240 τάχει
2406 3167 2548 3236 πρὸς
2580 3167 2682 3222 τὸν
2715 3167 2948 3236 Εὐφρά-

649 3263 753 3310 την
791 3242 971 3296 ἐλθών
1010 3239 1241 3296 ἐνταῦθ’
1286 3241 1596 3312 ὑπέμεινεν.
1671 3243 1789 3300 Vid.
1819 3259 1992 3314 supra
2068 3285 2080 3296 .
2116 3261 2326 3296 σιμ-νη.
2384 3239 2456 3295 Β.
2489 3239 2572 3296 ΠΤ.
2603 3239 2949 3306 Ηεπάενεοπ,

653 3313 1049 3369 Controversia-9
1084 3316 1147 3367 in
1182 3316 1492 3370 Armenian
1528 3317 1870 3387 topography
1907 3315 2002 3368 ΙΙ.·
2091 3310 2336 3368 handeia
2374 3311 2486 3364 and
2523 3310 2621 3365 the
2659 3311 2811 3366 river
2848 3311 2960 3364 Ar-¹

652 3384 842 3439 sanias
883 3387 1031 3452 (The
1066 3387 1310 3441 Journal
1350 3388 1419 3454 of
1447 3388 1738 3457 Philoloyy
1777 3391 1847 3441 65
1877 3386 2134 3456 [1903]).

830 3455 889 3511 4.
934 3457 1085 3526 Quae
1120 3459 1406 3514 intercedit
1440 3459 1729 3527 descriptio
1757 3461 1901 3513 inter
1930 3456 2314 3526 paraq-raphon
2337 3457 2412 3510 23
2439 3459 2490 3508 et
2518 3457 2608 3518 39,
2633 3455 2756 3508 eine
2781 3453 2952 3508 dubio

650 3529 824 3583 inulta
860 3530 1097 3582 continet
1133 3545 1201 3582 ex
1238 3529 1539 3584 Corbulone
1574 3531 1791 3595 hausta,
1829 3547 1983 3598 quem
2016 3529 2196 3598 ipsum
2224 3527 2351 3580 inde
2387 3543 2426 3579 a
2462 3524 2503 3595 §
2528 3528 2604 3578 23
2639 3524 2952 3582 adhibitum

652 3616 760 3652 esse
788 3600 935 3654 docet
965 3599 1111 3653 locus
1137 3601 1379 3670 nominis
1408 3601 1467 3653 in
1506 3601 1686 3654 indice
1695 3621 1716 3667 ,·
1750 3607 2002 3654 contexta
2040 3607 2221 3654 tamen
2255 3603 2387 3652 eunt
2412 3613 2538 3650 cwm
2565 3591 2697 3650 aliis
2722 3599 2836 3652 acri

651 3669 805 3725 ribus
814 3692 833 3736 ;
888 3671 1250 3726 nominantur
1294 3673 1335 3742 ,§'
1370 3676 1444 3726 27
1490 3673 1781 3739 Aufidius,
1827 3672 1868 3742 ,ς’
1902 3676 1979 3725 27
2015 3677 2066 3726 et
2102 3675 2171 3724 31
2213 3667 2484 3724 Claudius
2530 3667 2752 3732 Caesar,
2881 3672 2950 3724 31

654 3742 938 3796 Cornelius
975 3742 1177 3810 Nepae,
1213 3743 1254 3814 ,ξ
1282 3747 1354 3797 36
1392 3743 1716 3809 Clitarchus,
1754 3743 2156 3808 Eratosthene&
2185 3739 2586 3804 Artemidorum
2620 3737 2662 3810 ,ξ’
2697 3741 2774 3794 37
2799 3745 2854 3796 et
2879 3741 2954 3794 39

652 3814 923 3883 Ayrtpfflz,
970 3814 1012 3884 ἕ
1049 3817 1121 3867 38
1160 3815 1243 3868 M.
1277 3815 1449 3869 Varro
1458 3855 1475 3881 ,
1522 3822 1637 3868 tum
1685 3815 1832 3941 {agg
1880 3812 2083 3883 aliqui,
2123 3817 2153 3878 5
2194 3816 2258 3867 37
2308 3815 2419 3864 non
2467 3808 2696 3892 desunt,
2745 3809 2848 3879 qui
2883 3841 2951 3851 -

651 3883 898 3938 tradunt.
930 3916 997 3924 -
1037 3885 1125 3939 De
1155 3885 1439 3940 caucasiis
1477 3887 1658 3954 porcis
1860 3886 2084 3940 Plinius
2117 3885 2159 3956 ,ς’
2197 3887 2292 3938 30:
2348 3880 2436 3934 Ab
2473 3896 2546 3933 ns
2583 3879 2866 3952 [Diduri-9
2905 3885 2956 3936 et

899 3997 1131 4004 ———-—

740 4117 745 4120 .
832 4062 901 4150 3,
946 4074 1043 4131 10.
1082 4069 1243 4151 Aga]
1274 4071 1387 4130 aba
1414 4072 1535 4130 cod.
1564 4063 1794 4132 Paris?-
1816 4070 1982 4131 Abos
2007 4071 2168 4144 apud
2191 4069 2536 4136 Strabonem
2567 4075 2676 4134 XI
2695 4095 2762 4149 p.
2792 4077 2950 4146 527,÷

652 4160 775 4219 aid.
804 4159 945 4234 qui
981 4162 1017 4220 l.
1044 4178 1091 4219 s.
1110 4179 1177 4234 p.
1207 4163 1335 4220 321
1356 4177 1438 4234 sq.

831 4239 903 4326 4,
954 4251 1055 4310 13.
1109 4249 1291 4309 interi
1346 4269 1450 4308 ora
1506 4248 1940 4324 choamnesque
1985 4249 2145 4308 codd.
2177 4259 2282 4309 eon.
2311 4251 2484 4326 Simy
2521 4245 2804 4332 (interior
2847 4271 2944 4311 ora

654 4329 879 4421 Leidfl)
1022 4341 1121 4396 21.
1171 4332 1430 4416 caspias]
1460 4337 1581 4398 cod.
1608 4339 1850 4397 Monac.
1879 4340 2182 4414 caepasias
2209 4345 2328 4399 cett.
2355 4341 2520 4400 codd.
