3234 5034
583 321 794 377 Avc'r.
824 322 873 376 A
910 321 1118 378 TREB.
1148 323 1510 379 POLLIONE
1547 324 1642 378 ΕΤ
1680 325 1785 379 FL.
1814 323 2118 380 VOPISCO
2154 324 2334 380 ΝΟΜ.
2493 327 2601 376 ccl

297 497 612 570 postquam
661 509 710 551 c.
755 485 838 551 10
884 498 944 552 et
995 486 1096 570 11,
1137 487 1310 552 1-6
1367 491 1440 552 de
1495 493 1873 572 imperatoris
1928 491 2119 554 Taciti
2180 495 2306 555 uita
2370 496 2603 574 priuata

297 587 483 650 multa
531 591 854 668 cnarrauit,
899 591 989 650 sic
1036 589 1364 652 concludit:
1415 591 1612 654 Multa
1650 593 1833 653 huius
1863 591 2177 669 feruntur,
2212 595 2326 654 sed
2357 596 2602 670 lonaum

299 695 388 748 est
432 704 509 749 ea
557 691 622 748 in
669 691 911 751 litteras
955 693 1213 763 mittere,
1260 691 1427 766 quod
1463 693 1523 751 si
1567 694 1705 766 quis
1740 694 1945 752 omnia
1984 692 2061 752 de
2096 693 2213 752 hoc
2250 694 2391 754 uiro
2436 695 2604 770 cupit

295 789 489 864 scire,
559 788 728 861 ἱεραί
791 787 1148 849 Suetonium
1223 787 1639 865 Opimianum,
1713 792 1821 865 qui
1892 793 2025 850 eius
2086 792 2279 852 uitam
2344 789 2603 868 adfatim

298 888 563 962 scripsit.

475 981 562 1044 De
607 981 682 1044 Μ.
721 981 1142 1045 SaluidIeno
1188 983 1310 1046 uid.
1350 985 1420 1046 fr.
1457 1004 1516 1066 p.
1559 980 1705 1047 153.

479 1079 744 1143 Fabius
809 1080 1291 1163 Ceryllianus,
1351 1083 1424 1145 de
1487 1101 1605 1164 quo
1668 1083 1809 1145 uide
1875 1083 1947 1145 fr.
1994 1103 2050 1164 p.
2102 1079 2248 1164 153,
2302 1083 2602 1146 fictionem

297 1181 436 1241 Cari
481 1179 855 1242 laudatorum
901 1181 1190 1244 minuisse
1235 1181 1496 1262 uidetur,
1543 1200 1680 1244 cum
1716 1180 1939 1244 Romae
1986 1200 2125 1244 cum
2162 1184 2429 1262 genitum
2467 1200 2601 1245 esse

297 1285 560 1358 negaret.

476 1375 564 1438 Ex
630 1376 886 1440 Fuluio
942 1381 1295 1460 Aspriano
1350 1378 1666 1460 Vopiscus,
1729 1398 1882 1461 quae
1943 1379 2016 1442 de
2070 1378 2273 1442 Carini
2314 1382 2602 1442 uitiorum

299 1474 580 1536 foeditate
627 1475 840 1538 effudit
874 1496 926 1538 c.
959 1473 1058 1540 16.
1095 1474 1194 1558 17,
1226 1473 1417 1558 1—6,
1461 1479 1790 1558 sumpsisse
1834 1477 2103 1560 uidetur3
2159 1479 2249 1540 sic
2293 1480 2455 1541 enim
2500 1478 2600 1540 ab·

299 1575 462 1655 rupit
505 1573 548 1652 ξ
596 1571 663 1636 7:
709 1575 986 1653 Lonyum
1031 1583 1137 1652 est,
1179 1580 1240 1638 si
1283 1579 1360 1640 de
1405 1581 1537 1640 eius
1583 1575 1839 1656 [Carini]
1887 1581 2146 1640 luxuria
2180 1581 2375 1656 plura
2420 1581 2602 1641 uelim

299 1675 527 1736 dicere.
600 1678 968 1752 quicumque
1019 1679 1288 1738 ostiatim
1333 1679 1504 1754 cupit
1551 1693 1832 1751 noscere,
1876 1680 2045 1753 leoat
2087 1679 2273 1738 etiam
2318 1677 2603 1738 Fuluium

300 1772 676 1850 Asprianum
729 1789 924 1850 usque
975 1777 1064 1837 ad
1103 1775 1378 1836 taedium
1417 1783 1728 1851 pectorum
1767 1778 1899 1836 eius
1944 1777 2242 1836 uniuersa
2286 1776 2602 1837 dicentem.

477 1869 822 1934 Claudius
877 1871 1348 1952 Eusthenius,
1412 1875 1514 1952 qui
1570 1871 1935 1934 Diocletiano
2000 1870 2073 1932 ab
2138 1871 2409 1952 epistulis
2472 1871 2602 1951 ruit,

299 1968 551 2048 singulis
623 1968 796 2031 libris
867 1969 1243 2051 Diocletiani,
1309 1969 1676 2051 Maximiani,
1742 1968 1988 2052 Galerii,
2054 1969 2383 2032 Constantii
2444 1972 2603 2033 uitas

299 2069 567 2148 scripsit,
625 2067 698 2129 de
753 2087 872 2149 quo
925 2068 1064 2132 uide
1110 2070 1428 2149 Vopiscum
1475 2068 1605 2130 Car.
1649 2065 1753 2150 18,
1788 2067 1832 2132 4
1890 2070 2193 2143 Quattuor
2235 2087 2389 2132 sane
2420 2073 2600 2148 prin·

299 2170 466 2244 cipes
489 2169 708 2230 mundi
726 2165 1170 2248 [Diocletianus-³,
1199 2167 1607 2248 Maximianus,
1638 2165 1927 2248 Galerius,
1953 2167 2361 2248 Constantius]
2384 2168 2603 2248 sortes,

295 2269 630 2343 sapientes,
681 2267 936 2342 beniqni
987 2275 1048 2330 et
1101 2269 1427 2330 admodum
1477 2269 1793 2344 liberales,
1848 2285 2035 2329 unum
2082 2271 2149 2329 in
2195 2285 2327 2328 rem
2356 2286 2426 2346 p.
2461 2285 2601 2330 sen·

298 2367 541 2442 tientes,
611 2381 852 2442 semper
912 2373 1268 2428 reuerentes
1331 2367 1597 2428 Romani
1656 2373 1932 2443 senatus,
2003 2368 2333 2443 moderati,
2384 2369 2604 2444 populi

299 2466 509 2539 antici,
550 2467 902 2542 persancti,
953 2483 1213 2542 qraues,
1269 2468 1548 2541 relioiosi
1605 2473 1666 2528 et
1725 2469 1935 2542 quales
1983 2469 2311 2544 principes
2365 2481 2603 2543 semper

295 2566 656 2640 optauimus,
704 2579 961 2638 quorum
999 2567 1190 2626 uitam
1225 2566 1484 2640 sinqulis
1519 2565 1695 2626 libris
1740 2563 2033 2626 Claudius
2068 2565 2456 2640 Eusthenius,
2497 2567 2605 2640 qui

297 2661 686 2722 Diocletiano
733 2663 810 2722 ab
857 2664 1130 2738 epistulis
1167 2661 1310 2740 fuit,
1353 2665 1623 2740 scripsit,
1667 2664 1835 2739 quod
1876 2663 2115 2724 idcirco
2152 2664 2307 2738 dixi,
2341 2679 2423 2724 ne
2465 2664 2603 2739 quis

298 2776 337 2821 α
381 2777 478 2820 me
522 2776 654 2821 rem
698 2764 934 2821 tantam
987 2764 1352 2839 requireret,
1397 2766 1666 2824 maxime
1710 2778 1849 2822 cum
1892 2764 1995 2822 uel
2038 2762 2323 2822 diuorum
2356 2763 2601 2838 princi·

285 2875 442 2936 pum
483 2860 624 2919 wita
668 2873 790 2919 non
835 2862 971 2920 sine
1015 2860 1488 2936 reprehensione
1532 2861 1800 2921 dicatur.

475 2953 860 3018 Onesimus
905 2973 1012 3017 sex
1057 2956 1204 3018 locis
1249 2975 1284 3018 a
1319 2957 1572 3038 Vopisco
1618 2963 1825 3017 auctor
1870 2957 2085 3018 citatus
2122 2950 2601 3036 ‘diligentissime

295 3055 482 3116 uitam
520 3052 700 3115 Probi
736 3051 1082 3134 scripserat'
1114 3055 1222 3132 (fr.
1244 3055 1319 3130 3)
1349 3062 1544 3135 atque,
1583 3074 1720 3117 cum
1758 3051 2039 3134 quattu⁰or
2071 3053 2147 3115 ad
2184 3052 2401 3116 Carum
2438 3052 2602 3116 Cari·

297 3169 562 3233 numque
599 3152 956 3232 pertineant,
994 3148 1276 3232 ‘scriptor
1311 3155 1472 3216 uitae
1510 3150 1712 3215 Probi’
1752 3151 1973 3216 dicitur
2010 3152 2119 3231 (fr.
2157 3153 2249 3232 2),
2284 3169 2437 3232 quae
2482 3150 2601 3213 (lis-

298 3250 498 3312 sensio
536 3249 708 3311 l'acile
736 3252 819 3312 ita
847 3250 1115 3331 expediri
1142 3258 1358 3331 potest,
1392 3259 1463 3313 ut
1488 3254 1669 3314 etiam
1708 3269 1825 3330 res,
1862 3269 2014 3332 quae
2050 3258 2187 3331 post
2224 3268 2360 3312 eum
2396 3257 2598 3329 gestae

299 3357 517 3427 essent,
563 3347 639 3410 ad
687 3351 818 3411 eius
865 3348 1099 3411 laudem
1149 3358 1457 3411 reuocatas
1505 3368 1638 3412 esse
1686 3367 2053 3411 censeamus.
2128 3351 2371 3414 omnino
2423 3350 2601 3428 enim,

297 3454 364 3509 ut
423 3448 528 3527 qui
582 3465 721 3509 eum
773 3449 1043 3510 imitatus
1099 3455 1190 3510 est
1226 3448 1540 3528 Vopiscus,
1596 3447 1657 3509 id
1705 3450 1851 3528 egit,
1897 3456 1965 3509 ut
2009 3449 2293 3528 tyrannis,
2339 3447 2444 3528 qui
2490 3446 2601 3509 sub

299 3545 490 3607 Probo
538 3547 862 3626 imperium
886 3546 1303 3624 affectassent,
1350 3553 1526 3626 atque
1565 3545 1780 3607 Carino
1818 3548 2015 3608 omnia
2052 3549 2197 3608 uitia
2237 3545 2603 3626 exprobrans

298 3651 358 3704 et
394 3642 656 3706 Probum
695 3651 754 3705 et
790 3643 1223 3706 Diocletianum
1256 3644 1786 3726 Constantiumque
1823 3644 2175 3726 illustraret3
2212 3662 2349 3705 nam
2388 3661 2601 3705 causae

299 3760 508 3804 eorum
555 3745 1004 3824 imperatorum,
1041 3745 1104 3805 in
1141 3761 1395 3823 quorum
1432 3744 1683 3822 gratiam
1720 3743 2111 3822 scribebatur,
2158 3751 2335 3823 atque
2376 3759 2602 3821 eorum,

298 3843 402 3921 qui
439 3839 514 3902 ab
552 3859 643 3921 eo,
679 3843 780 3902 cui
815 3849 1249 3919 successerant,
1286 3842 1502 3903 remoti
1539 3848 1727 3920 crant,
1766 3843 1910 3902 artis
1952 3840 2213 3902 uinculis
2252 3842 2602 3902 coniunctae

299 3948 470 4001 erant
508 3940 657 4012 (Die
695 3940 831 4002 Scr.
859 3942 917 4001 h.
949 3941 1021 4000 Α.
1048 3958 1115 4018 p.
1146 3939 1280 4002 176
1305 3942 1480 4017 sqq).
1546 3939 1684 4000 Cari
1730 3946 1927 4001 autem
1972 3941 2186 4019 uirtus,
2233 3956 2383 4019 quae
2422 3939 2600 4000 etiam

297 4045 440 4099 tunc
477 4036 648 4116 uulgi
685 4055 790 4099 ore
819 4036 1249 4115 celebrabatur,
1280 4037 1560 4099 foeditate
1589 4037 1700 4099 mii
1734 4036 2167 4100 obscurabatur
2202 4043 2263 4097 ct
2298 4033 2601 4099 oblittera-

298 4134 490 4218 batur,
546 4153 700 4215 quae
755 4143 826 4197 ut
877 4137 941 4198 in
987 4137 1392 4216 praesentium
1456 4138 1882 4216 imperatorum
1946 4135 2185 4198 laudem
2242 4141 2601 4214 uerteretur,

299 4236 478 4296 etiam
508 4232 728 4296 Carum
766 4242 997 4314 patrem
1035 4237 1098 4297 in
1135 4236 1266 4296 cius
1303 4234 1499 4296 locum
1527 4232 1939 4295 Constantium
1976 4233 2301 4312 subrogare
2335 4231 2603 4294 uoluisse

301 4331 640 4414 tingebatur
658 4332 768 4410 (fr.
788 4335 832 4394 5
848 4337 984 4411 sq.).
1023 4335 1189 4414 atqui
1217 4335 1398 4395 etiam
1426 4331 1643 4395 Suidas
1670 4329 2017 4395 Onesimum
2046 4334 2109 4393 in
2138 4330 2397 4394 indicem
2424 4347 2601 4393 suum
