3234 5034
1094 339 1149 393 C.
1182 337 1419 391 IVLIVS
1454 337 1690 394 HYGIN
1695 339 1782 395 VS
2475 343 2593 392 0111

293 509 465 587 danii,
490 501 605 569 'sic
652 509 873 588 pergit:
930 514 1115 582 atque
1159 524 1261 581 ea,
1308 523 1470 582 quae
1514 507 1800 584 Hyoinus
1837 507 2179 585 fabulose
2235 511 2472 571 tradita
2519 513 2596 572 de

292 608 633 684 otiantibus
689 622 871 682 apum
926 623 1047 666 non
1102 609 1448 680 intermisit,
1482 609 1772 682 poeticae
1817 611 2014 682 maqis
2067 610 2358 670 licentiae
2412 625 2594 683 quam

290 713 533 767 nostrae
564 707 723 778 fidei
758 706 1161 765 concesserim
1199 702 1692 782 commendatque
1731 701 1899 764 illum
1936 703 2221 766 studiosis
2259 705 2592 767 litterarum

290 799 371 862 ‘in
416 803 538 863 otio
588 799 945 880 legentibus„
991 819 1111 862 non
1160 801 1483 880 negotiosis
1530 798 1828 880 agricolis’
1870 794 1942 884 (ξ
1981 795 2072 886 2).

460 900 546 960 Eo
606 901 796 979 magis
851 901 1071 960 mirum
1116 907 1224 978 est,
1272 897 1447 979 quod,
1494 900 1547 959 si
1593 918 1744 978 opus
1791 908 1938 978 erat,
1986 899 2326 980 diligentiae
2373 920 2591 982 operae

290 1017 399 1060 non
444 1000 742 1079 pepercit,
790 999 870 1058 ita
914 1004 984 1058 ut
1028 999 1091 1058 in
1140 999 1583 1058 commentariis
1617 996 1972 1077 Vergilianis
2010 1001 2368 1079 scripturam
2407 1018 2590 1079 quan-

290 1095 415 1158 dam
462 1095 825 1157 Ouidianam
871 1094 1043 1175 libro,
1089 1097 1190 1174 qui
1231 1091 1327 1156 ‘ex
1367 1094 1539 1156 domo
1582 1103 1760 1174 atque
1797 1095 2020 1158 familia
2058 1093 2326 1176 Vergilii'
2364 1098 2592 1177 fuisset,

288 1195 669 1256 confirmaret
696 1195 878 1268 (Gell.
910 1194 951 1253 I
981 1194 1086 1269 21,
1116 1195 1215 1274 2);
1263 1195 1439 1254 etiam
1479 1195 1704 1254 maiore
1743 1193 1814 1254 ad
1853 1193 2176 1256 obscurum
2213 1193 2360 1257 illud
2393 1195 2590 1258 Heluii

287 1291 503 1354 Cinnae
561 1293 1016 1372 propempticon
1072 1290 1487 1370 explicandum
1543 1291 1848 1372 utebatur3
1905 1295 2037 1354 iure
2091 1294 2277 1372 igitur
2323 1312 2355 1354 a
2402 1293 2590 1356 Gellio

285 1395 320 1452 1.
361 1409 407 1451 ε.
446 1387 597 1451 ‘non
653 1387 935 1469 ignobilis
990 1385 1433 1468 grammaticus’
1493 1389 1871 1468 praedicatus
1927 1397 2044 1469 est,
2100 1393 2240 1471 etsi,
2305 1390 2366 1452 id
2432 1393 2590 1472 quod

285 1491 397 1549 iam
422 1490 487 1549 in
518 1487 801 1550 Cornelio
830 1484 1057 1567 Nepote
1095 1485 1375 1565 uidimuS,
1414 1487 1651 1549 scholae
1681 1486 1988 1549 Cratete'ae
2027 1487 2416 1550 subtilitatem
2454 1509 2588 1551 cum

283 1589 590 1665 uarietate,
638 1603 791 1666 quae
840 1586 1059 1646 ceteris
1104 1584 1447 1646 hominibus
1496 1584 1687 1646 doctis
1733 1592 1900 1665 grata
1948 1595 2122 1664 esset⁷
2161 1587 2418 1649 miscuit.
2477 1588 2588 1650 hac

288 1695 478 1746 tamen
525 1687 661 1764 ipsa
708 1690 835 1744 arte
882 1682 943 1744 id
991 1684 1263 1744 effecisse
1310 1683 1567 1763 uidetur,
1614 1691 1684 1744 ut
1728 1683 2103 1764 paedagogus
2150 1685 2589 1764 agricolationis

284 1801 313 1842 a
359 1780 688 1844 Columella
737 1780 1053 1843 diceretur.
1072 1776 1121 1866 ¹)

454 1879 541 1940 Ex
592 1882 719 1941 uita
768 1882 897 1940 eius
934 1879 1172 1959 publica
1210 1881 1321 1940 hoc
1358 1897 1546 1941 unum
1589 1887 1822 1942 constat
1857 1879 2249 1942 bibliothecae
2289 1881 2586 1943 Palatinae

282 1995 329 2038 a.
364 1973 485 2060 28!
494 1974 629 2038 726
678 1976 750 2038 ab
787 1978 1051 2057 Augusto
1099 1977 1372 2038 conditae
1420 1997 1557 2038 eum
1604 1979 1956 2058 praefuisse,
1992 1986 2378 2059 posteaquam
2416 1981 2586 2042 Pom-

280 2079 447 2154 peius
484 2075 690 2137 Macer
727 2094 760 2136 a
800 2075 1051 2137 Caesare
1091 2077 1291 2137 iussus
1338 2077 1578 2137 initium
1627 2075 1811 2137 libros
1857 2075 2174 2138 ordinandi
2220 2077 2361 2139 fecit
2391 2081 2584 2153 (Suet.

288 2175 450 2236 CaeS.
490 2175 630 2250 56),
678 2181 913 2255 tempus
959 2183 1157 2235 tamen
1204 2181 1487 2235 nanctum
1536 2192 1670 2236 esse
1717 2173 2006 2254 plurimos
2055 2174 2307 2238 docendi
2349 2185 2409 2238 et
2446 2195 2584 2238 con-

280 2271 614 2333 suetudInis
678 2272 934 2332 maxime
1001 2291 1135 2332 cum
1202 2270 1417 2333 Ouidio
1484 2279 1540 2333 et
1601 2271 1809 2333 Clodio
1862 2272 2070 2334 Licino
2127 2291 2244 2335 cos.
2285 2293 2332 2334 a.
2371 2270 2581 2355 4s757

280 2369 612 2449 iungendae
662 2377 720 2430 et
766 2368 1064 2430 colendae.
1130 2371 1331 2448 itaque
1369 2369 1585 2449 Hygini
1633 2388 1848 2434 nomen
1897 2373 1958 2432 in
2006 2370 2169 2432 illius
2214 2370 2386 2433 libris
2430 2372 2583 2435 desi-

279 2461 581 2553 derabisff)
630 2469 944 2547 possisque
1004 2468 1296 2546 suspicari
1343 2486 1481 2529 eum
1529 2469 1646 2528 iam
1685 2476 1988 2530 mortuum
2025 2477 2127 2530 aut
2161 2468 2236 2531 ab
2273 2470 2374 2530 illo
2411 2483 2584 2550 poeta

278 2576 543 2646 spretum
602 2584 754 2644 esse,
810 2583 947 2626 cum
994 2567 1336 2626 occasiones
1390 2565 1489 2627 uel
1547 2566 1889 2627 nominandi
1947 2566 2046 2628 uel
2091 2567 2464 2646 significandi
2511 2587 2581 2632 ex

280 2663 449 2725 exilio
500 2663 722 2726 multas
768 2661 1032 2724 haberet.
1100 2662 1203 2723 sed
1244 2665 1391 2724 scite
1433 2663 1495 2725 R.
1526 2663 1752 2724 Merkel
1783 2666 2048 2738 (Proles,
2079 2668 2167 2727 ad
2202 2667 2297 2727 Ib.
2322 2684 2389 2743 p.
2419 2667 2580 2740 389)

280 2764 537 2824 tristium
587 2761 837 2839 elegiam
884 2760 964 2821 111
1006 2757 1106 2840 14,
1154 2780 1267 2842 qua
1315 2770 1504 2823 totum
1551 2760 1774 2824 librum
1815 2761 2131 2840 dedicauit,
2175 2762 2247 2824 ad
2285 2763 2582 2844 Hyginum

278 2860 519 2921 rettulit.
533 2855 591 2943 ⁸)
667 2861 845 2921 etiam
894 2877 1103 2920 causas
1151 2858 1377 2920 addam.
1452 2878 1590 2921 nam
1638 2859 1795 2940 quod
1835 2878 1972 2921 eum
2008 2859 2328 2941 alloquitur
2365 2858 2584 2923 ‘cultor

279 2965 333 3018 et
387 2960 639 3020 antistes
698 2956 1005 3018 doctorum
1062 2965 1263 3019 sancte
1323 2955 1615 3019 uirorum’
1677 2966 1736 3019 et
1793 2955 2108 3038 ‘ingenio
2174 2976 2282 3019 suo
2343 2977 2582 3040 semper

279 3055 505 3136 amice’‚
552 3057 657 3136 qui
696 3049 1079 3116 ‘incolumem
1131 3053 1429 3133 quondam
1480 3053 1810 3116 celebrare’
1864 3055 2072 3116 solitus
2129 3057 2223 3135 sit,
2283 3052 2578 3119 ‘antistes'

278 3153 426 3234 apud
465 3151 752 3215 Ouidium
800 3151 960 3213 idem
1009 3151 1153 3213 dicit
1201 3156 1311 3225 (ex
1352 3155 1415 3214 P.
1446 3154 1547 3213 IV
1576 3153 1637 3230 8,
1668 3155 1771 3214 25.
1819 3163 1954 3216 met.
1984 3154 2167 3215 ΧῙΙῙ
2195 3155 2354 3229 631)
2403 3161 2579 3235 atque

452 3381 503 3448 1)
530 3377 559 3432 I
589 3384 638 3443 1,
663 3382 729 3430 13
764 3377 883 3432 ‘nec
900 3385 1173 3447 postremo
1202 3379 1365 3447 quasi
1382 3379 1700 3450 paedayoyi
1724 3382 1843 3434 eius
1869 3382 2176 3436 utemint'sse
2204 3381 2577 3452 dedignemur,

278 3458 413 3512 Iulii
438 3457 703 3529 quini.’
754 3455 802 3510 is
831 3455 989 3511 locus
1018 3473 1186 3528 saepe
1215 3456 1363 3512 male
1390 3457 1712 3513 intellectus
1741 3461 1844 3513 est.
1901 3475 2033 3512 nam
2063 3476 2190 3514 cum
2219 3461 2580 3516 antecederet

276 3536 331 3590 in
359 3535 759 3592 enumerandis
787 3553 973 3591 rerum
1000 3537 1338 3592 rusticarum
1366 3538 1736 3608 scriptoribus
1756 3537 2058 3610 Vergilius,
2086 3538 2198 3594 uiri
2226 3539 2380 3595 docti
2407 3541 2575 3596 huius

276 3617 669 3689 paedagogum
724 3633 851 3671 eum
890 3615 1065 3673 fuisse
1110 3617 1427 3685 uoluerunt,
1474 3618 1640 3687 quod,
1673 3635 1801 3672 cum
1847 3622 2165 3689 temporum
2199 3621 2422 3676 ratione
2461 3635 2577 3676 om-

276 3696 401 3753 nino
428 3700 649 3770 pugnat
666 3696 806 3767 (uid.
828 3696 1021 3769 Unger
1046 3715 1101 3767 p.
1124 3703 1191 3752 22
1212 3701 1332 3768 sq.).
1360 3699 1611 3769 pertinet
1640 3701 1830 3754 autem
1859 3701 1978 3755 eius
2005 3699 2079 3753 ad
2111 3699 2576 3771 agricolationem

274 3775 434 3832 initio
479 3776 831 3850 paragraphi
876 3776 1209 3833 undecimae
1252 3777 1500 3848 positam
1546 3778 1960 3848 opponiturque
2005 3781 2372 3852 paedagogus
2409 3782 2576 3838 rusti-

277 3857 513 3912 cationis
547 3856 791 3928 parenti.
859 3861 1169 3926 sequuntur
1206 3859 1355 3912 enim
1392 3859 1569 3913 uerba
1604 3876 1799 3914 uerum
1835 3867 2015 3916 tamen
2052 3867 2116 3915 ut
2154 3860 2574 3934 Carthaginien-

274 3953 375 3991 sem
416 3939 713 4009 Maytmem
750 3941 1130 3993 rusticationis
1155 3945 1443 4009 parentem
1480 3941 1717 3995 vnaoeime
1751 3957 2084 3996 ueneremur.

448 4023 502 4086 2)
538 4017 869 4072 Doctrinam
904 4017 1117 4088 Hygini
1147 4017 1353 4073 Ouidio
1388 4022 1591 4089 poetae
1628 4019 1990 4074 utilissimam
2027 4037 2148 4075 esse
2185 4022 2438 4091 potuisse
2473 4039 2575 4093 per

278 4111 333 4150 se
366 4097 487 4152 ueri
523 4096 707 4151 simile
748 4099 848 4152 est.
916 4096 1223 4168 uestigium
1258 4097 1500 4154 forsitan
1538 4103 1738 4156 exstet.
1777 4099 1892 4154 uid.
1923 4099 2052 4156 adn.
2083 4101 2158 4155 ad
2194 4100 2259 4156 fr.
2295 4108 2377 4157 11.

448 4181 501 4246 8)
539 4176 623 4232 cf.
654 4177 718 4233 G.
752 4177 1001 4232 Graeber
1037 4178 1523 4250 Umersuchunyen
1559 4182 1693 4235 iiber
1734 4180 1902 4236 Ovids
1940 4182 2132 4254 Briefe
2169 4199 2274 4237 aas
2315 4183 2412 4238 der
2445 4185 2570 4239 Ver-

276 4257 535 4329 banmmy
572 4258 653 4313 Π.
703 4257 894 4328 Progr.
925 4275 1112 4328 gymn.
1144 4258 1353 4313 Elberf.
1386 4265 1524 4314 1884
1562 4277 1615 4330 p.
1652 4266 1733 4314 13.
1775 4259 2009 4314 Ehwald
2042 4262 2296 4317 Bursian
2322 4264 2570 4320 ‘salu-eso.
