3234 5034
619 364 776 411 11111
1123 342 1221 397 DE
1259 341 1731 400 SCRIPTORVM
1774 341 1957 398 VITIS
1995 341 2091 396 ΕΤ
2126 341 2441 397 SCRIPTIS

624 510 810 572 uerba
856 528 1044 591 praue
1091 513 1520 591 interpretatus
1569 519 1661 571 est
1674 505 1745 595 ¹),
1794 519 1853 572 et
1899 527 2227 572 consensus
2266 510 2397 572 eius
2435 527 2573 570 cum
2616 507 2935 571 Plutarcho

627 609 998 670 manufestus
1055 615 1173 688 est,
1227 617 1298 671 ut
1335 607 1425 669 'ad
1481 607 1835 670 Ciceronem
1890 625 2269 685 reuocemur‚
2332 626 2526 688 neque
2585 615 2707 668 tam
2768 614 2937 668 artus

626 700 774 789 (non
825 706 1154 787 adstipulor
1187 706 1517 769 Bureschio
1562 710 1602 768 l.
1639 726 1687 768 ε.
1712 726 1780 784 p.
1820 707 1953 768 229
1970 700 2126 790 sqq.)
2165 708 2515 786 praesertim
2556 708 2617 766 in
2654 703 2931 767 laudibus

623 804 717 866 illi
763 805 1082 886 attributiS,
1138 823 1289 886 quae
1338 803 1495 885 apud
1540 805 1873 886 Appianum
1930 804 2115 866 multo
2174 803 2601 866 moderatiores
2656 811 2810 884 sunt,
2864 811 2938 864 ut

630 903 874 966 Liuium
919 912 1225 966 auctorem
1272 902 1603 964 adhibitum
1653 921 1785 965 esse
1833 902 2199 966 censendum
2246 905 2340 964 sit.

805 1001 1059 1064 Breuius
1125 1001 1198 1063 de
1265 1000 1519 1064 Latino
1585 1004 2102 1064 commentario
2168 1002 2417 1081 transigi
2475 1009 2698 1081 potest,
2753 1019 2935 1080 quem

627 1118 774 1162 num
819 1101 1062 1161 omnino
1109 1099 1318 1162 Cicero
1366 1098 1606 1161 adortus
1655 1101 1734 1161 sit
1778 1107 1884 1162 aut
1926 1099 2272 1179 perfecerit,
2318 1101 2561 1162 omnino
2614 1099 2935 1161 nescimus.

629 1206 794 1260 certe
829 1200 1120 1260 memoria
1157 1200 1288 1260 eius
1324 1197 1424 1259 illa
1463 1197 1536 1260 ad
1573 1197 1835 1260 Atticum
1884 1197 2137 1278 epistula
2184 1199 2525 1260 continetur
2566 1199 2721 1271 (uid.
2745 1215 2815 1275 p.
2854 1199 2937 1271 ν).

625 1295 984 1358 Accedimus
1048 1295 1122 1358 ad
1159 1290 1332 1359 Ἀνέ
1338 1317 1376 1357 κ
1388 1293 1602 1376 dota,
1668 1299 1813 1358 item
1877 1296 2085 1358 Latine
2146 1299 2395 1376 scripta,
2457 1314 2607 1376 quae
2664 1297 2934 1374 proxime

627 1393 702 1456 ad
759 1394 1071 1456 historiam
1127 1393 1436 1456 accedunt.
1519 1414 1658 1457 nam
1715 1397 1829 1456 etsi
1884 1401 2009 1456 arte
2065 1398 2155 1455 uti
2201 1393 2417 1472 noluit,
2464 1403 2665 1456 tamen
2709 1392 2936 1454 nullius

626 1493 888 1556 hominis
943 1496 1174 1556 ratione
1230 1492 1430 1554 hahita
1487 1512 1586 1554 res
1634 1495 1900 1574 scripsit,
1948 1492 2009 1553 id
2057 1491 2215 1573 quod
2260 1512 2334 1554 ex
2382 1496 2513 1554 eius
2560 1494 2749 1572 ipsius
2793 1510 2935 1573 pro-

627 1591 886 1653 fessione
945 1593 1332 1673 consequitur
1387 1600 1447 1653 et
1502 1612 1576 1654 ex
1633 1611 1729 1672 eo,
1795 1590 1953 1673 quod
2009 1591 2149 1652 dum
2201 1594 2468 1671 uiueret,
2532 1593 2597 1651 in
2660 1590 2935 1670 obsigna-

627 1692 788 1752 tione
844 1692 1108 1770 perstitit
1154 1693 1308 1764 (υἱεῖ.
1335 1709 1402 1768 p.
1453 1695 1644 1767 γεω.
1718 1692 1901 1752 nimis
1956 1689 2275 1751 indulserit
2329 1691 2509 1752 etiam
2562 1691 2813 1751 uanitati
2872 1696 2937 1749 et

623 1788 851 1868 gloriae
913 1806 1087 1850 suae:
1157 1797 1356 1851 tamen
1413 1788 1571 1868 quod
1632 1788 1731 1850 hic
1791 1789 2256 1849 commentarius
2316 1787 2625 1850 Ciceronis
2684 1787 2935 1866 interiit,

623 1886 800 1949 ualde
857 1885 1029 1948 nohis
1087 1885 1405 1948 dolendum
1451 1893 1544 1947 est
1589 1905 1785 1967 neque
1832 1888 2079 1965 mirum,
2128 1885 2284 1965 quod
2330 1886 2571 1948 Asconii
2618 1887 2934 1948 curiositas

625 1983 702 2046 ad
747 2003 884 2046 eum
933 1983 1130 2062 rediit,
1177 1985 1282 2064 qui
1327 2002 1446 2046 uno
1484 1984 1612 2045 loco
1652 1984 1807 2046 hanc
1853 1980 2411 2064 ‘expositionem
2460 1983 2933 2046 consiliorum

627 2079 1029 2144 Ciceronis'
1089 2084 1319 2160 citauit,
1375 2081 1675 2162 pluribus,
1728 2090 1797 2143 ut
1852 2081 1913 2142 C.
1952 2081 2351 2144 Lichtenfeldt
2395 2085 2517 2156 (De
2574 2083 2639 2154 Q.
2679 2084 2937 2144 Asconii

627 2183 892 2244 Pediani
947 2181 1224 2258 fontibus
1288 2199 1367 2241 ac
1423 2184 1567 2255 fide.
1662 2183 1995 2243 Breslauer
2040 2183 2255 2259 philol.
2303 2183 2455 2242 Abla.
2505 2182 2584 2241 II
2628 2182 2698 2256 4,
2756 2179 2933 2241 1888

612 2299 681 2357 p.
704 2280 791 2341 19
805 2282 965 2356 sqq.)
997 2286 1056 2340 et
1083 2279 1146 2340 P.
1166 2277 1500 2340 Koetschau
1530 2281 1654 2351 (De
1690 2281 1811 2341 Cic.
1832 2298 1921 2341 or.
1942 2283 2007 2340 in
2038 2291 2182 2355 toqa
2211 2282 2389 2342 caud.
2406 2298 2474 2356 p.
2503 2279 2593 2338 23
2610 2282 2726 2355 sq.)
2764 2277 2931 2340 uide-

627 2385 786 2456 runt,
837 2379 1016 2439 tacite
1071 2376 1356 2457 expilauit
1384 2369 1470 2460 (p.
1503 2373 1605 2456 73,
1638 2373 1891 2456 7—74,
1920 2374 1962 2438 3
1999 2376 2156 2438 K.-S.
2187 2377 2259 2438 de
2299 2379 2605 2438 Ciceronis
2641 2379 2930 2456 petitione

627 2474 996 2555 consulatus,
1056 2470 1158 2554 75,
1189 2471 1426 2536 8-20
1475 2474 1546 2536 de
1594 2474 1657 2536 C.
1697 2475 1933 2536 Antonii
1987 2477 2332 2554 ignominia,
2390 2471 2493 2554 75,
2520 2471 2831 2553 23-76,
2859 2471 2930 2556 2;

629 2569 732 2654 79,
761 2569 1062 2652 28-80,
1091 2569 1163 2654 4;
1204 2568 1305 2651 76,
1336 2569 1600 2654 6-1ος
1643 2569 1745 2652 78,
1776 2569 1995 2655 7-9;
2043 2569 2147 2652 80,
2177 2569 2445 2654 8-113
2486 2569 2589 2651 82,
2619 2569 2930 2654 22--233

629 2667 909 2734 14-—16
968 2670 1040 2732 de
1097 2669 1382 2732 Catilinae
1442 2665 1761 2756 moribus).
1848 2670 2007 2733 unde
2073 2679 2269 2733 autem
2334 2670 2713 2746 Plutarchus,
2752 2671 2931 2733 huius

625 2769 765 2832 libri
801 2771 1073 2832 notitiam
1109 2768 1402 2848 habuerit,
1441 2771 1804 2848 ignoramuS,
1842 2787 1955 2831 nec
1982 2769 2201 2849 quihus
2230 2768 2445 2831 riuulis
2472 2768 2546 2830 ad
2576 2769 2930 2848 Charisium,

625 2870 1037 2948 Augustinum,
1084 2867 1398 2928 Boethium
1449 2866 1701 2929 deducta
1748 2870 1842 2929 sit.

804 2965 999 3028 Pauca
1053 2967 1237 3044 igitur
1287 2983 1358 3027 ex
1413 2964 1526 3026 hac
1573 2965 1881 3026 Ciceronis
1935 2967 2183 3027 historia
2230 2965 2304 3027 ad
2351 2984 2459 3026 nos
2503 2975 2929 3046 peruenerunt,

626 3073 694 3126 ut
745 3083 822 3126 ne
877 3064 992 3125 hoc
1045 3062 1287 3143 quidem
1343 3066 1681 3125 accuratius
1740 3065 2041 3126 certiusue
2098 3063 2337 3125 definiri
2382 3066 2588 3143 possit,
2635 3083 2783 3144 quas
2832 3083 2928 3125 res

624 3161 782 3224 ultra
853 3163 1054 3242 ipsum
1126 3161 1497 3223 consulatum
1569 3160 1857 3243 conplexa
1930 3163 2035 3240 sit,
2100 3180 2295 3242 neque
2361 3161 2461 3224 diu
2528 3165 2591 3223 in
2656 3162 2931 3224 manibus

626 3267 901 3322 ueterum
948 3258 1190 3322 uidetur
1225 3260 1431 3338 fuisse,
1479 3262 1594 3322 etsi
1632 3260 1909 3341 aequales
1944 3278 2217 3339 magnam
2254 3279 2423 3341 spem
2468 3263 2533 3321 in
2580 3263 2711 3322 eius
2748 3261 2931 3323 sacul-

625 3365 746 3420 tate
794 3357 1036 3420 Latinae
1084 3357 1367 3420 historiae
1413 3367 1759 3438 posuerunt.
1825 3377 1963 3420 nam
2010 3358 2321 3421 Cornelius
2368 3357 2565 3439 Nepos
2612 3359 2929 3422 historicos

626 3455 866 3518 Latinos
925 3473 1276 3537 recensenS,
1332 3475 1468 3518 cnm
1521 3453 1883 3538 ὑπόμνημα
1934 3463 2002 3517 ut
2047 3455 2273 3518 Graece
2328 3459 2645 3537 scriptum,
2698 3460 2930 3538 exposi-

625 3557 852 3616 tionem
907 3563 975 3616 ut
1027 3562 1154 3614 arte
1211 3553 1507 3616 rhetorica
1564 3563 1868 3618 carentem
1924 3573 2044 3618 non
2092 3563 2357 3635 curaret,
2402 3563 2594 3616 morte
2642 3559 2771 3618 eius
2817 3556 2929 3618 hoc

627 3670 816 3732 genus
847 3652 1179 3714 litterarum
1209 3651 1552 3714 Latinarum
1581 3657 1823 3715 omnino
1864 3653 2010 3715 rude
2050 3662 2225 3733 atque
2274 3654 2615 3715 incohatum
2652 3655 2930 3718 relictum

627 3769 760 3812 esse
807 3753 1097 3831 queritur.
1169 3751 1318 3812 haec
1364 3753 1524 3813 enim
1563 3751 1711 3812 dicit
1746 3755 1853 3826 (de
1890 3757 2009 3814 uir.
2038 3755 2122 3814 ill.
2147 3752 2230 3829 fr.
2263 3753 2406 3827 17).·
2452 3755 2587 3813 Non
2634 3757 2931 3828 ignorare

627 3850 809 3910 debes
863 3865 1049 3910 unum
1102 3850 1220 3912 hoo
1269 3867 1468 3925 glenus
1513 3850 1879 3912 Latinarum
1932 3854 2280 3912 litterarum
2335 3853 2541 3912 adhuc
2586 3869 2708 3912 non
2754 3855 2929 3913 modo

627 3966 748 4009 non
810 3949 1182 4026 respondere
1249 3949 1575 4024 Graeciae,
1635 3951 1748 4009 sed
1804 3953 2047 4010 omnino
2110 3951 2268 4011 rude
2330 3957 2514 4025 atque
2577 3951 2928 4012 incohatum

627 4054 818 4106 morte
849 4047 1185 4106 Ciceronis
1232 4049 1530 4107 relictum.
1604 4050 1707 4108 ille
1762 4051 1920 4108 enim
1968 4047 2095 4124 suit
2148 4065 2333 4122 unus,
2388 4051 2497 4123 qui
2538 4053 2819 4123 potuerit
2870 4056 2929 4108 et

809 4201 862 4269 1)
899 4197 980 4254 cf.
1009 4197 1380 4255 Mendelsohn
1431 4199 1492 4253 in
1539 4203 1833 4255 comment.
1865 4199 1987 4255 orit.
2018 4201 2161 4271 App.
2191 4218 2246 4270 p.
2278 4206 2381 4255 687
2402 4218 2522 4270 sqq.
2578 4199 2680 4256 Th.
2702 4199 2929 4256 Wiede-

626 4295 798 4333 mann
833 4279 896 4334 in
929 4276 1136 4335 Philol.
1167 4285 1231 4332 21
1271 4297 1322 4349 p.
1354 4285 1659 4346 478-480,
1696 4279 1797 4348 qui
1823 4283 2050 4351 praeter
2078 4279 2409 4336 Sallustium
2434 4279 2765 4350 primarium
2796 4297 2927 4335 auc·

624 4362 807 4415 torem
841 4358 1028 4430 ipsum
1062 4357 1430 4413 Plutarchum
1467 4359 1541 4414 ab
1580 4361 1843 4430 Appiano
1880 4360 2196 4430 inspectum
2234 4377 2354 4416 esse
2392 4365 2595 4416 censet.
