3234 5034
1027 326 1090 392 Q.
1121 328 1476 388 Ascomvs
1515 329 1881 386 PEDIANVS
2483 327 2613 394 109

309 497 554 578 gaudes»,
601 499 842 558 Antonii
879 498 1092 560 luliani
1139 500 1212 562 de
1259 499 1492 562 ludaeis
1539 501 1809 579 require:
1856 501 1973 560 iam
2012 499 2169 560 scies
2206 498 2466 576 nequitia
2506 515 2613 558 sua

307 596 466 658 hanc
511 615 616 656 eos
663 598 958 659 meruisse
1003 598 1327 678 fortunam,
1383 617 1498 660 nec
1554 597 1877 678 quidquam
1934 596 2228 658 accidisse
2281 594 2439 674 quod
2492 613 2613 656 non

310 697 392 756 sit
437 696 536 774 iis,
582 697 634 754 si
681 697 744 754 in
791 699 1163 758 contumacia
1210 705 1691 777 perseuerarent,
1739 704 1874 758 ante
1920 695 2310 775 praedictum.

994 927 1070 1013 Q.
1110 927 1491 1002 ASCONII
1545 925 1949 1000 PEDIANI

911 1089 1022 1150 DE
1069 1091 1268 1151 VITA
1313 1090 1733 1152 SALLVSTII
1781 1089 2039 1150 CRISPI

495 1225 558 1293 1.
610 1233 1002 1292 Pseud-Aer.
1043 1234 1129 1292 ad
1162 1233 1379 1294 Horat.
1407 1241 1521 1294 sat.
1561 1233 1602 1292 I
1632 1233 1692 1308 2,
1731 1233 1816 1292 41
1857 1234 1987 1305 (ille
2024 1234 2292 1308 flayellis
2338 1234 2425 1292 ad
2458 1249 2617 1292 mor·

257 1349 282 1390 a
311 1338 428 1390 tem
469 1332 742 1403 caesnas)
783 1327 1100 1391 Sallustius
1147 1331 1307 1390 enim
1346 1329 1593 1410 Crispus
1640 1332 1703 1390 in
1742 1329 2007 1408 Faustae,
2056 1328 2252 1391 Sullae
2300 1327 2472 1410 tiliae,
2518 1329 2618 1390 ad-

312 1425 532 1487 ulterio
582 1427 992 1506 deprehensus
1039 1427 1112 1488 ab
1151 1429 1344 1488 Annio
1381 1426 1597 1489 Milone
1635 1426 1885 1506 flagellis
1930 1445 2141 1488 caesus
2190 1445 2323 1488 esse
2373 1427 2617 1488 dicitur:

313 1543 492 1604 quem
541 1527 833 1587 Asconius
879 1523 1177 1586 Pedianus
1223 1528 1285 1586 in
1331 1529 1456 1588 uita
1504 1527 1634 1588 eius
1683 1527 1991 1606 significat.

1023 1766 1096 1840 O.
1141 1766 1446 1840 PLINII
1501 1765 1917 1842 SECVNDI

881 1929 986 1988 DE
1035 1929 1230 1988 V1TA
1277 1927 1671 1988 POMPONII
1718 1928 2069 1989 SECVNDI

502 2063 570 2134 1.
625 2072 774 2132 Ptin.
821 2089 880 2132 n.
928 2073 984 2131 h.
1024 2071 1242 2132 XIIII
1277 2072 1365 2130 55
1429 2069 1548 2132 Sed
1614 2071 2061 2158 ceteris-‚uinis
2126 2070 2621 2140 commendandis
2733 2061 2750 2094 ²
2812 2085 2821 2093 ·

317 2170 565 2230 minima
611 2168 810 2249 aliqua
853 2170 1112 2230 mixtura
1157 2167 1590 2230 medicamenta
1638 2177 1792 2231 sunt.
1813 2168 2024 2249 '‘quod
2061 2178 2131 2230 ut
2168 2171 2299 2232 eius
2336 2170 2623 2249 temporis

237 2287 290 2327 ιο
317 2269 729 2330 aestimatione
776 2268 838 2328 in
887 2265 1150 2346 singulas
1197 2267 1512 2347 amphoras
1557 2269 1796 2328 centeni
1852 2269 2082 2330 nummi
2138 2275 2491 2346 statuantur,
2546 2285 2621 2328 ex

317 2366 412 2426 his
458 2374 656 2427 tamen
702 2382 886 2427 usura
933 2365 1318 2445 multiplicata
1367 2365 1745 2446 semissibus,
1801 2385 1953 2446 quae
2011 2365 2207 2430 ciuilis
2265 2386 2332 2428 ac
2388 2364 2619 2428 modica

316 2473 428 2544 est,
474 2465 536 2524 in
585 2461 692 2524 Gai
738 2463 1008 2525 Caesaris
1057 2461 1396 2525 Germanici
1442 2463 1526 2524 fili
1574 2465 1929 2544 principatu,
1968 2466 2139 2525 annis
2179 2477 2318 2525 CLX
2355 2461 2621 2542 singulas

315 2563 525 2624 uncias
593 2563 719 2622 uini
783 2581 852 2624 eo
918 2562 1260 2624 constitisse
1326 2559 1509 2622 nobili
1583 2562 1853 2642 exemplo
1922 2561 2232 2624 docuimus
2288 2563 2621 2625 reserentes

316 2662 504 2724 uitam
551 2658 861 2740 Pomponii
910 2660 1170 2721 Secundi
1215 2661 1372 2722 uatis
1411 2678 1757 2741 cenamque,
1804 2678 1981 2740 quam
2020 2663 2278 2742 principi
2314 2659 2403 2721 illi
2444 2659 2621 2722 dedit.

777 2838 1215 2899 BELLORVM
1263 2838 1745 2899 GERMANIAE
1794 2839 2015 2899 LIBRI
2061 2841 2169 2899 XX
2680 2923 2745 2971 12

243 3000 293 3040 ιε
502 2976 614 3042 2*.
665 2982 828 3044 Suet.
865 2983 1058 3057 Galia.
1088 2981 1130 3040 8
1172 2979 1278 3042 Vbi
1313 2989 1490 3041 natus
1529 2981 1610 3041 sit
1647 2980 1743 3058 [C.
1781 2981 2057 3060 Caesarj,
2095 2973 2393 3044 incertum
2425 2982 2623 3042 diuer·
2658 2993 2765 3060 535

322 3081 470 3142 sitas
527 3078 887 3141 tradentium
943 3079 1100 3140 facit.
1191 3076 1295 3138 Cn.
1343 3077 1631 3138 Lentulus
1688 3077 2029 3140 Gaetulicus
2085 3077 2294 3141 Tiburi
2356 3081 2620 3156 genitum
2657 3095 2725 3148 fr
2749 3101 2776 3148 1

324 3203 478 3210 .———

507 3269 564 3324 1.
613 3269 735 3323 Vid.
767 3271 884 3324 Por
855 3269 1205 3406 νέζιὲνίοηειη
1246 3269 1321 3322 ad
1367 3268 1596 3322 eundem
1634 3270 1809 3323 locum
1847 3273 1923 3337 (p.
1954 3272 2064 3322 193
2094 3269 2357 3352 Meyer)
2396 3267 2517 3322 Hoc
2555 3269 2627 3322 de

323 3339 468 3395 Gaio
507 3337 775 3394 Sallustio
813 3340 872 3393 ui
912 3343 1040 3392 etur
1076 3337 1188 3393 dici
1245 3338 1342 3408 qui
1381 3338 1761 3422 deprehensus
1799 3287 1909 3392 abp
1908 3339 2094 3393 Annio
2122 3338 2331 3394 Milone
2369 3339 2429 3392 in
2468 3339 2626 3393 adul-

321 3411 469 3466 terio
507 3411 752 3465 Faustae
791 3409 980 3479 Syllae
1018 3409 1220 3464 Felicis
1257 3409 1408 3464 filiae
1445 3410 1635 3464 uxoris
1672 3411 1795 3464 eius
1830 3409 1947 3480 flag
1946 3409 2073 3464 eliis
2111 3427 2306 3465 caesus
2344 3416 2445 3466 est

508 3483 562 3538 1.
602 3483 690 3537 De
726 3484 1030 3551 Pomponio
1067 3483 1217 3536 Ptin.
1247 3483 1412 3536 etiam
1451 3481 1574 3536 VII
1603 3485 1677 3536 39
1712 3489 1764 3536 et
1800 3487 1875 3536 80
1912 3483 2181 3552 quaedam
2218 3484 2466 3538 inseruit.

505 3553 564 3608 2.
603 3553 698 3608 Sic
732 3553 1028 3608 Saeoetoniua
1063 3554 1318 3612 Pliniwm
1355 3553 1669 3624 redomuit.-
1703 3553 1849 3608 Nam
1878 3553 1977 3621 qui
2012 3569 2101 3607 res
2138 3553 2381 3636 Augu-sti
2419 3570 2624 3608 memo-

323 3625 442 3680 riae
479 3625 838 3691 mandarunt,
869 3623 1262 3678 Germanicum
1301 3627 1498 3678 exacto
1536 3623 1833 3679 consulatu
1872 3623 1931 3678 in
1960 3623 2205 3680 Galliam
2238 3623 2468 3681 missum
2498 3642 2625 3679 con·

414 3730 531 3736 ——-
554 3729 795 3736 .-———-———-

324 3811 380 3854 a.
409 3787 608 3876 com),
653 3797 726 3854 ut
767 3797 1142 3854 mnaeamus
1177 3796 1406 3852 ueteres
1445 3793 1616 3852 Flaui
1654 3794 1853 3870 Iosepi
1890 3786 2147 3876 (iosaepi
2182 3795 2301 3854 eod.
2332 3813 2389 3854 a.
2417 3787 2492 3874 c.)
2532 3795 2629 3853 uel

326 3883 602 3944 antonini
639 3883 790 3956 (eod.
819 3902 873 3942 a.
903 3884 978 3956 c.)
1016 3883 1138 3943 cod.
1167 3885 1531 3956 transposuit
1554 3883 1831 3944 Παιάνιον
2010 3884 2067 3942 3.
2113 3877 2219 3962 iis]
2258 3883 2352 3944 his
2389 3884 2509 3942 eod.

512 3965 578 4052 l,
611 3975 668 4031 7.
695 3971 997 4036 tasconins
1015 3972 1110 4031 uel
1137 3971 1460 4032 tasiconius
1483 3971 1580 4030 uel
1606 3975 1965 4033 erasioonius
1991 3973 2111 4032 cod.
2122 3973 2345 4032 Kelleri
2363 3973 2450 4030 II
2458 3991 2524 4047 p.
2539 3975 2625 4033 21

512 4055 579 4141 l,
615 4063 712 4122 10.
742 4080 812 4120 ex
839 4061 933 4120 his
960 4063 1164 4119 tamen
1191 4062 1330 4120 libri
1359 4061 1550 4119 decies
1579 4065 1817 4120 tantum
1834 4062 2035 4120 Keller
2062 4079 2141 4120 xc
2162 4079 2239 4120 ns
2258 4063 2462 4121 tamen
2481 4066 2627 4122 coni.

328 4153 612 4227 Mayhoff
787 4152 884 4212 12.
935 4143 1134 4228 annis]
1173 4150 1428 4208 nummis
1465 4149 1620 4214 Hm.
1807 4154 1906 4210 13.
1952 4150 2082 4208 uini
2118 4169 2186 4208 eo
2230 4151 2455 4210 Vrle'chs
2502 4151 2628 4210 uini

327 4240 470 4300 Par.
495 4241 657 4315 παῖς.
695 4240 905 4298 uineae
945 4239 1072 4298 Vat.
1101 4239 1240 4298 Par.
1279 4238 1410 4298 uini
1447 4241 1574 4298 eius
1613 4243 1759 4299 corvi.
1780 4241 2060 4314 Mayhoff
2184 4240 2527 4300 constitutis
2566 4259 2627 4300 se

338 4330 468 4390 Vat.
499 4329 638 4388 Par.
