3234 5034
671 359 859 408 cxxx
1163 337 1260 394 DE
1299 335 1759 394 SCRIPTORVM
1798 337 1987 394 VITIS
2026 337 2119 392 ΕΤ
2160 337 2475 393 SCRIPTIS

1094 561 1175 633 P.
1211 559 1604 634 CLODIVS
1662 559 2115 635 THRASEA
2174 558 2539 634 PAETVS

851 741 1136 802 Senecam
1195 747 1520 822 sequantur
1576 737 1692 800 duo
1747 739 1893 818 uiri,
1958 741 2063 820 qui
2118 757 2236 800 non
2294 748 2362 800 ut
2414 741 2600 799 uitam
2646 738 2971 799 illustrium

671 839 1040 920 quorundam
1088 841 1357 900 uirorum
1404 840 1661 917 posteris
1709 837 2011 898 traderent
2059 837 2164 898 sed
2200 845 2269 898 ut
2306 845 2513 898 contra
2550 838 2969 917 imperatorem

671 935 966 998 Neronem
1015 936 1302 999 inuidiam
1350 936 1772 1015 incenderent,
1828 935 2059 996 libellos
2116 955 2255 997 suos
2312 944 2779 1015 composuerunt
2825 934 2971 995 mul·

670 1042 878 1116 tosque
925 1045 1128 1115 postea
1175 1034 1285 1097 sub
1333 1034 1665 1096 Domitiano
1714 1037 1916 1095 nancti
1963 1044 2103 1096 sunt
2148 1037 2251 1114 qui
2297 1036 2692 1096 imitarentur.

849 1134 1022 1195 Prior
1082 1135 1194 1196 fuit
1246 1133 1508 1195 Thrasea
1571 1131 1672 1194 ille
1730 1135 1874 1195 satis
1929 1131 2205 1194 omnibus
2272 1141 2447 1194 notus
2456 1180 2474 1212 ,
2540 1135 2643 1213 qui
2698 1133 2973 1194 Tacitum

669 1233 846 1294 huius
893 1234 1084 1312 ipsius
1132 1229 1419 1294 ‘uirtutis'
1469 1250 1824 1311 praeconem
1872 1230 2160 1310 legerunt.
2176 1227 2218 1304 ¹)
2310 1231 2355 1290 Α
2393 1231 2633 1293 Patauio
2680 1230 2972 1292 oriundus

671 1333 788 1391 iam
845 1351 894 1393 a.
941 1326 1198 1413 42s795
1254 1331 1485 1391 Arriam
1533 1349 1772 1391 socrum
1817 1348 1893 1391 ne
1949 1338 2286 1391 moreretur
2338 1329 2561 1391 frustra
2616 1329 2972 1408 deprecatus

672 1431 859 1503 (Ptin.
908 1449 996 1508 ep.
1037 1431 1151 1490 III
1189 1430 1292 1506 16,
1341 1429 1474 1506 10),
1523 1448 1639 1509 qua
1686 1437 1846 1489 esset
1888 1427 2087 1489 indole
2135 1429 2317 1489 animi
2364 1429 2740 1508 significauit.
2838 1447 2971 1488 nam

671 1529 786 1590 etsi
835 1529 1158 1589 stoicorum
1204 1529 1540 1607 praeceptis
1585 1529 1828 1587 omnino
1875 1526 2145 1588 addictus
2194 1535 2335 1606 erat,
2382 1535 2582 1587 tamen
2621 1535 2826 1608 aperte
2866 1529 2970 1587 im-

669 1625 1045 1707 peratoribus
1105 1625 1412 1686 aduersari
1457 1623 1794 1686 uerebatur.
1888 1643 2003 1706 qua
2070 1625 2141 1686 de
2198 1644 2375 1687 causa
2437 1626 2570 1686 fieri
2622 1627 2845 1706 potuit,
2910 1633 2971 1686 ut

676 1723 956 1806 Senecae,
1001 1731 1070 1785 ut
1105 1723 1362 1803 uidetur,
1409 1725 1759 1784 auctoritate
1799 1722 2035 1784 adiutus
2073 1743 2122 1785 a.
2162 1719 2399 1805 56s809
2439 1725 2647 1785 consul
2684 1725 2968 1786 suffectus

675 1832 736 1884 et
781 1822 988 1884 eodem
1036 1822 1287 1884 fortasse
1335 1829 1602 1902 tempore
1651 1820 2092 1901 quindecimuir
2146 1824 2331 1883 sacris
2387 1821 2681 1883 faciundis
2740 1841 2967 1883 creare-

671 1930 789 2000 tur,
834 1921 947 1982 hoc
993 1929 1191 1982 autem
1237 1928 1486 2000 patrono
1533 1939 1566 1981 e
1613 1921 1801 1999 gratia
1839 1922 2218 2000 imperatoria
2256 1928 2483 1982 remoto
2523 1923 2702 1982 etiam
2740 1923 2871 2001 ipse
2907 1923 2966 1980 in

671 2028 941 2081 senatum
989 2021 1241 2080 introire
1287 2018 1486 2080 nollet.
1579 2025 1739 2079 totus
1785 2020 1972 2098 igitur
2015 2021 2080 2080 in
2126 2021 2312 2080 uitam
2371 2021 2665 2099 priuatam
2722 2021 2969 2081 secessit

673 2114 1136 2198 ‘illustriumque
1201 2119 1472 2178 uirorum
1531 2115 2007 2197 feminarumque
2068 2125 2272 2179 coetus
2333 2115 2699 2198 frequentes'
2764 2116 2969 2197 agebat

673 2217 848 2290 (Tac.
897 2235 1038 2278 ann.
1086 2216 1255 2277 XVI
1283 2216 1427 2292 34),
1484 2215 1803 2276 Brutorum
1861 2223 1920 2276 et
1965 2214 2306 2277 Cassiorum
2365 2216 2491 2277 dies
2547 2215 2773 2278 natales
2820 2214 2966 2277 cele-

669 2313 913 2376 brantes
961 2315 1204 2388 (quen.
1254 2315 1312 2390 5,
1360 2315 1504 2394 36),
1551 2315 1711 2376 inter
1757 2332 1905 2394 quos
1954 2315 2133 2375 etiam
2177 2313 2421 2376 Persius
2468 2321 2642 2394 poeta
2688 2314 2827 2394 ruit,
2866 2317 2967 2394 qui

674 2410 903 2474 ‘decem
949 2412 1075 2473 fere
1123 2413 1293 2473 annis
1341 2431 1570 2472 summe
1619 2411 1872 2473 dilectus
1920 2431 1951 2472 a
1996 2411 2257 2473 Thrasea
2304 2420 2412 2493 est,
2466 2414 2551 2473 ita
2594 2419 2663 2474 ut
2708 2415 2967 2494 peregri·

671 2518 918 2572 naretur
962 2530 1098 2571 cum
1147 2529 1216 2570 eo
1263 2507 1601 2590 aliquando'
1653 2511 1834 2584 (Vita
1872 2511 2040 2571 Pers.
2067 2530 2136 2588 p.
2165 2511 2297 2571 235
2340 2512 2522 2572 Jahn.
2555 2511 2641 2570 74
2686 2511 2967 2587 Rffschd.

673 2607 780 2670 sed
825 2611 888 2669 in
936 2607 1183 2669 eandem
1230 2610 1583 2669 sententiam
1633 2607 1791 2669 idem
1848 2606 2087 2670 Catonis
2137 2607 2431 2670 Vticensis
2486 2611 2671 2669 uitam
2729 2611 2969 2689 scripsit

673 2706 943 2768 Caesaris
981 2707 1328 2768 Anticatone
1365 2706 1735 2786 maculatam,
1774 2705 1953 2786 idque
1991 2708 2073 2767 ita
2109 2715 2177 2767 ut
2212 2706 2461 2768 Munatii
2487 2705 2620 2768 Rufi
2661 2709 2751 2781 (u.
2778 2725 2969 2785 supra

658 2826 727 2884 p.
749 2807 952 2882 mm)
983 2807 1282 2885 copiosam
1309 2806 1710 2866 narrationem
1747 2811 1814 2866 ut
1852 2804 2112 2884 aequalis
2152 2807 2502 2885 comitisque
2539 2824 2734 2886 neque
2774 2813 2969 2867 tamen

671 2907 733 2965 in
771 2905 899 2966 eius
936 2903 1386 2965 admirationem
1423 2905 1665 2964 omnino
1704 2903 1878 2964 effusi
1914 2909 2267 2964 retractaret
2303 2905 2671 2982 criminaque
2712 2906 2775 2965 in
2804 2903 2970 2966 illum

672 3004 938 3064 coniecta
985 3002 1289 3063 refutaret.

848 3101 970 3162 Iam
1025 3118 1172 3161 uero
1225 3099 1577 3161 Plutarchus
1625 3098 1843 3160 Romae
1900 3101 2075 3160 etiam
2134 3099 2197 3162 L.
2246 3099 2400 3161 lunii
2445 3099 2690 3162 Aruleni
2736 3099 2973 3162 Rustici

673 3201 847 3260 stoici
884 3196 1114 3258 scholas
1155 3197 1382 3260 audiuit
1421 3200 1526 3272 (de
1564 3203 1787 3260 curios,
1830 3200 1961 3277 15),
2010 3198 2112 3278 qui
2148 3206 2395 3278 propter
2430 3198 2637 3259 laudes
2672 3197 2971 3260 Thraseae

673 3298 920 3376 eiusque
959 3297 1164 3376 generi
1203 3295 1464 3357 Heluidii
1499 3296 1689 3357 Prisci
1730 3315 1761 3357 a
1798 3295 2130 3357 Domitiano
2169 3298 2403 3358 occisus
2442 3304 2534 3357 est
2570 3289 2651 3380 (a.
2681 3291 2973 3382 93J846),

674 3413 860 3474 eaque
909 3396 1134 3455 ratione
1183 3397 1360 3456 etiam
1416 3397 1477 3455 in
1533 3394 1694 3455 illius
1750 3393 1936 3455 libelli
1984 3396 2378 3473 cognitionem
2428 3397 2701 3475 peruenit
2748 3398 2973 3475 optime

675 3512 809 3554 cum
856 3512 963 3554 suo
1011 3493 1204 3555 studio
1253 3493 1761 3572 admirationeque
1807 3493 2195 3570 concinentiS,
2243 3511 2437 3573 neque
2475 3493 2599 3554 solo
2638 3513 2780 3555 casu
2819 3495 2973 3555 acci-

674 3591 776 3670 dit,
841 3599 908 3652 ut
971 3592 1116 3652 haec
1181 3600 1481 3672 tamquam
1547 3589 1927 3652 fundamenta
1999 3609 2140 3652 suae
2198 3593 2327 3652 eius
2372 3592 2531 3653 uitae
2576 3601 2844 3673 poneret,
2910 3591 2973 3652 id

674 3688 830 3770 quod
875 3691 1060 3762 Duell.
1102 3693 1158 3751 d.
1201 3692 1355 3751 Plut.
1381 3709 1448 3767 p.
1481 3689 1745 3750 65—68
1794 3691 2041 3768 exposui
2086 3689 2471 3769 probauique,
2519 3689 2683 3770 quod·
2714 3693 2972 3751 maxime

673 3789 913 3868 gauisus
981 3807 1130 3868 sum,
1196 3787 1431 3849 Alfredo
1497 3786 1569 3848 de
1638 3786 1986 3849 Gutschmid
2053 3789 2303 3864 (Opusc.
2348 3789 2403 3848 V
2436 3808 2503 3865 p.
2542 3789 2721 3863 359).
2832 3807 2969 3850 nam

673 3895 910 3966 praeter
956 3886 1445 3948 consuetudinem
1493 3905 1660 3947 suam
1700 3885 2050 3947 Plutarchus
2098 3887 2306 3947 citauit
2349 3885 2449 3947 ille
2488 3884 2726 3966 quidem
2766 3885 2971 3948 Muna-

675 3986 822 4046 tium
889 3984 993 4044 sed
1053 3993 1307 4065 utroque
1371 3984 1498 4045 loco
1545 3983 1867 4045 Thraseam
1933 4003 2001 4044 eo
2064 3991 2302 4045 auctore
2363 4003 2539 4045 usum
2599 4003 2731 4046 esse
2792 3983 2971 4045 adicit

675 4083 762 4156 (u.
795 4083 881 4161 fr.
921 4085 980 4144 1.
1018 4083 1108 4162 2),
1163 4089 1231 4144 ut
1276 4082 1348 4145 ab
1394 4082 1508 4144 hoc
1555 4082 1774 4143 fontem
1824 4101 1998 4143 suum
2046 4101 2163 4143 non
2210 4101 2343 4144 esse
2390 4083 2825 4144 dissimulatum
2872 4102 2969 4163 ap·

857 4275 907 4341 1)
954 4271 1038 4326 De
1083 4271 1206 4327 uita.
1252 4291 1304 4328 u.
1343 4271 1570 4342 Prosop.
1598 4272 1626 4325 I
1673 4291 1727 4342 p.
1757 4277 1863 4326 423
1899 4290 1952 4326 n.
1985 4277 2104 4327 938.
2180 4271 2437 4350 Kunnert
2480 4271 2865 4340 Pauly-wisa.
2892 4271 2971 4326 IV

675 4369 722 4410 o.
754 4357 819 4406 99
841 4369 960 4420 sqq.
