3234 5034
425 1102 464 1155 Z
496 1108 600 1157 429

423 1388 462 1441 Z
494 1392 595 1442 491

511 2321 580 2368 42

494 2412 596 2475 ‘1'12

639 333 726 397 52
1521 332 1581 385 P.
1622 329 2049 385 VOLVMNIVS

639 491 868 561 οὖσαν.
943 490 1028 579 ἦν
1074 496 1198 580 γὰρ
1247 494 1320 560 ἐκ
1373 507 1509 560 τῶν
1547 492 1953 579 Ἑλληνικῶν
2002 495 2336 578 διάθεσις,
2389 497 2940 579 προπεμπόμενος

623 592 879 678 ’Έκτωρ
926 594 1056 660 ὑπὸ
1101 592 1544 678 Ἀνδρομάχης
1586 592 2017 677 κομιζομένης
2061 592 2213 677 παρ’
2269 594 2478 659 αὐτοῦ
2522 594 2598 657 τὸ
2644 593 2941 677 παιδίον,

639 692 870 777 ἐκείνῳ
927 694 1002 758 δὲ
1055 693 1617 777 προσβλεπούσης.
1696 700 1903 757 ταῦτα
1956 690 2307 775 θεωμένην
2359 693 2482 775 τὴν
2536 693 2845 775 Πορκίαν
2900 692 2941 775 ἡ

637 799 759 856 τοῦ
807 792 1072 867 πάθους
1109 790 1305 855 εἰκὼν
1345 788 1639 872 ἐξέτηξεν
1675 794 1769 866 είς
1806 788 2091 874 δάκρυα·
2139 788 2248 855 καὶ
2283 790 2601 866 πολλάκις
2638 801 2943 875 φοιτῶσα

636 897 754 971 τῆς
808 886 1052 974 ἡμέρας
1105 884 1384 953 ἔκλαιεν.
1449 886 1744 953 Ἀκιλίου
1800 886 1881 953 δέ
1930 911 2113 965 τινος
2167 898 2303 953 τῶν
2358 889 2663 972 Βρούτου
2720 890 2940 971 φίλων
2968 903 2995 943 ⁸

637 989 718 1051 τὰ
763 988 929 1071 πρὸς
959 985 1242 1071 ’Ἑκτορα
1286 996 1402 1069 τῆς
1441 984 1890 1070 Ἀνδρομάχης
1937 988 2057 1069 ἔπη
2108 987 2499 1062 διελθόντος

774 1083 1064 1170 ““Εκτορ,
1109 1083 1274 1167 ἀτὰρ
1323 1085 1409 1148 σύ
1453 1108 1570 1167 μοι
1615 1082 1760 1149 ἐσσὶ
1806 1085 2020 1170 πατὴρ
2066 1082 2175 1149 καὶ
2222 1087 2456 1149 πότνια
2503 1086 2717 1168 μήτηρ

815 1180 934 1268 ἠδὲ
981 1184 1396 1266 κασίγνητος,
1443 1184 1530 1247 σὺ
1577 1181 1659 1247 δέ
1697 1206 1812 1266 μοι
1858 1182 2149 1266 θαλερὸς
2192 1184 2593 1266 παρακοίτης
2607 1180 2645 1265 ’,

635 1282 983 1365 μειδιάσας
1027 1280 1063 1346 6
1113 1284 1412 1363 Βροῦτος
1468 1277 1670 1345 “Ἀλλ’
1724 1280 1847 1345 οὐκ
1886 1279 2039 1362 ἐμοί
2077 1278 2167 1363 y’'
2220 1272 2361 1345 εἶπε
2399 1280 2597 1366 “πρὸς
2636 1285 2943 1365 Πορκίαν

635 1376 848 1445 ἔπεισι
911 1380 1121 1464 φάναι
1183 1379 1263 1443 τὰ
1325 1386 1446 1443 τοῦ
1484 1377 1825 1459 ’Ἑκτοροςτ
2972 1394 3029 1434 1⁰

775 1474 1014 1543 “Io'vdv
1058 1475 1115 1540 τ’
1166 1477 1503 1561 ἠλακάτην
1547 1500 1615 1541 τε
1663 1473 1772 1542 καὶ
1820 1476 2260 1561 ἀμφιπόλοισι
2306 1475 2529 1543 κέλευε
2544 1477 2580 1543 ’.

638 1577 939 1660 σώματος
984 1577 1112 1659 γὰρ
1160 1575 1578 1641 ἀπολείπεται
1634 1576 1834 1659 φύσει
1890 1586 2027 1640 τῶν
2082 1580 2247 1640 ἴσων
2296 1573 2943 1662 ἀνδραγαθημάτων,

636 1675 867 1760 γνώμῃ
915 1672 974 1739 δ’
1021 1673 1189 1757 ὑπὲρ
1234 1682 1352 1757 τῆς
1395 1674 1733 1756 πατρίδος,
1780 1674 2001 1757 ὥσπερ
2038 1674 2242 1757 ἡμεῖς,
2288 1672 2663 1757 ἀριστεύει’.
2719 1677 2941 1739 Ταῦτα

634 1772 756 1857 μὲν
808 1770 844 1837 ὁ
890 1781 1004 1855 τῆς
1053 1775 1349 1857 Πορκίας
1391 1772 1540 1849 υἱὸς
1589 1772 1891 1857 ἱστόρηκε
1937 1771 2217 1853 Βύβλος.

1511 2025 1586 2097 Ρ.
1616 2023 2058 2097 VOLVMM

994 2185 1555 2246 coNMENTAm]
1599 2186 1709 2245 DE
1756 2186 2031 2247 PVGNA
2078 2185 2591 2247 PHILIPPENSI

819 2340 930 2409 1³¹⁶.
982 2348 1138 2407 Plut.
1177 2348 1349 2408 Brut.
1388 2346 1476 2407 48
1531 2340 1647 2406 Ἐν
1702 2339 1919 2427 ἐκείνῃ
1967 2338 2041 2407 δὲ
2086 2351 2166 2427 τῇ
2214 2339 2406 2407 νυκτὶ
2454 2342 2627 2423 [ante
2658 2364 2947 2424 puqnam
2976 2366 3025 2408 ιι

638 2442 1114 2523 Philippensem]
1179 2442 1382 2505 πάλιν
1455 2438 1667 2525 φασὶν
1739 2442 1832 2516 εἰς
1896 2441 2058 2517 ὄψιν
2132 2436 2362 2505 ἐλθεῖν
2423 2440 2499 2505 τὸ
2565 2441 2798 2523 φάσμα
2856 2448 2947 2529 τᾷ

634 2540 915 2626 Βρούτῳ
960 2536 1070 2603 καὶ
1115 2539 1238 2623 τὴν
1284 2537 1494 2623 αὐτὴν
1531 2536 2033 2620 ἐπιδειξάμενον
2076 2539 2239 2617 ὄφιν
2283 2537 2485 2603 οὐδὲν
2528 2540 2761 2621 εἰπεῖν,
2800 2537 2937 2605 ἀλλ’

637 2644 962 2721 οἴχεσθαι.
1036 2639 1336 2715 Πόπλιος
1384 2634 1457 2701 δὲ
1505 2636 1942 2721 Βολούμνιος,
2000 2635 2168 2721 ἀνὴρ
2208 2639 2580 2720 φιλόσοφος
2623 2634 2736 2701 καὶ
2783 2653 2945 2702 συν-

634 2734 1147 2822 εστρατευμένος
1209 2732 1318 2801 ἀπ’
1383 2733 1586 2819 ἀρχῆς
1645 2736 1956 2822 Βρούτῳ,
2026 2742 2224 2800 τοῦτο
2288 2730 2413 2818 μὲν
2477 2734 2558 2800 οὐ
2628 2734 2807 2817 λέγει
2869 2736 2945 2799 τὸ

632 2843 934 2919 σημεῖον,
1005 2837 1337 2915 μελισσῶν
1410 2832 1490 2897 δέ
1550 2849 1715 2917 φησι
1787 2835 1909 2899 τὸν
1982 2844 2251 2918 πρῶτον
2323 2831 2516 2897 ἀετὸν
2591 2830 2943 2897 ἀνάπλεων
2969 2858 3026 2898 a·

633 2930 972 3015 γενέσθαι·
1037 2929 1146 2996 καὶ
1191 2943 1328 2997 τῶν
1371 2931 1741 3016 ταξιάρχων
1786 2931 1971 3009 τινὸς
2018 2929 2128 2996 ἀπ’
2183 2930 2559 3012 αὐτομάτου
2617 2932 2737 2996 τὸν
2782 2934 2940 3015 βρα-

631 3032 826 3115 χίονα
868 3030 1086 3114 μύρον
1131 3030 1408 3113 ῥόδινον
1456 3027 1765 3107 ἐξανθεῖν
1811 3030 1921 3095 καὶ
1964 3029 2279 3106 πολλάκις
2316 3026 2785 3114 ἐξαλείφοντας
2830 3030 2939 3095 καὶ

633 3127 1126 3209 ἀπομάττοντας
1188 3124 1397 3212 μηδὲν
1460 3130 1821 3211 περαίνειν.
1914 3125 2048 3192 Καὶ
2116 3127 2244 3211 πρὸ
2300 3135 2413 3211 τῆς
2466 3126 2679 3211 μάχης
2736 3126 2939 3211 αὐτῆς

633 3224 867 3303 ἀετοὺς
915 3226 1038 3290 δύο
1085 3228 1542 3309 συμπεσόντας
1595 3225 1907 3310 ἀλλήλοις
1955 3223 2030 3291 ἐν
2075 3228 2433 3312 μεταιχμίῳ
2483 3236 2619 3289 τῶν
2665 3242 2932 3310 στρατο-

631 3322 855 3388 πέδων
890 3323 1236 3407 μάχεσθαι.
1291 3322 1401 3389 καὶ
1440 3325 1638 3408 σιγὴν
1674 3326 1955 3389 ἄπιστον
1992 3326 2169 3408 ἔχειν
2202 3324 2278 3389 τὸ
2310 3323 2545 3387 πεδίον
2572 3322 2932 3405 θεωμένων
2960 3346 3021 3389 ¹⁵

632 3420 965 3504 ἁπάντων,
1003 3416 1168 3498 εἶξαι
1206 3422 1282 3487 δὲ
1317 3420 1427 3487 καὶ
1467 3433 1713 3505 φυγεῖν
1748 3423 1869 3488 τὸν
1904 3424 2069 3487 κατὰ
2108 3426 2430 3505 Βροῦτον.
2490 3420 2526 3486 6
2564 3416 2641 3486 δὲ
2670 3424 2929 3497 Αἰθίοψ

631 3521 1022 3603 περιβόητος
1075 3518 1354 3603 γέγονεν
1409 3520 1445 3586 6
1501 3529 1618 3604 τῆς
1672 3522 1885 3604 πύλης
1942 3519 2370 3604 ἀνοιχθείσης
2422 3518 2804 3603 ἀπαντήσας
2844 3524 2933 3607 τῷ

634 3617 910 3701 φέροντι
967 3619 1085 3683 τὸν
1139 3616 1333 3684 ἀετὸν
1387 3621 1498 3684 καὶ
1552 3616 1947 3695 κατακοπεὶς
2004 3630 2147 3695 ταῖς
2200 3620 2549 3703 μαχαίραις
2602 3617 2735 3683 ὑπὸ
2795 3626 2928 3680 τῶν

634 3728 1054 3801 στρατιωτῶν
1099 3716 1613 3801 οἰωνισαμένων.

813 3946 866 4000 1.
903 3946 1234 4014 Auspicium
1269 3946 1589 4015 aquilarum
1624 3952 1891 4001 emm-emt
1926 3947 2093 4001 etiam
2129 3945 2430 4015 Appianae
2474 3947 2523 4000 b.
2553 3962 2597 4000 c.
2630 3947 2729 4001 IV
2746 3948 2919 4011 128st

633 4024 685 4071 et
725 4017 1018 4073 Cass-Dio
1056 4018 1171 4071 XL
1186 4018 1307 4071 VII
1335 4022 1427 4084 48,
1455 4021 1504 4071 4.

821 4248 920 4307 13.
968 4244 1291 4323 ἀριστεύσει
1335 4248 1495 4323 uuly.

811 4331 878 4417 l,
931 4337 1028 4395 18.
1075 4336 1470 4415 βονλούμνιος
1515 4338 1678 4397 codd.
1715 4337 1959 4412 quidam
