3234 5034
1087 290 1143 344 C.
1175 289 1462 345 ASINIVS
1499 289 1760 346 POLLIO
2262 312 2582 361 LXXXXIII

263 460 324 519 in
383 457 598 520 eodem
657 459 966 520 enuntiato
1023 461 1182 520 uitae
1241 457 1408 518 Caes,
1447 477 1498 520 c.
1535 455 1624 520 46
1674 459 1945 519 Asinium
1999 477 2117 520 non
2174 459 2367 520 solum
2421 459 2583 520 illius

263 557 408 618 dicti
458 555 568 618 sed
617 559 798 618 etiam
845 558 1082 616 numeri
1127 555 1386 618 militum
1434 557 1931 637 Pompeianorum
1978 565 2284 619 auctorem
2335 559 2480 619 citat
2524 568 2585 619 et

258 663 468 734 postea
527 657 590 714 in
649 656 757 716 uit.
793 653 998 733 Pomp.
1039 673 1088 714 c.
1130 651 1240 732 72,
1298 654 1402 715 ubi
1459 655 1572 716 hoc
1632 654 1852 716 dictum
1912 657 2107 734 itcrat,
2155 674 2291 717 eum
2348 674 2583 736 pugnae

259 753 613 814 interfuisse
643 751 806 814 addit
833 751 1112 830 idemque
1123 752 1426 832 Appianus
1455 752 1510 814 b.
1533 773 1581 814 c.
1609 752 1661 813 ll
1690 748 1777 814 82
1799 755 1955 826 (uid.
1974 773 2169 831 supra
2183 773 2251 830 p.
2274 775 2481 814 Lxxxx
2494 773 2581 831 sq.

257 859 316 912 et
357 851 445 926 fr.
487 851 530 911 2
580 869 632 912 c.
673 853 868 925 adm).
940 847 1089 910 illud
1136 851 1321 928 igitur
1370 869 1558 911 unum
1606 857 1836 912 restare
1882 850 2143 930 uidetur,
2189 860 2254 912 ut
2301 852 2582 913 historias

260 947 504 1010 Latinas
553 967 585 1008 a
634 946 934 1008 Tralliano
981 949 1044 1007 in
1091 965 1435 1009 sermonem
1471 947 1767 1010 Graecum
1814 967 2023 1010 uersas
2071 968 2204 1010 esse
2252 957 2583 1011 statuamus

259 1045 785 1125 clarissimumque
842 1053 1146 1106 auctorem
1193 1063 1304 1124 pro
1367 1043 1722 1124 ignobiliore
1778 1048 2107 1126 interprete
2172 1046 2579 1110 substitutum.

259 1147 440 1206 etiam
489 1141 905 1205 intercedebat
950 1145 1102 1204 ratio
1139 1142 1430 1222 quaedam
1469 1144 1628 1205 inter
1666 1143 1815 1204 duos
1853 1146 2091 1206 Asinios
2128 1144 2423 1207 Polliones
2461 1164 2582 1207 non

257 1244 522 1304 nominis
583 1249 838 1322 tantum3
896 1260 1032 1303 nam
1091 1259 1228 1302 cum
1283 1240 1620 1302 Trallianus
1668 1240 2007 1321 Timagenis
2064 1242 2328 1304 scholam
2379 1262 2581 1305 susce-

257 1343 418 1419 perit
448 1341 656 1414 (Sum.
675 1343 713 1400 l.
731 1358 778 1400 s.
799 1342 896 1416 s.),
944 1339 1084 1400 huic
1131 1349 1330 1400 autem
1377 1347 1625 1419 propter
1672 1339 2057 1402 acerbitatem
2106 1340 2341 1420 linguae
2390 1359 2459 1402 ex
2512 1361 2579 1402 ea

257 1438 510 1517 expulso
552 1439 754 1512 (Suid.
792 1455 839 1498 ε.
879 1455 938 1497 u.
977 1437 1332 1512 Timayenes
1378 1438 1457 1498 II
1485 1438 1528 1498 2
1552 1457 1620 1515 p.
1656 1439 1859 1512 1124)
1902 1438 2361 1500 contubernium
2402 1458 2579 1500 suum

257 1544 464 1596 orator
529 1536 837 1614 aperuerit
883 1536 1151 1608 (Seneca
1210 1537 1288 1596 de
1343 1540 1444 1596 ira
1492 1535 1607 1596 III
1647 1537 1751 1610 23,
1791 1538 1834 1597 4
1852 1541 1989 1614 sq),
2046 1537 2242 1599 facere
2298 1555 2417 1598 non
2474 1556 2579 1617 po·

259 1635 540 1712 terimuS,
599 1635 744 1712 quin
802 1639 902 1694 aut
959 1631 1106 1694 salso
1164 1651 1196 1694 a
1249 1632 1430 1695 Suida
1488 1652 1818 1712 cognomen
1873 1634 2241 1714 adscriptum
2298 1652 2432 1695 esse
2478 1643 2581 1695 aut

257 1739 468 1792 contra
513 1749 747 1792 morem
793 1730 899 1810 illi,
948 1749 1086 1792 cum
1132 1731 1508 1812 liberaretur,
1557 1730 1675 1793 duo
1721 1733 1964 1793 nomina
2012 1750 2144 1793 esse
2192 1731 2386 1793 addita
2440 1751 2578 1793 cen-

257 1847 514 1890 seamus,
583 1828 691 1890 sed
742 1847 818 1889 ne
865 1830 956 1888 sic
1002 1827 1246 1909 quidem
1295 1829 1678 1891 difficultates
1726 1839 1989 1891 remotae
2029 1839 2182 1891 sunt.
2246 1848 2385 1892 nam
2433 1849 2578 1910 quo-

256 1929 419 1988 niam
479 1913 660 2007 paulo
713 1935 848 1987 ante
904 1927 1175 1988 Asinium
1233 1935 1294 1988 et
1349 1927 1422 1988 ab
1468 1927 1737 2008 Appiano
1787 1935 1847 1989 et
1893 1947 1926 1988 a
1972 1927 2289 1989 Plutarcho
2345 1931 2407 1988 in
2453 1931 2578 1990 uita

256 2025 534 2102 Caesaris
580 2033 642 2086 et
686 2023 933 2104 Pompei
971 2024 1044 2086 de
1083 2024 1292 2088 eadem
1331 2043 1398 2086 re
1437 2025 1753 2087 Caesarem
1794 2029 2037 2087 citatum
2076 2024 2183 2087 sed
2222 2043 2341 2086 non
2379 2028 2577 2106 ipsum

255 2125 628 2203 exscriptum
676 2141 810 2184 esse
859 2141 1041 2202 supra
1081 2125 1162 2201 (p.
1200 2141 1246 2184 s.
1285 2127 1362 2196 s.)
1411 2123 1693 2201 uidimuS,
1740 2125 2055 2203 utriusque
2102 2142 2316 2185 nomen
2366 2124 2440 2185 ab
2488 2127 2577 2185 eis

256 2220 415 2300 apud
464 2228 770 2282 auctorem
817 2222 1132 2283 inuentum
1181 2238 1314 2281 esse
1361 2222 1496 2282 ueri
1543 2221 1737 2282 simile
1785 2230 1906 2301 est,
1960 2220 2119 2282 hunc
2166 2230 2391 2302 autem,
2440 2241 2575 2284 cum

257 2322 318 2379 in
365 2321 732 2380 narrationis
781 2327 991 2380 tenore
1027 2319 1302 2380 Asinium
1350 2326 1649 2381 oratorem
1696 2321 1925 2398 citaret,
1967 2337 2088 2380 non
2125 2321 2187 2380 in
2227 2320 2353 2382 solo
2391 2322 2575 2381 inter-

255 2419 448 2496 pretis
505 2435 756 2478 munere
811 2418 1206 2496 acquieuisse.
1280 2419 1482 2496 itaque
1540 2435 1679 2478 cum
1736 2419 1853 2479 nisi
1904 2435 2015 2496 per
2060 2417 2331 2479 fraudem
2376 2426 2575 2498 patro-

258 2533 370 2576 nus
409 2533 519 2594 pro
554 2513 854 2575 Tralliano
890 2533 1010 2575 non
1059 2517 1322 2595 potuerit
1369 2515 1673 2593 substitui,
1711 2508 2091 2595 Ἑλληνιστί
2135 2524 2194 2576 et
2231 2510 2580 2594 Ῥωμαιστί

258 2612 404 2674 locis
452 2613 614 2673 inter
659 2631 726 2674 se
775 2611 1192 2673 commutanda
1231 2619 1386 2674 suut.
1404 2606 1453 2696 1)
1523 2611 1744 2674 Caesar
1789 2620 1987 2674 autem
2028 2621 2088 2674 et
2126 2613 2353 2676 Graece
2399 2615 2575 2676 dictis

255 2713 342 2772 uti
391 2710 605 2772 solitus
653 2718 746 2771 est
791 2728 904 2770 nec
949 2712 1013 2770 in
1061 2729 1178 2790 quo
1225 2709 1380 2771 libro
1419 2710 1646 2772 Graece
1702 2713 1926 2791 scripto
1983 2711 2128 2772 illud
2179 2711 2403 2773 dictum
2450 2731 2574 2774 me·

253 2811 482 2870 moriae
531 2802 932 2891 tradiderit2),
980 2807 1248 2887 intellegi
1296 2815 1510 2888 potest.
1587 2809 1692 2870 sed
1740 2811 1919 2870 etiam
1967 2808 2339 2871 simillimum
2376 2810 2575 2872 locum

252 2906 573 2986 proferam.
649 2924 785 2966 nam
843 2908 1024 2968 etiam
1079 2925 1216 2966 cum
1265 2907 1485 2967 Caesar
1539 2905 1908 2968 Rubiconem
1967 2909 2251 2968 transiret
2306 2907 2571 2988 illudque

241 2999 662 3085 Ἀνερρίφθω
708 3001 916 3083 κύβος
963 3003 1341 3084 exclamaret,
1392 3002 1750 3066 Plutarchus
1788 2999 2159 3085 Ἑλληνιστὶ
2204 3003 2373 3088 πρὸς
2415 3005 2575 3080 τοὺς

248 3102 592 3180 παρόντας
645 3101 758 3162 hoc
818 3102 1040 3164 factum
1099 3121 1230 3163 esse
1289 3104 1350 3162 in
1407 3104 1531 3162 uita
1587 3101 1831 3182 Pompei
1879 3105 1961 3176 (c.
2002 3105 2135 3183 60),
2190 3105 2252 3164 in
2300 3102 2571 3166 Caesaris

249 3204 332 3275 (c.
368 3201 492 3274 32)
543 3202 703 3260 inter
758 3201 982 3260 amicos
1039 3207 1166 3261 tum
1225 3202 1408 3260 etiam
1465 3201 1734 3261 Asinium
1793 3200 2117 3262 Pollionem
2174 3202 2361 3263 fuisse
2409 3201 2571 3264 addit

248 3291 422 3380 (cum
479 3305 545 3358 et
599 3315 941 3358 sermonem
997 3306 1058 3358 et
1113 3300 1273 3359 inter
1338 3301 1562 3359 amicos
1624 3298 1951 3360 Pollionem
2005 3298 2309 3380 Appianus
2368 3301 2446 3360 II
2482 3302 2569 3362 35

247 3388 575 3480 omiserit),
635 3404 701 3456 ut
747 3395 907 3456 hunc
963 3394 1160 3456 locum
1207 3398 1352 3458 item
1399 3397 1671 3458 Asinium
1718 3395 2035 3458 Plutarcho
2082 3396 2569 3460 subministrasse

247 3513 512 3574 eumque
580 3492 806 3554 Graece
871 3493 1017 3554 illud
1085 3494 1308 3555 dictum
1373 3493 1616 3556 Latinae
1682 3513 1825 3556 suae
1889 3495 2173 3557 historiae
2239 3498 2567 3558 inseruisse

247 3611 385 3654 cum
435 3590 858 3672 probabilitate
904 3591 1158 3671 quadam
1207 3591 1488 3671 colligere
1537 3611 1715 3672 posse
1762 3591 1935 3654 nohis
1981 3593 2311 3655 uideamur.
2324 3588 2378 3679 ⁸)

433 3739 486 3805 1)
527 3735 620 3790 Sic
657 3735 774 3790 iam
811 3752 860 3790 a.
897 3741 1033 3791 1883
1073 3735 1129 3790 in
1163 3736 1516 3807 Fragmentis
1553 3736 1608 3791 h.
1639 3737 1704 3790 R.
1734 3756 1789 3808 p.
1819 3757 1937 3792 xxn
1966 3739 2331 3807 conieceram‚
2371 3739 2565 3796 decem

245 3816 416 3872 annis
451 3819 587 3886 post
625 3815 912 3871 Schwartz
958 3816 1217 3872 P.-Wiss.
1246 3816 1298 3869 H
1335 3833 1382 3872 c.
1413 3822 1518 3871 228
1560 3820 1642 3886 (et
1679 3817 1897 3873 Groebe
1935 3835 1981 3872 c.
2015 3821 2189 3890 1596).
2238 3836 2341 3873 nec
2379 3819 2566 3874 Thou-

245 3895 380 3952 retii
427 3895 466 3950 1.
497 3915 540 3951 a.
568 3914 627 3966 p.
655 3902 762 3952 324
781 3914 902 3966 sqq.
959 3913 1064 3952 nec
1111 3897 1494 3952 Kornemanni
1539 3916 1594 3968 p.
1627 3903 1731 3952 563
1752 3915 1871 3967 sqq.
1929 3898 2078 3953 hunc
2124 3898 2426 3954 refutantis
2474 3919 2565 3956 ex-

247 3977 490 4048 plicatio
529 3993 728 4031 uerum
764 3977 976 4048 tetigit.

430 4058 488 4126 2)
527 4055 622 4110 Sic
648 4054 798 4111 enim
826 4057 1157 4112 Thorbecke
1186 4077 1240 4128 p.
1265 4063 1368 4113 110
1389 4076 1469 4127 sq.
1501 4057 1901 4113 difficultatem
1929 4059 2241 4130 explicasse
2270 4060 2381 4114 sibi
2410 4059 2564 4117 uisus

249 4141 336 4192 est
379 4133 483 4190 ὑπ’
528 4137 704 4191 αὐτοῦ
752 4138 828 4192 ad
864 4136 1162 4193 Caesarem
1208 4137 1484 4207 referens,
1531 4141 1590 4194 at
1633 4138 1767 4193 uide
1804 4138 2055 4194 Thouret
2089 4139 2126 4194 l.
2158 4158 2199 4194 s.
2230 4159 2283 4211 p.
2314 4146 2418 4195 339
2440 4159 2563 4210 sqq.

428 4220 486 4286 3)
523 4215 877 4272 Fleckeiseni
905 4217 1095 4272 annal.
1119 4223 1223 4272 155
1251 4237 1306 4289 p.
1335 4223 1440 4272 858
1462 4235 1543 4288 eq.
1602 4217 1685 4274 cf.
1716 4219 1889 4273 etiam
1928 4217 2075 4274 Plut.
2104 4219 2165 4275 in
2191 4221 2295 4278 uit.
2317 4220 2471 4278 Caes.
2495 4229 2563 4278 66

251 4297 308 4350 et
332 4295 496 4350 Bruti
519 4302 587 4350 17
617 4295 736 4368 ἅμα
761 4295 828 4352 δέ
855 4317 976 4360 πως
1002 4297 1354 4367 ἐξεφώνησεν
1383 4298 1413 4352 ὁ
1442 4297 1546 4368 μὲν
1573 4299 1803 4370 πληγεὶς
1820 4296 2179 4368 Ῥωμαϊστὶ
2201 4301 2563 4370 ’Μιαρότατε
