3234 5034
614 357 839 404 vam
1117 337 1215 391 m:
1253 297 1718 392 scmp‘rom'ru
1753 337 1943 391 vrrffi
1979 337 2074 392 ET
2113 338 2426 393 semp-ns

614 504 979 565 consolantis
1008 513 1068 565 et
1097 504 1169 566 de
1198 503 1368 565 Bruti
1397 503 1694 584 precihuS‚
1720 514 1790 565 ut
1825 514 2080 566 mortem
2117 525 2284 566 suam
2323 505 2646 585 adiuuaret,
2685 506 2931 586 alioque

616 601 790 682 dicto,
830 621 965 663 cum
1005 603 1327 680 abnuisset,
1358 621 1475 682 quo
1503 621 1624 663 non
1662 602 1914 682 pedibus
1952 603 2059 664 sed
2096 603 2370 666 manibus
2407 604 2750 684 fugiendum
2781 623 2929 666 esse

613 701 1019 781 respondisset
1050 705 1129 775 (e.
1159 703 1243 762 51
1265 704 1401 778 sq),
1440 700 1513 761 ad
1552 719 1690 762 eum
1729 701 2040 763 referenda
2076 711 2218 764 sunt
2246 705 2333 778 (u.
2363 705 2536 781 infra
2575 707 2926 780 unm-qd.

790 799 955 861 Idem
1012 807 1426 879 argumentum
1484 798 1762 860 laudandi
1810 798 1980 861 Bruti
2035 800 2148 861 sibi
2197 803 2508 880 proposuit
2553 800 2926 881 EmpyluS,

613 898 818 959 rhetor
863 897 1289 978 familiarisque
1338 900 1493 977 eius,
1552 897 1626 958 de
1673 917 1789 978 quo
1837 900 1982 960 haec
2029 902 2350 960 memoriae
2397 899 2640 960 tradidit
2683 899 2925 960 Plutar-

612 995 761 1057 chus
809 998 1013 1070 (Brut.
1052 996 1151 1070 2):
1190 990 1260 1057 Ὁ
1306 990 1366 1057 δ’
1406 989 1766 1076 Ἔμπυλος,
1813 989 1896 1058 οὗ
1941 995 2051 1058 καὶ
2097 994 2300 1070 αὐτὸς
2345 994 2420 1059 ἐν
2471 1005 2616 1070 ταῖς
2660 992 2925 1060 ἐπιστο-

612 1097 759 1168 λαῖς
806 1089 915 1155 καὶ
963 1092 1033 1156 οἱ
1074 1095 1265 1174 φίλοι
1312 1089 1677 1175 μέμνηνται
1721 1091 2038 1168 πολλάκις
2085 1092 2176 1168 ὡς
2222 1095 2668 1176 συμβιοῦντος
2711 1093 2924 1180 αὐτῷ,

612 1190 829 1274 ῥήτωρ
885 1185 971 1273 ἦν
1024 1188 1138 1254 καὶ
1193 1188 1623 1254 καταλέλοιπε
1679 1191 1920 1274 μικρὸν
1973 1189 2116 1274 μέν,
2171 1189 2255 1255 οὐ
2312 1195 2578 1273 φαῦλον
2633 1187 2707 1256 δὲ
2753 1191 2925 1272 σύγ-

610 1311 879 1372 γραμμα
905 1287 1055 1371 περὶ
1082 1297 1198 1371 τῆς
1218 1290 1559 1372 Καίσαρος
1587 1286 2005 1372 ἀναιρέσεως,
2034 1287 2070 1352 ὃ
2096 1291 2396 1369 Βροῦτος
2425 1286 2919 1373 ἐπιγέγραπται.

610 1388 851 1449 uidetur
896 1387 1055 1450 idem
1104 1389 1288 1450 fuisse
1334 1407 1471 1449 cum
1520 1407 1589 1450 eo
1629 1382 1876 1471 (nomen
1915 1390 2075 1449 enim
2115 1407 2314 1451 rarum
2355 1383 2514 1473 fuit),
2551 1393 2654 1470 qui
2701 1409 2921 1451 secun-

612 1485 755 1547 dum
802 1486 1150 1548 Ciceronem
1195 1489 1357 1548 iuxta
1405 1486 1807 1548 Metrodorum
1865 1487 2176 1566 Scepsium
2233 1497 2295 1549 et
2347 1488 2730 1550 Hortensium
2787 1491 2920 1549 acri

610 1583 809 1646 studio
863 1584 924 1645 id
981 1593 1337 1646 consecutus
1395 1593 1547 1664 erat,
1604 1594 1672 1646 ut
1723 1588 2072 1647 memoriter
2125 1605 2276 1666 quae
2331 1589 2785 1665 excogitauerat,
2835 1586 2922 1647 ad

608 1682 861 1744 uerbum
910 1685 971 1742 in
1020 1683 1248 1762 agendo
1289 1684 1567 1764 referret3
1614 1683 1910 1745 Rhodium
1949 1703 2084 1745 eum
2125 1684 2308 1745 fuisse
2346 1683 2484 1744 inde
2525 1687 2920 1762 cognouimus

611 1783 850 1854 (Quint.
880 1783 949 1842 X
981 1783 1042 1857 6,
1070 1783 1159 1855 4).
1208 1781 1592 1842 Plutarchum
1631 1789 1829 1842 autem
1869 1800 2003 1842 eum
2042 1801 2160 1843 non
2199 1782 2390 1843 solum
2427 1784 2762 1861 inspexisse
2804 1782 2918 1843 sed

610 1881 787 1941 etiam
836 1898 973 1940 eum
1020 1887 1291 1941 secutum
1332 1897 1465 1940 esse
1502 1878 1774 1940 Caesaris
1812 1879 2054 1941 caedem
2092 1889 2435 1940 narrantem
2475 1889 2643 1941 caute
2683 1881 2908 1953 (Duell.

610 1981 667 2039 d.
708 1979 865 2039 Plut.
889 1997 958 2054 p.
990 1978 1149 2052 140)
1189 1979 1526 2057 suspicatus
1563 1995 1745 2056 eram,
1784 1980 2008 2038 certius
2035 1976 2388 2038 Wichmann
2420 1981 2494 2051 (l.
2523 1996 2569 2039 s.
2595 1997 2663 2055 p.
2695 1981 2916 2054 9sqq.)

608 2077 768 2136 uitae
815 2074 983 2136 Bruti
1031 2094 1081 2135 c.
1124 2072 1338 2135 7—17
1390 2083 1449 2137 et
1496 2074 1766 2136 Caesaris
1813 2071 2078 2136 62—66
2127 2094 2199 2136 ex
2246 2095 2316 2136 eo
2363 2077 2548 2155 petita
2593 2094 2726 2137 esse
2773 2095 2916 2155 pro-

610 2175 826 2252 posuit.
842 2168 894 2257 ¹)

1390 2567 1399 2574 ·
1486 2485 1565 2568 Q.
1622 2484 2026 2559 DELLIVS

788 2661 974 2724 Notus
1022 2671 1115 2723 est
1150 2663 1379 2724 facetiis
1416 2662 1722 2723 Messallae
1761 2661 2023 2742 Coruini,
2071 2682 2217 2743 quas
2255 2663 2480 2724 Seneca
2522 2666 2709 2736 (suas.
2741 2664 2802 2740 1,
2839 2665 2910 2738 7)

608 2763 931 2821 memoriae
985 2759 1271 2839 prodidit:
1327 2763 1723 2822 Bellissimam
1781 2769 1980 2822 tamen
2037 2780 2166 2822 rem
2213 2763 2445 2823 Dellius
2501 2765 2686 2836 dixit,
2733 2781 2912 2838 quem

610 2859 878 2920 Messala
933 2861 1231 2920 Coruinus
1287 2862 1647 2920 desultorem
1702 2861 1993 2920 bellorum
2050 2863 2325 2921 ciuilium
2379 2868 2588 2934 uocat,
2635 2865 2783 2936 quia
2828 2863 2912 2920 ab

608 2958 925 3018 Dolabella
955 2959 1043 3017 ad
1075 2957 1345 3018 Cassium
1376 2961 1758 3017 transiturus
1791 2961 2045 3018 salutem
2080 2961 2202 3018 sibi
2222 2967 2453 3034 paclus
2491 2966 2593 3033 est,
2630 2962 2688 3019 εἰ
2723 2959 2911 3019 Dola-

608 3057 821 3115 bellam
851 3057 1174 3116 occidisset
1183 3076 1207 3126 ;
1243 3073 1283 3115 a
1320 3055 1525 3116 Cassio
1565 3057 1785 3116 deinde
1812 3060 2060 3116 transiit
2095 3059 2183 3116 ad
2207 3057 2552 3130 Antonium,
2581 3060 2914 3117 nouissime

608 3155 685 3213 ab
714 3155 981 3214 Antonio
1010 3153 1347 3230 transfuqit
1374 3156 1462 3213 ad
1484 3153 1824 3214 Caesarem.
1865 3155 1985 3214 Hic
2012 3163 2100 3214 est
2130 3155 2378 3228 Dellius,
2409 3159 2585 3214 euius
2613 3157 2914 3230 epistulae

606 3253 695 3312 ad
736 3251 1119 3327 Cleopatram
1156 3253 1431 3312 lasciuae
1462 3252 1774 3328 feruntur.
1823 3250 1980 3330 quod
2018 3253 2246 3311 crimen
2283 3253 2430 3312 artis
2469 3250 2824 3313 desultoriae
2871 3271 2910 3311 a

606 3347 825 3409 Velleio
866 3348 974 3422 (II
1002 3347 1107 3422 84,
1137 3348 1207 3422 2)
1256 3349 1659 3409 confirmatur.
1727 3347 1800 3408 ad
1838 3348 2228 3410 Octauianum
2267 3358 2462 3410 autem
2511 3351 2747 3410 transiit
2792 3348 2908 3409 sub

604 3448 795 3526 ipsam
844 3465 1103 3527 pugnam
1150 3448 1445 3506 Actiacam
1493 3447 1731 3507 Antonii
1777 3447 2021 3507 consilia
2076 3446 2335 3527 prodens
2375 3448 2522 3520 (Dio
2561 3449 2665 3523 50,
2695 3448 2798 3522 13,
2825 3447 2870 3506 8
2883 3469 2912 3518 ‚-

605 3545 711 3620 23,
732 3545 807 3617 1;
826 3545 915 3624 3),
937 3561 1189 3623 eumque
1220 3543 1291 3604 ab
1322 3563 1391 3604 eo
1420 3546 1579 3604 inter
1606 3546 1827 3605 amicos
1858 3553 2161 3624 receptum
2192 3562 2326 3605 esse
2347 3544 2571 3605 Seneca
2603 3547 2709 3618 (de
2735 3548 2908 3606 clem.

606 3643 649 3703 I
678 3643 781 3719 10,
812 3644 882 3716 1)
914 3644 1085 3704 testis
1123 3650 1230 3703 est.
1286 3661 1483 3722 neque
1510 3651 1712 3702 tamen
1739 3645 1802 3702 in
1831 3641 1951 3702 ulla
1981 3661 2046 3702 re
2075 3645 2233 3703 inter
2261 3661 2362 3703 eos
2390 3644 2749 3723 nominatur,
2785 3644 2909 3702 nisi

607 3739 677 3800 ab
726 3740 986 3820 Horatio,
1033 3742 1137 3819 qui
1181 3758 1302 3800 non
1349 3741 1477 3801 sine
1524 3759 1702 3800 causa
1749 3759 1886 3800 cum
1932 3740 2156 3800 honore
2205 3742 2487 3801 carminis
2525 3741 2632 3814 (II
2661 3741 2732 3814 3)
2771 3749 2912 3820 post

786 3941 839 4008 1)
876 3937 1099 3992 Tertius
1146 3937 1439 3992 addendus
1487 3941 1638 3992 esset
1684 3937 1917 3992 Strato
1956 3937 2190 4008 Epirota
2227 3939 2390 4008 (App.
2420 3937 2475 3992 b.
2509 3955 2554 3992 c.
2583 3937 2662 3991 IV
2693 3943 2835 4009 131),
2873 3939 2910 3994 ὁ

604 4018 719 4073 ἀπὸ
757 4019 936 4088 λόγων
974 4014 1283 4087 ῥητορικῶν
1322 4019 1563 4088 γεγονὼς
1598 4018 1750 4086 αὐτῷ
1793 4018 2046 4088 συνήθης
2082 4019 2248 4089 (Plut.
2277 4018 2431 4072 Brut.
2465 4021 2572 4087 52),
2611 4021 2677 4072 ut
2721 4018 2912 4073 uoluit:

604 4099 669 4154 A.
700 4097 985 4152 Hillscher
1021 4097 1391 4167 (Fleckeiseni
1436 4097 1630 4168 Suppl.
1661 4098 1840 4152 xvm
1877 4117 1930 4168 p.
1959 4105 2062 4154 392
2079 4103 2200 4168 sq.)‚
2239 4098 2348 4152 nisi
2377 4115 2525 4166 quae
2554 4099 2626 4152 de
2662 4113 2730 4152 eo
2768 4099 2912 4152 Bru-

604 4181 726 4233 tum
772 4179 833 4231 in
880 4182 1059 4232 morte
1107 4178 1417 4232 adiuuante
1464 4195 1590 4232 cum
1629 4178 1974 4246 loquacitate
2009 4179 2287 4248 proferret
2325 4178 2658 4232 Plutarchus
2695 4179 2732 4232 l.
2765 4197 2808 4234 s.
2840 4195 2914 4234 ex

606 4257 874 4312 Messalla.
902 4260 1128 4328 sumpta
1156 4275 1277 4313 esse
1306 4258 1658 4325 uiderentur3
1686 4259 1819 4312 huic
1847 4262 2038 4313 autem
2063 4258 2361 4314 familiaris
2390 4258 2501 4312 fuit
2529 4257 2696 4328 (Plut.
2720 4277 2766 4314 c.
2789 4266 2912 4328 683:

608 4355 863 4394 sermone
897 4339 1077 4409 igitur
1113 4356 1240 4393 cum
1278 4355 1343 4393 eo
1381 4337 1523 4393 talia
1560 4338 1807 4407 colloqui
1845 4339 2044 4408 potuit.
