3234 5034
1098 372 1173 426 M.
1210 369 1461 427 IVNIVS
1496 371 1785 428 BRVTVS
2507 374 2590 440 51

468 534 539 618 [4
552 539 615 603 *.
664 540 941 602 Macrob.
979 549 1094 601 sat.
1133 541 1176 600 I
1215 542 1319 616 16,
1347 541 1435 602 33
1498 540 1788 603 Geminus
1845 544 1928 602 ait
1984 541 2142 604 diem
2191 542 2592 603 nundinarum

276 641 509 700 exactis
554 639 673 698 iam
719 637 962 718 regibus
1010 641 1277 718 coepisse
1326 639 1616 701 celebrari
1664 643 1802 721 quia
1839 640 2110 721 plerique
2160 640 2232 702 de
2280 640 2453 721 plebe
2499 659 2594 701 re-

276 739 469 818 petita
507 736 707 797 Seruii
742 735 923 798 'lunii
961 739 1249 798 memoria
1284 747 1676 817 parentarent
1711 741 1767 799 ei
1805 738 2107 819 nundinis,
2145 742 2245 800 cui
2285 741 2373 800 rei
2411 741 2590 801 etiam

276 836 467 896 Varro
515 834 859 912 consentit]

986 1067 1083 1139 M.
1119 1065 1450 1141 IVNIVS
1506 1068 1886 1143 BRVTVS

218 1275 245 1316 ⁶
460 1241 527 1308 1.
582 1247 704 1308 Cic.
746 1250 832 1308 ad
866 1249 987 1308 Art.
1026 1247 1169 1308 XII
1198 1249 1257 1322 5,
1286 1249 1330 1308 3
1365 1242 1517 1328 ſscr.
1557 1267 1613 1309 a.
1653 1249 1758 1308 46.
1799 1242 1962 1327 708]
2024 1247 2098 1308 Et
2143 1247 2300 1328 uide,
2349 1267 2586 1328 quaeso,
2625 1247 2698 1302 de
2723 1263 2838 1318 rep
2859 1248 2886 1302 I

273 1345 341 1406 L.
372 1344 541 1424 Libo,
577 1345 677 1406 ille
715 1348 819 1426 qui
858 1345 930 1406 de
969 1344 1096 1406 Ser.
1129 1344 1329 1424 Galba,
1357 1345 1766 1408 Censorinone
1805 1353 1866 1407 et
1891 1345 2130 1406 Manilio
2170 1364 2242 1407 an
2272 1346 2346 1406 T.
2368 1345 2588 1417 Quinc-

274 1447 359 1505 tio
408 1444 498 1505 Μ’.
538 1442 726 1504 Acilio
782 1443 1128 1505 consulibus
1184 1443 1461 1505 tribunus
1516 1444 1594 1524 pl.
1643 1445 1839 1506 fuerit.
1916 1444 2229 1506 conturbat
2285 1446 2446 1506 enim
2491 1463 2586 1506 me

274 1545 538 1623 epitome
584 1539 754 1603 Bruti
800 1541 1103 1604 Fanniana
1140 1535 1247 1625 (an
1284 1541 1455 1604 Bruti
1492 1545 1751 1622 epitoma
1790 1542 2229 1604 Fannianorum
2241 1537 2322 1627 P).
2373 1545 2589 1623 scripsi

276 1640 439 1722 quod
478 1649 607 1702 erat
642 1643 704 1700 in
743 1648 1027 1720 extremo,
1066 1640 1247 1720 idque
1286 1659 1394 1720 ego
1432 1649 1678 1702 secutus
1715 1641 1876 1702 hunc
1911 1641 2220 1720 Fannium,
2259 1642 2362 1721 qui
2401 1643 2588 1721 scrip-

194 1767 247 1808 10
274 1743 357 1802 sit
410 1739 753 1818 historiam,
808 1757 1097 1818 generum
1156 1757 1287 1800 esse
1344 1741 1707 1819 scripseram
1753 1738 1963 1820 Laelii3
2020 1738 2126 1800 sed
2169 1747 2238 1800 tu
2285 1759 2380 1800 me
2427 1759 2587 1820 γεω-

273 1845 599 1918 μετρικῶς
645 1835 968 1917 refelleraS,
1006 1845 1065 1898 te
1104 1848 1301 1898 autem
1341 1856 1501 1898 nunc
1538 1836 1760 1898 Brutus
1799 1844 1861 1898 et
1895 1837 2174 1899 Fannius,
2233 1855 2342 1916 ego
2390 1845 2588 1899 tamen

275 1937 351 1999 de
399 1935 556 1997 bono
604 1942 865 2015 auctore,
910 1933 1251 2014 Hortensio,
1304 1938 1389 1996 sic
1446 1954 1812 2015 acceperam,
1861 1943 1930 1996 ut
1973 1934 2130 2015 apud
2176 1934 2430 1996 Brutum
2477 1945 2585 1998 est.

272 2037 437 2097 hunc
482 2036 667 2112 igitur
712 2032 911 2094 locum
959 2033 1255 2113 expedies.
1430 2086 1437 2092 .

455 2127 521 2195 2.
596 2133 831 2194 Charis.
882 2133 961 2193 ῙῙ
991 2151 1060 2209 p.
1097 2133 1232 2195 220
1276 2134 1353 2194 K.
1430 2127 1752 2193 ‘Subinde’
1815 2131 2012 2212 Nepos
2081 2130 2154 2192 de
2229 2131 2586 2194 inlustribus

192 2257 243 2298 ιι
272 2234 427 2293 uiris
473 2231 543 2292 11.
594 2230 702 2291 sed
750 2237 811 2292 et
856 2230 1078 2292 Brutus
1126 2239 1185 2292 et
1230 2229 1467 2291 Coelius
1514 2231 1864 2310 frequenter
1908 2249 1978 2292 eo
2023 2232 2121 2290 usi
2166 2239 2322 2291 sunt.

918 2426 997 2500 L.
1055 2425 1542 2500 CALPVRNI
1596 2424 1921 2500 BIBVLI

984 2587 1547 2648 GONMENTARH
1593 2589 1844 2648 BRVTI

500 2725 564 2795 1.
615 2735 771 2794 Plut.
810 2733 983 2793 Brut.
1035 2732 1124 2792 23
1157 2723 1330 2810 Ἤδη
1380 2727 1455 2791 δὲ
1500 2738 1637 2791 τῶν
1681 2723 1804 2809 μὲν
1851 2726 1942 2803 ὡς
1980 2729 2308 2810 Καίσαρα,
2345 2739 2480 2792 τῶν
2517 2727 2578 2792 ‹5’

272 2827 363 2904 ὡς
400 2825 765 2892 ’Λντώνιον
811 2826 1259 2910 διισταμένων
1288 2863 1372 2870 -
1403 2826 1782 2890 παντάπασι
1821 2829 2192 2908 καταγνοὺς
2238 2837 2372 2890 τῶν
2417 2848 2579 2908 πρα-

270 2925 542 3010 γμάτων
593 2927 877 3006 [Brutus]
928 2929 1099 3008 ἔγνω
1144 2927 1530 2988 καταλιπεῖν
1558 2921 1847 2988 Ἰταλίαν
1890 2925 2000 2988 καὶ
2046 2927 2203 3008 πεζῇ
2252 2925 2362 2989 διὰ
2412 2927 2580 2988 Λευ-

270 3026 506 3100 κανίας
534 3026 631 3100 εἰς
650 3021 881 3088 Ἐλέαν
909 3022 1015 3087 ἐπὶ
1043 3023 1394 3087 θάλασσαν
1430 3016 1608 3104 ἧκεν.
1648 3019 1857 3086 Ὅθεν
1883 3020 1924 3104 ἡ
1956 3024 2219 3106 Πορκία
2247 3020 2580 3104 μέλλουσα

191 3148 245 3191 ιο
269 3123 473 3188 πάλιν
521 3123 615 3198 εἰς
644 3119 898 3206 Ῥώμην
944 3120 1445 3204 ἀποτραπέσθαι
1492 3119 1862 3185 λανθάνειν
1896 3120 2020 3200 μὲν
2057 3119 2358 3202 ἐπειρᾶτο
2395 3141 2578 3203 περι-

268 3227 508 3296 παθῶς
544 3215 815 3304 ἔχουσα·
863 3221 1084 3303 γραφὴ
1126 3218 1205 3282 δέ
1235 3242 1334 3295 τις
1373 3217 1583 3302 αὐτὴν
1618 3217 1970 3301 προῦδωκε
2007 3211 2212 3282 τᾶλλα
2260 3221 2577 3300 γενναίαν

446 3410 508 3467 4.
547 3413 703 3467 Num
746 3411 1001 3477 Tanusii,
1036 3417 1101 3466 ut
1136 3413 1316 3467 uoluit
1354 3409 1668 3478 Mem-sius,
1713 3411 1813 3476 sit,
1858 3410 2156 3466 admodum
2208 3410 2438 3465 dubium
2482 3417 2576 3476 est,

262 3485 453 3554 potius
506 3483 715 3549 Cincii,
760 3486 860 3554 qui
902 3501 939 3538 a
980 3482 1268 3538 Macrobio
1310 3483 1543 3553 Oinyius
1580 3483 1650 3550 (I
1680 3487 1768 3548 12,
1797 3453 1870 3536 '12
1914 3481 1976 3534 in
2012 3498 2078 3535 eo
2115 3481 2260 3535 libro
2299 3497 2466 3550 quem
2504 3483 2576 3536 de

268 3555 433 3612 fastis
458 3553 721 3624 reliquit3
759 3555 803 3627 5
830 3559 935 3622 18;
964 3559 1061 3622 30)
1100 3555 1307 3610 dicitur
1341 3561 1393 3609 et
1426 3569 1549 3608 oum
1583 3554 1829 3609 Varrone
1866 3554 2240 3624 conianqitnr,
2277 3559 2342 3607 ut
2377 3570 2444 3608 ea:
2477 3555 2576 3610 hoe

269 3629 425 3684 illiue
460 3629 766 3684 auctoritas
804 3643 1055 3682 mnam
1091 3627 1365 3680 uideatur.

448 3699 505 3754 1.
552 3699 621 3753 L.
662 3698 985 3754 Soe'ibomtoe
1029 3699 1189 3763 Libo,
1265 3697 1363 3766 qui
1406 3696 1473 3751 de
1518 3696 1631 3751 Ser.
1667 3695 1870 3751 Galba’
1913 3697 2089 3764 tr.p1.
2127 3713 2200 3751 sc.
2239 3713 2302 3750 ro
2337 3697 2574 3751 ationem

267 3771 413 3837 tulit,
440 3787 595 3825 nuuc
618 3777 1055 3824 conmemoratur
1089 3772 1155 3823 in
1182 3770 1364 3823 Bruto
1388 3771 1483 3833 23,
1503 3771 1606 3822 89:
1645 3767 1704 3821 L.
1735 3766 1950 3821 Libone
1985 3767 2214 3821 tribuno
2251 3784 2290 3836 p
2315 3766 2437 3822 ebis
2473 3784 2572 3837 po-

266 3842 465 3911 pulum
520 3840 799 3895 incitante
854 3844 915 3895 et
957 3840 1311 3910 rogationem
1357 3838 1419 3892 in
1466 3837 1708 3893 Galbam
1754 3837 2022 3908 priuilegi
2070 3837 2310 3892 similem
2357 3838 2572 3893 ferente

270 3911 900 3979 (ubitammmoodd.
940 3911 1001 3965 T.
1032 3914 1395 3980 nominatur).
1434 3911 1611 3965 deor.
1645 3910 1842 3976 1165,
1871 3914 1998 3965 263.

449 4092 516 4179 l,
568 4101 623 4158 7.
681 4099 970 4159 conturbo
1027 4101 1183 4157 enim
1238 4117 1333 4156 me
1390 4101 1451 4156 ot
1504 4099 1636 4173 pito
1692 4115 1786 4155 me
1841 4097 2017 4156 Bruti
2069 4097 2191 4156 οοᾶ.
2253 4089 2572 4156 οοιιὶιιιὶιαῒ,

282 4191 643 4265 Wesenberq.
690 4191 951 4266 epitome
988 4187 1165 4247 Bruti
1210 4188 1368 4262 may.
1506 4186 1569 4244 in
1604 4185 1783 4244 Bruti
1819 4185 1939 4245 cod.
1979 4205 2056 4244 an
2097 4185 2294 4247 Orelli.
2323 4191 2570 4247 cetemm

268 4285 333 4338 ut
372 4283 441 4339 im
484 4281 783 4353 scriptura
828 4281 1067 4338 omnino
1110 4280 1331 4338 incerta
1366 4277 1517 4336 »nihil
1552 4277 1802 4343 mutaui,
1845 4293 1919 4335 ne
1965 4277 2124 4334 enim
2169 4277 2402 4350 quadem
2437 4293 2571 4336 cum

271 4368 485 4430 Ordlio
530 4371 597 4428 in
644 4368 857 4444 eiiam3
902 4368 1025 4428 uid.
1072 4367 1283 4440 Reuiq.
1319 4366 1365 4424 I
1393 4384 1459 4441 p.
1492 4369 1625 4424 140

2068 4465 2140 4519 40

2665 1323 2848 1386 12,18

2677 1362 2832 1446 Biut.

2654 1467 2863 1532 26,101

2639 2804 2709 2853 44

2617 2876 2726 2884 —-

2623 2893 2726 2943 710
