3234 5034
454 324 663 379 AVCT.
695 325 746 379 A
774 324 980 381 TREB.
1009 323 1376 380 POLLION'E
1414 324 1510 379 ΕΤ
1547 325 1654 381 FL.
1684 325 1989 383 VOPISCO
2026 326 2205 382 ΝΟΜ.
2274 330 2660 379 CLxxxxvn

349 493 504 554 disse
543 500 778 554 constat
806 494 1098 567 (Mueller
1125 494 1230 554 Fr.
1260 494 1332 554 Η.
1371 494 1474 555 Gr.
1505 494 1622 555 III
1636 512 1704 571 p.
1736 494 1870 555 586
1894 498 2067 575 sqq),
2106 498 2277 557 cuius
2315 496 2651 578 exemplum

345 576 612 653 imitatus
656 592 897 652 Asinius
942 590 1169 670 habuit,
1215 610 1326 653 cur
1370 594 1718 654 memoriam
1766 592 2002 654 illorum
2049 592 2339 655 bellorum
2390 595 2651 658 redinte-

345 698 544 769 graret
582 697 1016 769 patronumque
1055 708 1229 751 suum
1266 689 1683 769 Alexandrum,
1722 709 1857 752 cum
1897 710 1946 751 a.
1978 688 2108 753 232
2148 700 2208 754 et
2240 690 2371 755 233
2403 692 2649 755 Parthos

345 784 823 868 ‘gloriosissime’
859 789 1106 850 uicisset
1145 790 1426 866 (Eutrop.
1462 789 1625 850 VIII
1650 790 1786 869 23),
1834 792 1995 851 iuxta
2040 790 2173 852 illos
2220 799 2486 873 poneret,
2533 812 2648 873 qua

345 886 586 968 quidem
635 904 700 947 re
749 885 945 948 denuo
991 888 1121 949 eius
1167 888 1412 967 scriptio
1461 885 1534 948 ad
1579 886 1821 949 ultimos
1870 890 1999 949 eius
2045 890 2423 968 imperatoris
2462 908 2647 952 annos

347 984 602 1047 ducitur.
679 992 944 1046 ceterum
998 986 1060 1046 in
1114 984 1434 1046 Alexandri
1497 1004 1673 1047 usum
1728 994 1933 1047 contra
1995 987 2350 1049 Alamannos
2406 987 2646 1051 Germa·

347 1102 571 1165 nosque
617 1090 756 1164 post
798 1082 1048 1145 Parthos
1095 1081 1534 1163 expeditionem
1579 1085 1844 1165 parantis
1892 1084 2139 1147 forsitan
2188 1088 2367 1148 etiam
2405 1085 2647 1150 Germa·

343 1185 474 1244 nica
512 1185 915 1264 conposuerit,
944 1200 1198 1263 quorum
1227 1190 1502 1244 accurata
1532 1182 1854 1264 descriptio
1885 1184 1991 1261 (fr.
2015 1184 2129 1259 10)
2160 1202 2271 1246 nec
2299 1186 2361 1246 in
2392 1184 2645 1248 chiliade

343 1298 455 1342 nec
497 1282 563 1342 in
607 1280 902 1344 Parthicis
948 1280 1144 1342 locum
1181 1278 1403 1342 habuit.
1469 1299 1683 1361 serm0,
1721 1284 1825 1361 qui
1864 1284 2040 1343 etiam
2077 1299 2237 1344 nunc
2274 1285 2335 1343 in
2374 1283 2645 1346 chiliadis

346 1380 414 1440 fr.
461 1376 502 1440 2
561 1387 830 1460 apparet,
903 1381 1138 1441 ionicus
1211 1397 1356 1440 num
1429 1381 1606 1441 etiam
1680 1382 1742 1441 in
1816 1380 2109 1443 Parthicis
2180 1380 2479 1443 adbibitus
2549 1384 2643 1462 sit,

346 1480 636 1561 nescitur3
682 1480 970 1540 Arrianus
1015 1477 1256 1558 quidem
1303 1480 1368 1539 in
1413 1476 1636 1540 Indicis
1684 1496 1753 1539 eo
1798 1496 1945 1540 usus
1991 1486 2135 1541 erat.

518 1576 1013 1656 Fragmentorum
1055 1578 1275 1656 uiginti
1319 1582 1601 1656 quattuor
1644 1584 1893 1657 propter
1936 1579 2326 1658 geographica
2366 1588 2641 1661 excerpta

345 1674 641 1755 Stephano
688 1675 968 1755 Byzantio
1014 1674 1300 1736 chiliados
1344 1673 1443 1736 uel
1489 1674 1868 1737 chiliarchias
1912 1674 2133 1737 librum
2170 1685 2447 1757 quartum
2486 1678 2643 1741 deci·

343 1792 531 1853 mum,
584 1772 998 1835 Parthicorum
1043 1792 1263 1835 nonum
1313 1774 1522 1835 citanti
1569 1771 1883 1852 debemus,
1929 1772 2002 1836 ad
2049 1793 2227 1855 quem
2274 1778 2477 1837 nescio
2525 1795 2641 1856 quo

343 1872 472 1933 rino
519 1872 850 1951 fragmenta
896 1870 1305 1933 Parthicorum
1353 1872 1602 1933 fortasse
1651 1890 1787 1933 cum
1834 1871 2083 1934 Arriano
2130 1873 2397 1953 copulata
2452 1874 2639 1937 delata

341 1972 474 2049 sint,
521 1969 758 2049 singula
793 1968 1096 2051 Xiphilino
1143 1971 1252 2047 (fr.
1289 1969 1380 2047 8),
1429 1969 1663 2031 Zosimo
1710 1971 1830 2049 (9),
1877 1970 2155 2050 Agathiae
2188 1964 2349 2047 ’(10)
2364 1966 2435 2056 1),
2482 1972 2639 2034 unde

341 2067 492 2147 apud
539 2066 896 2149 Byzantinos
950 2069 1058 2129 hos
1114 2067 1298 2129 libros
1355 2067 1457 2129 diu
1503 2077 1773 2131 seruatos
1820 2077 1882 2131 et
1926 2078 2238 2149 excerptos
2286 2089 2417 2132 esse
2464 2071 2639 2133 intel·

339 2164 618 2245 legimuS,
684 2172 812 2227 tum
878 2165 1207 2246 Capitolino
1254 2167 1399 2242 (30)
1455 2175 1517 2228 et
1565 2166 1838 2229 Vulcacio
1894 2166 2194 2230 Gallicano
2239 2168 2414 2248 (31),
2469 2171 2639 2231 cuius

332 2272 534 2325 tamen
584 2265 983 2345 fragmentum
1031 2284 1173 2326 num
1221 2284 1290 2325 ex
1339 2267 1470 2345 ipso
1509 2263 1807 2337 Quadrato
1845 2268 2134 2345 originem
2180 2266 2358 2328 ducat
2396 2266 2638 2329 dubium

335 2369 426 2424 est
469 2364 694 2437 (Klebs
738 2381 814 2424 m.
854 2364 970 2425 Rh.
1010 2364 1098 2424 43
1128 2382 1198 2442 p.
1227 2364 1406 2438 339).

1251 2614 1289 2620 —
1296 2610 1727 2621 *nl—*—

335 2852 832 2929 AVCTORES
882 2854 950 2927 A
997 2853 1531 2929 TREBELLIO
1587 2849 2060 2929 POLLIONE
2120 2854 2241 2929 ΕΤ
2298 2856 2634 2932 FLAVIO

979 2986 1367 3062 VOPISCO
1433 2982 1993 3072 NOMINA'I'I’)

512 3166 860 3249 Opportune
926 3166 1168 3246 accidit,
1223 3174 1289 3229 ut
1353 3166 1462 3229 hos
1518 3170 1841 3248 scriptores
1898 3170 2260 3249 coniungere
2319 3173 2637 3251 possimuS,

337 3285 471 3328 cum
525 3285 641 3328 nec
697 3267 886 3327 series
939 3264 1152 3326 harum
1201 3264 1590 3347 reliquiarum
1635 3266 1804 3327 libris
1855 3266 2024 3347 alius,
2071 3270 2175 3348 qui
2221 3271 2283 3329 in
2327 3269 2441 3331 hoc
2488 3277 2634 3331 tem-

333 3366 498 3444 poris
553 3366 747 3445 spatio
803 3358 864 3445 (a
902 3362 1210 3425 Valeriano
1265 3382 1455 3445 usque
1512 3364 1584 3425 ad
1640 3364 2094 3446 Diocletianum,
2150 3386 2199 3428 a.
2248 3363 2631 3455 253—284)

333 3462 644 3527 tractando
681 3470 956 3524 uersatus
994 3464 1090 3542 sit,
1126 3464 1599 3544 interrumpatur
1637 3471 1697 3525 et
1732 3463 1881 3525 fides
1910 3472 2393 3544 argumentorum
2424 3466 2630 3530 eodem

333 3560 462 3623 loco
517 3560 789 3642 ponenda
845 3562 942 3622 sit.
1016 3579 1154 3622 nam
1201 3562 1315 3622 etsi
1360 3580 1478 3623 non
1527 3560 1749 3641 dubito,
1806 3563 1952 3642 quin
2003 3566 2329 3643 scriptores
2372 3567 2633 3627 nominis

331 3679 364 3722 a
401 3658 701 3721 Trebellio
737 3658 1108 3739 Vopiscoque
1155 3661 1320 3721 citati
1366 3659 1512 3721 illud
1558 3668 1793 3740 tempus
1834 3660 2278 3741 descripserint,
2323 3662 2387 3722 hi
2432 3672 2631 3726 tamen

333 3776 452 3820 non
497 3758 680 3819 ueriti
726 3764 867 3818 sunt
913 3775 1036 3837 res,
1084 3776 1230 3837 quas
1277 3757 1349 3818 ad
1397 3776 1604 3820 eorum
1652 3761 2063 3820 auctoritatem
2116 3759 2385 3821 referunt
2393 3807 2412 3840 ,
2456 3762 2629 3823 facile

329 3864 508 3936 atque
555 3857 734 3918 etiam
781 3862 1006 3917 temere
1053 3864 1300 3933 mutare,
1346 3867 1414 3923 ut
1457 3875 1688 3919 summa
1736 3860 2007 3919 cautione
2054 3858 2116 3918 in
2155 3859 2243 3919 eis
2280 3858 2630 3921 adhibendis

329 3972 482 4037 opus
520 3957 602 4016 sit
629 3955 776 4029 (Die
803 3954 1026 4031 Script.
1046 3957 1102 4016 h.
1124 3955 1196 4015 Α.
1211 3973 1281 4032 p.
1301 3954 1434 4016 238
1459 3958 1596 4033 sq.)
1662 3956 1809 4017 satis
1855 3963 2053 4017 autem
2101 3954 2399 4019 duxerunt
2446 3959 2629 4020 semel

511 4181 566 4240 1)
603 4177 821 4234 Teu'ffel
856 4178 1102 4250 (Encycl.
1131 4178 1186 4234 1²
1213 4186 1243 4233 2
1282 4198 1336 4251 p.
1371 4183 1529 4250 1868)
1567 4180 1640 4235 ab
1679 4197 1745 4236 eo
1781 4178 1927 4235 falso
1967 4178 2316 4246 Quadratum
2360 4199 2462 4253 pro
2499 4182 2625 4238 Pol-

326 4258 482 4315 lione
518 4258 768 4331 positum
803 4275 926 4316 esse
962 4263 1168 4315 censet.

513 4342 566 4411 2)
605 4338 670 4395 V.
701 4338 1040 4396 Geschichtl.
1069 4340 1262 4397 Litter.
1292 4340 1318 4396 1
1353 4360 1408 4413 p.
1439 4346 1544 4397 438
1563 4359 1683 4411 sqq.

997 4450 1028 4480 Ο

3195 4846 3196 4861 ᾼ
3188 4652 3196 4829 ..μ-,4-
