3234 5034
1159 334 1565 391 CORNELIVS
1603 335 1838 390 NEPOS
2424 354 2647 401 xxxxl

333 504 560 583 unique
627 502 906 565 Ciceroni
969 506 1302 584 postposuit
1349 505 1466 578 (ad
1497 505 1622 566 Att.
1660 504 1733 565 Χ
1740 505 1831 565 VI
1868 504 1927 579 5,
1956 506 2045 579 5).
2061 496 2113 587 ¹)
2205 504 2403 583 itaque
2468 503 2645 564 etiam

333 602 398 662 in
443 601 628 663 huius
675 604 948 663 notitiam
991 604 1286 683 peruenit,
1334 605 1446 663 etsi
1487 601 1711 664 Gellius
1758 620 1887 663 rem
1934 603 2096 663 auxit
2139 609 2207 662 ut
2252 603 2354 681 qui
2392 603 2645 662 maxime

337 698 648 761 Ciceronis
695 702 954 761 amicum
1001 701 1349 763 familiarem
1397 720 1534 763 eum
1580 701 1766 762 fuisse
1810 700 2081 762 scribens
2120 702 2255 773 (uit.
2294 700 2415 762 Cic.
2438 701 2524 778 fr.
2556 700 2643 774 1).

335 817 472 859 nam
531 817 890 879 quamquam
949 799 1064 861 duo
1117 801 1432 861 minimum
1488 799 1627 860 libri
1693 799 2081 879 epistularum
2138 798 2209 859 ad
2264 817 2400 860 eum
2456 800 2643 878 scrip·

339 904 534 957 tarum
584 895 730 957 editi
777 905 918 959 sunt
954 900 1230 977 (Kayser
1275 898 1396 960 Cic.
1425 898 1498 959 Χ
1522 917 1592 976 p.
1622 897 1711 959 38
1738 901 1855 974 sq.)
1904 905 2079 977 atque
2126 898 2303 957 etiam
2341 896 2646 958 Ciceronis

336 996 465 1056 uiui
513 986 756 1077 (mense
810 993 959 1056 lulio
1007 1014 1055 1057 a.
1092 989 1382 1081 441710)
1429 995 1657 1057 litteras
1714 994 1991 1074 colligere
2047 994 2359 1055 consilium
2416 996 2645 1075 cepisse

337 1092 582 1154 uidetur
628 1093 830 1167 (Rom.
867 1094 1057 1171 Bries
1078 1112 1146 1171 p.
1176 1094 1268 1155 36
1283 1097 1418 1173 sq.)‚
1463 1094 1564 1155 hic
1619 1100 1819 1155 tamen
1874 1093 2081 1155 eodem
2136 1100 2403 1173 tempore
2458 1093 2645 1155 filium

337 1210 612 1271 puerum,
662 1208 840 1271 quem
883 1200 1186 1253 mortuum
1233 1209 1367 1253 esse
1413 1191 1643 1253 Atticus
1690 1194 2029 1273 scripserat,
2076 1191 2289 1273 Nepoti
2336 1191 2521 1253 fulsse
2568 1210 2645 1253 ne

337 1290 644 1369 cognitum
693 1289 934 1369 quidem
979 1288 1185 1351 habuit
1231 1292 1349 1365 (ad
1390 1291 1512 1353 Att.
1550 1292 1722 1353 XVI
1761 1292 1863 1367 14,
1893 1291 1964 1366 4)
2012 1292 2345 1370 minuitque
2402 1292 2645 1352 nimiam

335 1387 500 1449 illius
547 1387 791 1449 laudum
838 1390 1192 1450 comitatem.
1267 1396 1429 1449 certe
1467 1390 1671 1450 nescio
1708 1387 1865 1469 quod
1902 1387 2147 1468 Nepotis
2184 1387 2471 1449 iudicium
2509 1406 2647 1451 eum

337 1486 688 1565 offenderat,
735 1488 863 1547 siue
913 1487 986 1548 de
1030 1488 1318 1567 poematis
1365 1489 1496 1547 siue
1545 1486 1616 1547 de
1665 1488 1905 1567 scriptis
1951 1485 2357 1566 philosophiae
2404 1488 2535 1548 siue
2574 1486 2645 1547 de

337 1584 496 1665 aliis,
553 1584 774 1665 quibus
829 1603 894 1646 se
949 1585 1204 1646 maxime
1261 1584 1572 1664 superbire
1624 1584 1816 1646 Attico
1862 1585 2176 1664 profitetur
2222 1585 2420 1658 (XVI
2457 1587 2517 1662 5,
2555 1588 2644 1661 5).

338 1682 710 1744 consuetudo
762 1684 948 1763 igitur
1002 1702 1206 1744 eorum
1263 1684 1421 1744 intra
1475 1682 1703 1743 litteras
1757 1682 2142 1763 publicasque
2198 1700 2297 1743 res
2344 1700 2409 1743 se
2456 1684 2643 1744 conti-

337 1783 546 1841 nuisse
609 1780 877 1860 uidetur,
940 1781 1004 1842 id
1063 1780 1219 1861 quod
1275 1783 1451 1841 etiam
1509 1780 1897 1860 epistularum
1956 1782 2281 1859 fragmenta
2336 1788 2646 1845 testantur.

335 1888 474 1941 utut
521 1888 630 1959 est,
679 1886 910 1958 gratum
958 1882 1220 1941 animum
1267 1898 1386 1940 non
1424 1879 1614 1940 solum
1654 1881 1875 1959 scripta
1912 1879 2089 1939 Attici
2126 1880 2251 1940 uita
2286 1880 2647 1959 significauit

339 1978 446 2039 sed
495 1980 676 2039 etiam
715 1976 1018 2039 Ciceronis
1055 1978 1240 2039 uitam
1279 1976 1687 2057 compluribus
1722 1975 2128 2039 uoluminibus
2165 1984 2517 2056 persecutus
2554 1987 2647 2041 est

339 2076 534 2157 deque
592 2078 724 2138 eius
779 2075 1061 2157 operibus
1117 2074 1502 2137 emendandis
1558 2074 1710 2137 bene
1758 2076 1979 2136 meruit
2025 2077 2179 2150 (uid.
2218 2076 2390 2153 infra
2422 2096 2491 2155 p.
2520 2081 2643 2152 ιν).

521 2174 643 2236 Sed
697 2182 764 2236 ut
827 2176 1005 2235 etiam
1071 2176 1404 2235 accuratius
1413 2220 1431 2253 ,
1487 2192 1637 2253 quae
1693 2175 1822 2235 eius
1884 2172 2115 2235 indoles
2180 2174 2387 2255 fuerit,
2444 2174 2645 2237 adum-

337 2274 614 2353 bremuS,
679 2274 822 2335 uitis
885 2292 1036 2353 quae
1100 2274 1278 2333 etiam
1344 2289 1504 2333 nunc
1567 2278 1803 2333 exstant
1868 2290 2073 2333 carere
2126 2290 2245 2332 non
2300 2274 2647 2353 poterimuS,

337 2390 700 2451 quamquam
755 2371 866 2432 hoc
923 2370 1256 2432 litterarum
1307 2387 1496 2449 genus
1543 2369 1615 2430 ab
1662 2369 1911 2431 historia
1957 2370 2279 2433 abhorrere
2325 2372 2455 2451 ipse
2504 2370 2647 2433 dicit

339 2472 498 2543 (uid.
527 2469 705 2548 infra
726 2488 794 2548 p.
817 2472 1082 2544 xxxxn).
1131 2486 1323 2548 neque
1353 2468 1512 2528 enim
1541 2469 1853 2548 quisquam
1885 2468 2192 2549 dubitabit,
2223 2472 2365 2549 quin
2398 2478 2458 2531 et
2486 2472 2645 2533 uitae

337 2568 584 2629 Catonis
613 2575 674 2628 et
692 2569 868 2629 Attici
899 2576 958 2629 et
985 2566 1138 2629 liber
1167 2566 1238 2627 de
1269 2565 1698 2627 excellentibus
1730 2565 1981 2629 ducibus
2010 2575 2350 2630 exterarum
2378 2570 2645 2648 gentium

338 2665 414 2727 ab
451 2666 564 2727 boc
605 2665 878 2727 Cornelio
913 2664 1140 2746 Nepote
1180 2666 1400 2745 scripta
1437 2666 1574 2744 sint,
1612 2666 1715 2745 qui
1754 2665 1994 2745 quidem
2034 2666 2189 2727 liber
2234 2666 2392 2747 quod
2438 2668 2499 2727 in
2548 2687 2644 2729 co-

341 2764 578 2826 dicibus
607 2764 843 2826 Aemilii
868 2763 1048 2826 Probi
1087 2763 1322 2843 dicitur,
1361 2764 1472 2823 hoc
1509 2782 1580 2824 ex
1615 2765 2038 2843 epigrammate
2060 2766 2270 2839 (Anth.
2290 2768 2397 2827 lat.
2422 2764 2550 2827 783
2570 2767 2644 2827 R.

341 2864 508 2923 Poet.
538 2866 644 2924 lat.
675 2866 817 2924 min.
851 2864 906 2920 V
925 2862 1041 2938 83)
1081 2861 1332 2942 quodam
1381 2860 1719 2941 subscripto
1755 2880 2069 2942 perperam
2105 2862 2473 2924 intellectum
2513 2882 2645 2925 esse

339 2960 406 3021 L.
435 2958 672 3021 Traube
703 2960 870 3033 (Ber.
893 2963 948 3021 d.
971 2961 1196 3039 Bayer.
1219 2960 1416 3021 Alcad.
1450 2959 1620 3021 1891
1648 2980 1714 3039 p.
1747 2960 2129 3036 409—425)
2168 2980 2331 3023 nunc
2368 2960 2645 3023 omnibus

337 3059 657 3139 persuasit.
731 3076 868 3119 nam
919 3056 1066 3119 illud
1122 3056 1380 3119 alienum
1436 3076 1585 3138 opus
1642 3060 1909 3121 exarauit
1963 3066 2022 3119 et
2070 3062 2371 3121 recensuit
2414 3059 2645 3122 Probus

337 3176 480 3218 cum
525 3164 696 3236 patre
745 3164 804 3216 et
848 3174 978 3234 auo,
1023 3163 1090 3217 ut
1136 3154 1208 3216 ad
1245 3154 1644 3218 Theodosium
1680 3156 1734 3217 ll
1774 3150 2299 3238 (‘Calligraphum'
2332 3159 2371 3217 i.
2403 3177 2451 3217 e.
2493 3159 2643 3219 anti-

337 3248 648 3337 quarium)
697 3254 977 3315 mitteret.
1053 3254 1208 3334 quod
1263 3272 1409 3315 uero
1457 3252 1521 3314 G.
1559 3254 1622 3314 F.
1661 3255 1858 3334 Vnger
1895 3257 2075 3329 (Abla.
2105 3259 2162 3317 d.
2192 3257 2416 3333 Bayer.
2444 3258 2644 3319 Alcad.

335 3355 414 3415 Χ
421 3354 512 3413 VI
551 3354 590 3413 1
627 3372 696 3430 p.
731 3351 1109 3427 127—226)
1155 3351 1454 3432 Hyginum
1499 3352 1834 3431 substituit,
1894 3354 2006 3414 etsi
2050 3354 2237 3414 multa
2283 3353 2354 3415 ad
2400 3352 2646 3435 Nepotis

337 3450 564 3512 librum
611 3452 838 3512 rectius
885 3450 1312 3511 aestimandum
1361 3449 1627 3530 contulit,
1676 3454 1945 3513 certatim
1992 3450 2137 3512 illud
2194 3470 2409 3513 nomen
2456 3453 2647 3533 multi,

333 3551 598 3611 maxime
643 3548 715 3609 Η.
751 3547 1160 3627 Rosenhauer,
1200 3546 1264 3609 B.
1304 3547 1506 3627 Lupus
1515 3594 1532 3625 ,
1577 3547 1647 3608 R.
1684 3546 2057 3628 Bitschofsky
2104 3548 2486 3630 exploserunt
2530 3549 2643 3612 Ne-

333 3650 618 3728 potisque
665 3649 1076 3709 auctoritatem
1123 3648 1528 3707 firmauerunt.

519 3743 722 3825 Nepos
767 3745 953 3822 igitur
996 3746 1113 3805 iam
1159 3763 1294 3805 cum
1333 3743 1623 3804 Chronica
1670 3753 2051 3824 componeret
2088 3739 2251 3829 (ante
2291 3765 2339 3806 a.
2370 3741 2645 3827 54s700‚

337 3862 404 3905 u.
431 3844 608 3921 infra
632 3863 702 3921 p.
733 3834 815 3925 ι),
854 3844 1029 3903 etiam
1060 3840 1313 3903 Graecas
1353 3860 1450 3903 res
1487 3842 1830 3921 complexus
1870 3850 1997 3903 erat
2032 3842 2353 3923 habuitque
2388 3844 2453 3905 in
2482 3862 2551 3905 ea
2578 3863 2645 3905 re

337 3949 581 4020 praeter
614 3939 963 4001 Ciceronem
992 3940 1185 4000 socios
1213 3940 1472 4001 Atticum
1503 3942 1776 4019 amicum,
1806 3942 1906 4020 qui
1934 3943 1998 4001 in
2029 3940 2225 4003 annali
2255 3934 2333 4024 (a.
2353 3936 2645 4027 46s708),

337 4038 688 4117 Varronem,
733 4038 838 4117 qui
883 4038 946 4097 in
983 4036 1340 4115 imaginibus
1379 4031 1459 4121 (a.
1489 4033 1779 4123 39s715)
1820 4038 2013 4100 simile
2050 4038 2365 4100 consilium
2404 4048 2646 4102 secutus

523 4264 579 4333 1)
615 4260 936 4316 Admodum
967 4262 1270 4317 dolendum
1299 4266 1403 4333 est,
1431 4263 1585 4333 quod
1613 4262 1783 4319 alteri
1818 4263 1970 4334 parti
1996 4262 2312 4335 logistorici
2342 4264 2554 4321 ‘Varro
2580 4266 2645 4321 in

337 4343 574 4413 Nepote'
617 4340 806 4411 (Char.
830 4359 888 4412 p.
921 4347 1012 4412 59,
1033 4348 1126 4412 15)
1167 4342 1330 4398 nobis
1371 4342 1619 4398 inuisum
1657 4346 1757 4399 est.
