3234 5034
812 348 868 405 C.
901 348 1067 406 OPPI
1100 348 1197 404 DE
1236 347 1411 404 VITA
1446 349 1734 405 PRIORIS
1771 349 2118 406 AFRJOAM
2511 350 2596 412 47

286 503 434 599 erat,
480 517 706 580 liberos
754 518 1183 599 desperauisse.
1258 525 1463 597 postea
1508 518 1571 578 in
1619 517 1895 579 cubiculo
1943 527 2118 598 atque
2163 520 2227 578 in
2272 517 2427 578 lecto
2471 536 2601 578 mu·

286 618 474 697 lieris,
506 637 643 680 cum
681 616 925 678 absente
963 617 1177 677 marito
1214 615 1439 676 cubans
1479 615 1603 677 sola
1641 615 2092 696 condormisset,
2119 618 2319 678 uisum
2354 624 2599 696 repente

286 735 423 780 esse
471 719 637 778 iuxta
682 734 813 778 eam
860 714 1081 776 cubare
1126 717 1429 794 ingentem
1466 732 1722 794 anguem
1760 734 2017 796 eumque
2053 715 2148 776 his
2185 715 2288 795 qui
2325 714 2603 776 uiderant

286 817 521 877 territis
576 822 638 874 et
690 812 1085 874 clamantibus
1140 811 1409 892 elapsum
1464 814 1730 874 inueniri
1785 831 1904 874 non
1968 815 2192 893 quisse.
2279 811 2341 874 id
2403 814 2602 892 ipsum

235 931 260 974 5
288 913 351 974 P.
392 913 735 993 Scipionem
793 910 865 972 ad
920 911 1227 991 aruspices
1284 909 1589 990 retulisse,
1645 929 1746 973 eos
1803 912 2098 973 sacrificio
2155 912 2306 972 facto
2359 929 2603 990 respon-

290 1011 452 1072 disse
508 1012 635 1072 sore
691 1017 759 1071 ut
813 1007 987 1070 liberi
1044 1009 1457 1089 gignerentur,
1513 1027 1709 1089 neque
1755 1008 1958 1072 multis
2008 1010 2243 1090 diebuS‚
2289 1017 2604 1089 postquam

288 1109 391 1171 ille
448 1111 659 1188 anguis
713 1110 778 1168 in
824 1107 978 1168 lecto
1034 1109 1203 1169 uisus
1259 1115 1373 1186 est,
1429 1106 1743 1168 mulierem
1801 1109 2068 1188 coepisse
2115 1109 2388 1187 concepti
2447 1108 2604 1169 setus

290 1209 461 1287 signa
526 1215 703 1287 atque
769 1224 1013 1267 sensum
1073 1207 1215 1286 pati.
1298 1204 1511 1282 exinde
1574 1223 1780 1268 mense
1848 1205 2077 1268 decimo
2135 1207 2442 1286 peperisse
2498 1225 2601 1267 na-

292 1315 541 1386 tumque
589 1323 723 1366 esse
768 1305 929 1366 hunc
974 1303 1038 1364 P.
1074 1303 1436 1382 Africanum,
1483 1305 1586 1383 qui
1634 1302 2022 1366 Hannibalem
2061 1312 2122 1364 et
2158 1303 2606 1382 Carthaginien-

215 1423 265 1464 ιο
292 1423 391 1466 ses
437 1405 502 1465 in
548 1402 743 1464 Africa
796 1401 953 1463 bello
998 1401 1254 1462 Poenico
1308 1400 1570 1463 secundo
1627 1403 1791 1463 uicit.
1875 1402 1981 1463 sed
2028 1411 2088 1464 et
2134 1421 2270 1463 eum
2315 1401 2604 1481 inpendio

291 1503 485 1581 magis
540 1519 615 1562 ex
662 1500 843 1562 rebus
889 1502 1101 1580 gestiS‚
1157 1517 1335 1580 quam
1382 1519 1453 1560 ex
1500 1499 1602 1561 illo
1649 1508 1882 1562 ostento
1928 1503 2129 1563 uirum
2185 1519 2317 1562 esse
2364 1501 2607 1561 uirtutis

296 1599 538 1662 diuinae
586 1598 881 1661 creditum
927 1606 1035 1659 est.

482 1693 555 1761 3.
620 1696 687 1758 Id
743 1699 921 1758 etiam
980 1695 1177 1757 dicere
1232 1697 1377 1757 haut
1428 1698 1617 1777 piget,
1664 1695 1820 1776 quod
1867 1697 2025 1759 idem
2071 1696 2185 1777 illi,
2231 1716 2381 1777 quos
2427 1715 2609 1776 supra

295 1797 631 1876 nominaui,
688 1794 903 1856 litteris
960 1793 1398 1873 mandauerint,
1456 1795 1792 1875 Scipionem
1849 1795 2009 1856 hunc
2063 1795 2407 1856 Africanum
2473 1794 2610 1855 soli·

218 1917 267 1960 ιε
296 1896 523 1957 tauisse
570 1895 763 1956 noctis
811 1901 1093 1972 extremo,
1139 1893 1489 1972 priusquam
1537 1891 1906 1971 diluculareg
1951 1895 2016 1954 in
2063 1892 2416 1973 Capitolium
2461 1911 2607 1954 uen-

300 1996 472 2055 titare
529 2013 598 2053 ac
651 1990 861 2053 iubere
916 1992 1136 2070 aperiri
1192 1988 1400 2052 cellam
1446 1989 1606 2052 louis
1654 1999 1829 2072 atque
1885 1991 1969 2052 ibi
2017 1991 2208 2052 solum
2257 1991 2358 2052 diu
2408 1991 2608 2052 demo-

298 2093 419 2153 rari
484 2093 658 2171 quasi
721 2089 1153 2151 consultantem
1211 2088 1282 2149 de
1340 2106 1405 2149 re
1449 2108 1507 2169 p.
1556 2107 1694 2151 cum
1747 2088 1915 2170 Ioue,
1972 2088 2419 2170 aeditumosque
2475 2091 2606 2151 eius

298 2189 507 2271 templi
562 2205 739 2267 saepe
795 2207 929 2249 esse
985 2187 1330 2266 demiratoS,
1377 2185 1537 2266 quod
1580 2186 1775 2248 solum
1822 2187 1884 2248 id
1929 2189 2214 2268 temporis
2258 2189 2324 2248 in
2372 2187 2603 2268 Capito-

300 2287 448 2350 lium
492 2285 933 2366 ingredientem
979 2304 1157 2346 canes
1204 2303 1441 2365 semper
1484 2286 1548 2346 in
1595 2284 1740 2346 alios
1789 2287 2124 2348 saeuientes
2185 2304 2380 2366 neque
2435 2285 2611 2347 latra-

224 2409 277 2448 m
304 2393 441 2447 rent
486 2404 624 2447 eum
670 2402 867 2464 neque
910 2385 1306 2445 incurrerent.

518 2475 638 2531 Has
684 2474 845 2547 uolgi
897 2475 967 2530 de
1015 2474 1277 2545 Scipione
1332 2473 1628 2545 opiniones
1685 2475 2014 2530 confirmare
2070 2478 2242 2544 atque
2298 2475 2612 2547 approbare

374 2556 723 2612 uidebantur
760 2555 917 2610 dicta
952 2555 1219 2623 factaque
1256 2555 1377 2610 eius
1413 2555 1687 2626 pleraque
1733 2555 2086 2610 admiranda.
2153 2571 2222 2611 ex
2273 2556 2479 2625 quibus
2527 2559 2616 2611 est

374 2655 551 2693 unum
586 2635 995 2692 huiuscemodi.
1050 2635 1359 2690 Assidebat
1392 2635 1874 2706 oppugnabatque
1912 2635 2186 2706 oppidum
2219 2637 2280 2691 in
2317 2635 2612 2707 Hispania,

374 2719 509 2786 situ,
545 2716 869 2784 moenibus,
908 2715 1299 2772 defensoribus
1341 2715 1601 2771 ualidum
1647 2719 1708 2771 et
1740 2717 2049 2786 munitum,
2084 2733 2146 2772 re
2183 2716 2362 2772 etiam
2398 2717 2616 2773 cibaria

304 2879 427 2916 sum
468 2859 563 2928 sit,
602 2859 759 2914 nullo
796 2858 889 2914 die
926 2857 1083 2929 prius
1120 2857 1299 2913 ullam
1334 2858 1624 2928 publicam
1661 2859 2060 2929 priuatamque
2096 2875 2214 2913 rem
2251 2858 2387 2930 egit,
2443 2875 2615 2928 quam

304 2933 367 2988 in
448 2931 754 3002 apitolium
798 2930 934 2997 iret,
970 2929 1368 3000 ingressusque
1410 2929 1609 2984 aedem
1648 2930 1965 2985 consideret
2001 2933 2060 2984 et
2093 2931 2426 3000 plerumque
2462 2930 2616 2984 solus

302 3005 364 3059 in
401 3006 619 3060 secreto
658 3001 743 3057 ibi
777 3005 1002 3072 tempus
1038 3003 1263 3056 tereret.
1321 3001 1415 3056 hic
1450 3017 1590 3069 mos,
1629 3018 1796 3071 quem
1831 3017 1933 3071 per
1969 3018 2189 3057 omnem
2217 3001 2400 3056 uitam
2427 3018 2616 3056 serua-

302 3076 423 3142 bat,
471 3091 573 3130 seu
620 3074 876 3128 consulto
924 3089 1025 3126 seu
1068 3075 1280 3127 temere
1326 3071 1597 3143 uulgatae
1645 3071 1900 3143 opinioni
1936 3073 2105 3128 fidem
2151 3090 2186 3128 a
2228 3073 2306 3127 ud
2341 3073 2616 3143 quosdam

302 3148 461 3216 fecit,
499 3150 565 3200 ut
604 3145 801 3216 stirpis
846 3161 977 3200 eum
1022 3143 1255 3198 diuinae
1288 3144 1477 3198 uirum
1514 3159 1638 3199 esse
1675 3144 1991 3212 crederent,
2029 3147 2180 3200 rettu
2210 3144 2364 3212 ‘tque
2404 3143 2617 3198 famam

302 3219 365 3274 in
410 3217 736 3273 Alexandro
791 3232 998 3286 magno
1051 3214 1209 3285 prius
1262 3215 1585 3286 uulgatum,
1643 3218 1704 3270 et
1745 3214 2004 3271 uanitate
2049 3219 2108 3271 et
2151 3216 2352 3270 fabula
2401 3232 2618 3286 parem,

304 3289 513 3362 anguis
548 3288 814 3344 immanis
852 3286 1159 3342 concubitu
1195 3291 1544 3358 conceptum,
1583 3288 1644 3340 et
1677 3286 1738 3342 in
1767 3285 2028 3342 cubiculo
2055 3285 2254 3343 matris
2281 3287 2404 3343 eius
2433 3287 2618 3343 uisam

305 3357 1351 3502 Ρὲἓιὲθὲἓςηῗέῗῗὲηῗὲἲέιίξίἰξω
1384 3357 2170 3499 {ffissfflzfflffl
2189 3359 2620 3486 532¹?ssss

302 3453 447 3560 Edon
486 3505 591 3572 est,
627 3501 767 3572 quin
802 3500 995 3572 potius
1033 3505 1203 3556 aucta
1239 3503 1363 3556 arte
1397 3501 1647 3570 quadam
1683 3517 1789 3556 nec
1824 3501 2111 3556 abnuendi
2157 3501 2274 3557 tale
2315 3449 2619 3572 guicquam

304 3593 413 3633 nec
488 3575 645 3630 alam
681 3571 1037 3640 adfirmandi,
1074 3572 1255 3627 multa
1292 3571 1409 3626 alia
1445 3572 1702 3628 eiusdem
1737 3571 1978 3644 generis,
2015 3572 2132 3628 alia
2173 3590 2310 3628 uera
2364 3573 2482 3629 alia
2518 3574 2619 3629 ad-

308 3647 459 3702 simu
484 3651 599 3714 ata,
630 3643 1022 3700 admirationis
1058 3644 1341 3699 humanae
1376 3643 1437 3698 in
1474 3660 1539 3700 eo
1577 3643 1784 3699 iuuene
1821 3648 2177 3700 excesserant
2202 3617 2458 3712 modum3
2496 3645 2618 3714 qui-

307 3720 417 3775 bus
444 3719 595 3772 freta
620 3719 758 3772 tunc
786 3715 991 3772 ciuitas
1020 3715 1199 3771 aetati
1227 3715 1669 3785 haudquaquam
1695 3718 1954 3770 maturae
1971 3719 2194 3771 tantam
2211 3733 2398 3771 rerum
2416 3715 2621 3772 molem

307 3792 647 3858 tantumque
682 3787 983 3858 imperium
1020 3786 1293 3858 permisit.
1362 3787 1443 3856 Cf.
1474 3804 1517 3842 c.
1545 3791 1640 3856 20,
1669 3792 1722 3844 5.
1773 3787 1888 3843 Val.
1921 3788 2082 3844 Max.
2112 3788 2155 3842 Ι
2182 3793 2240 3856 2,
2275 3793 2322 3844 1.
2370 3789 2618 3858 Appiana.

312 3864 475 3988 {inst
502 3865 593 3916 23.
661 3861 809 3917 Cass.
840 3861 958 3915 Dio
994 3859 1067 3926 fr.
1100 3863 1192 3927 57,
1220 3863 1311 3914 38.
1377 3859 1620 3916 Frustra
1666 3861 1842 3931 ἐρίων·
1895 3861 2173 3916 oblocutus
2230 3866 2308 3915 est
2353 3861 2622 3934 Polybius

408 3939 480 4001 2;
518 3937 570 3987 9.

494 4087 555 4142 4.
601 4085 665 4142 et
701 4077 805 4162 cl.]
835 4081 1308 4142 exclamantibus
1336 4079 1662 4157 R(ottend).
1779 4081 1977 4141 uideri
2003 4082 2065 4141 Β
2170 4103 2290 4143 non
2325 4101 2500 4162 posse
2525 4077 2622 4144 Βι

312 4193 433 4234 non
468 4171 737 4249 potuisse
764 4163 861 4231 12²
1043 4173 1100 4230 7.
1148 4173 1373 4249 cepisse
1409 4171 1573 4230 codd.
1761 4173 1860 4231 11.
1907 4175 2144 4232 ostenso
2171 4173 2232 4232 R

494 4255 567 4342 3,
609 4263 709 4322 16.
746 4261 981 4321 iuberet
1016 4259 1119 4320 sed
1156 4259 1379 4338 aperiri
1414 4260 1477 4319 Β
1633 4263 1733 4321 17.
1781 4261 2143 4321 consuletem
2185 4253 2294 4344 (an
2327 4281 2374 4322 s.
2404 4255 2537 4345 lm.)
2565 4264 2626 4323 R

317 4354 418 4412 24.
464 4353 651 4414 situm
689 4351 852 4412 codd.
