3234 5034
655 344 946 392 cnxxxn
1153 335 1252 389 DE
1292 329 1757 418 scmp'rossvu
1792 329 1984 385 vms
2019 329 2115 385 ET
2153 331 2470 387 sommus

651 509 856 590 plures
908 511 1066 572 uitas
1112 525 1232 568 non
1279 507 1588 568 coniunxit
1634 495 1785 586 (uid.
1834 499 1900 561 G.
1942 498 2213 561 Schmidt
2258 503 2334 562 de
2371 502 2546 564 Rom.
2584 509 2727 563 arte
2767 505 2954 578 bioyr.

640 627 708 685 p.
746 601 885 692 33),
950 607 1109 688 quod
1165 610 1216 668 si
1281 607 1550 682 fecisset,
1614 600 1920 665 Vulcatius
1977 597 2315 660 Gallicanus
2380 618 2500 660 non
2562 599 2658 661 bis
2726 596 2957 662 ‘secun-

653 704 796 767 dum
859 705 1078 767 librum
1148 704 1218 767 de
1282 707 1408 765 uita
1471 697 1680 762 Marci’
1729 701 1943 760 citaret
1999 699 2107 776 (fr.
2151 698 2254 759 11.
2285 699 2420 776 12),
2476 699 2581 778 qui
2636 699 2881 777 quidem
2928 717 2959 760 a

653 805 788 865 Veri
836 813 1026 866 morte
1073 805 1313 864 initium
1362 807 1618 880 ceperat.
1690 805 1895 858 contra
1937 796 2209 858 distinxit
2245 815 2345 856 eas
2381 795 2765 858 breuioribus
2804 799 2959 876 capi·

648 901 810 964 tibus
858 904 967 981 (cf.
1007 904 1148 964 Birt
1193 903 1570 962 Buchwesen
1604 917 1673 975 p.
1714 898 1846 957 157
1871 897 2008 975 sq.)‚
2064 894 2231 956 uelut
2286 895 2496 956 Seueri
2554 903 2814 978 septem3
2877 899 2961 957 sic

648 1003 809 1060 enim
865 1001 937 1063 fr.
980 996 1062 1061 19
1110 996 1330 1078 ‘primo
1383 992 1757 1074 septenario’
1824 993 2291 1072 intellegendum
2358 1003 2451 1055 est
2505 987 2615 1077 (cf.
2663 997 2963 1072 binarius,

648 1101 943 1159 denarius
990 1091 1376 1181 similiaque),
1433 1114 1549 1177 quo
1594 1093 1818 1155 Marius
1862 1092 2155 1153 Maximus
2204 1091 2276 1152 de
2323 1111 2435 1152 auo
2482 1101 2731 1172 paterno
2780 1092 2963 1155 Getae

647 1202 852 1274 egerat
904 1195 1004 1256 uel
1062 1194 1134 1256 de
1190 1203 1359 1276 patre
1417 1194 1631 1256 Seueri
1688 1195 1937 1272 eiusque
1996 1197 2326 1252 stemmate.
2400 1192 2561 1270 ipsas
2616 1200 2817 1252 autem
2866 1210 2961 1253 res

647 1296 876 1355 ratione
937 1294 1235 1372 Suetonii,
1292 1297 1330 1354 i.
1377 1311 1430 1354 e.
1478 1288 1850 1370 ‘singillatim
1915 1307 2109 1369 neque
2172 1306 2285 1368 per
2348 1297 2615 1368 tempora
2682 1289 2791 1351 sed
2856 1308 2963 1371 per

647 1389 902 1471 species'
945 1411 1082 1453 eum
1119 1398 1504 1472 persecutum
1542 1407 1676 1450 esse
1707 1391 1953 1463 (Gesch.
1986 1389 2129 1450 Litt.
2159 1387 2239 1448 II
2251 1405 2319 1464 p.
2350 1387 2483 1448 328
2509 1391 2666 1464 sqq.)
2716 1405 2791 1449 ex
2836 1391 2962 1450 uita

643 1491 929 1551 Antonini
991 1490 1084 1550 Pii
1149 1491 1418 1551 eruimus
1466 1489 1613 1562 (Die
1662 1489 1887 1564 Scripa
1924 1488 1982 1548 h.
2022 1487 2093 1547 Α.
2119 1503 2187 1563 p.
2229 1486 2363 1546 106
2386 1488 2562 1565 sqq),
2620 1505 2791 1566 quae,
2850 1489 2964 1548 etsi

644 1587 791 1648 ordo
849 1589 1182 1649 secundum
1238 1586 1577 1666 exemplum
1634 1585 1795 1646 illius
1854 1583 2178 1665 dispositus
2226 1603 2257 1644 a
2306 1583 2655 1664 Capitoline,
2701 1602 2843 1646 cum
2892 1584 2962 1646 ab

645 1703 717 1745 eo
771 1704 893 1746 non
947 1695 1299 1766 perspectus
1365 1692 1551 1764 esset,
1609 1703 1788 1763 saepe
1844 1682 2198 1744 obscuratus
2250 1681 2351 1742 uel
2407 1680 2797 1761 perturbatus
2855 1691 2962 1763 est,

643 1791 844 1844 tamen
889 1787 1050 1845 uitae
1089 1782 1386 1845 Marianae
1433 1785 1754 1861 imaginem
1804 1782 2071 1842 omnium
2107 1782 2425 1841 uerissime
2463 1783 2959 1860 repraesentauit.

643 1880 972 1943 deduxerat
1006 1883 1191 1961 igitur
1229 1889 1540 1942 stemmate
1578 1881 1884 1960 proposito
1920 1881 2344 1958 imperatorem
2381 1897 2491 1958 per
2525 1880 2715 1940 uitam
2762 1881 2959 1959 priua·

643 1987 765 2040 tam
794 1998 1156 2060 cursumque
1183 1980 1476 2041 honorum
1508 1979 1818 2058 faustaque
1848 1980 2046 2038 omina
2074 1995 2266 2056 usque
2292 1976 2367 2036 ad
2392 1979 2589 2055 ipsum
2620 1979 2960 2059 imperium,

646 2076 1076 2157 descripserat,
1133 2096 1284 2158 quae
1342 2078 1534 2140 factus
1580 2079 1911 2156 imperator
1954 2074 2109 2136 bella
2156 2075 2457 2155 gessisset,
2506 2075 2701 2155 qualis
2748 2077 2961 2138 fuisset

641 2175 934 2237 aduersus
997 2177 1368 2256 prouincias,
1434 2183 1734 2253 senatum,
1799 2176 2165 2254 propinquos
2232 2174 2598 2253 amicosque,
2656 2173 2959 2236 subiectos

640 2272 962 2353 hostesque
1018 2276 1283 2353 imperii,
1347 2282 1474 2335 tum
1529 2276 1785 2350 uictum,
1852 2269 2267 2332 liberalitatem
2331 2271 2633 2350 publicam
2698 2272 2958 2335 clemen·

645 2372 932 2450 tiamque,
1008 2373 1418 2433 auctoritatem
1494 2370 1652 2451 apud
1726 2378 1990 2449 exteros,
2063 2371 2347 2450 pietatem
2422 2368 2957 2452 liberalitatemque

642 2468 936 2530 aduersus
981 2472 1267 2549 priuatoS,
1305 2468 1672 2548 ciuilitatem,
1728 2469 1892 2546 leges
1948 2467 2660 2548 administrationemque,
2702 2467 2957 2550 denique

641 2574 896 2628 mortem
952 2574 1519 2648 testamentumque,
1577 2574 1885 2644 staturam,
1939 2567 2201 2627 honores
2258 2568 2314 2627 ei
2370 2575 2605 2627 mortuo
2667 2566 2956 2629 decretos.

639 2671 818 2744 atque
873 2665 972 2726 hic
1026 2665 1268 2745 quidem
1325 2665 1472 2727 ordo
1526 2665 1663 2747 plus
1718 2667 1996 2726 minusue
2052 2672 2328 2726 seruatus
2393 2666 2572 2725 etiam
2637 2683 2751 2745 per
2814 2666 2957 2728 alias

638 2761 923 2825 historiae
979 2764 1278 2842 Augustae
1331 2766 1489 2825 uitas
1543 2765 1767 2843 prioris
1830 2765 2019 2842 partis
2076 2756 2297 2846 (usque
2354 2762 2426 2823 ad
2477 2758 2953 2849 Heliogabalum)

641 2860 912 2940 perlucet
949 2862 1096 2935 (Die
1136 2863 1269 2924 Ser.
1307 2864 1364 2923 h.
1405 2864 1476 2924 Α.
1503 2881 1572 2939 p.
1612 2862 2016 2939 102—153),
2064 2879 2097 2921 a
2134 2879 2252 2940 quo
2299 2867 2369 2922 ut
2414 2859 2733 2922 discedens
2770 2864 2957 2924 uitam

639 2957 824 3019 Marci
870 2967 1062 3021 morte
1099 2959 1238 3020 Veri
1285 2961 1346 3020 in
1402 2959 1549 3021 duos
1597 2958 1781 3020 libros
1830 2957 2145 3038 diuideret,
2193 2967 2254 3020 et
2298 2958 2453 3020 mole
2500 2977 2706 3020 rerum
2754 2970 2818 3022 et
2862 2981 2954 3023 so·

643 3058 856 3118 cietate
905 3059 1144 3138 imperii
1191 3057 1484 3137 impulsus
1533 3065 1639 3119 est.

821 3154 938 3216 Sed
985 3158 1100 3216 etsi
1144 3156 1298 3216 hanc
1345 3157 1594 3218 formam
1644 3155 1914 3218 Suetonii
1950 3155 2172 3216 Marius
2210 3153 2501 3217 Maximus
2548 3157 2819 3218 imitatus
2866 3166 2959 3220 est

639 3259 816 3332 atque
873 3271 945 3313 ex
1004 3272 1072 3314 ea
1128 3262 1325 3315 certos
1383 3253 1616 3315 dierum
1680 3253 2158 3315 memorabilium
2213 3271 2497 3315 numeros
2558 3257 2836 3335 retinuit,
2892 3259 2955 3318 in
3050 3335 3061 3344 ·

637 3352 991 3411 uniuersum
1038 3359 1238 3412 tamen
1286 3352 1542 3431 repleuit
1589 3371 1719 3413 eam
1769 3352 1978 3431 longe
2028 3351 2319 3412 diuersa
2366 3355 2687 3414 materia.
2757 3371 2955 3434 neque

639 3451 800 3509 enim
847 3448 1141 3510 breuitate
1188 3449 1532 3530 excellebat,
1567 3453 1753 3512 immo
1792 3454 2039 3531 opponit
2076 3451 2473 3512 Suetonianae
2514 3453 2643 3512 eius
2680 3450 2954 3514 uerbosi·

637 3555 818 3607 tatem
857 3547 1145 3626 Vopiscus
1181 3549 1370 3610 Firm.
1412 3550 1471 3627 1,
1520 3568 1697 3628 quem
1747 3552 1923 3609 etiam
1972 3549 2401 3628 mythistoricis
2440 3567 2505 3610 se
2541 3547 2953 3613 uoluminibus

638 3645 1044 3724 implicauisse
1093 3645 1284 3724 dicit,.
1311 3644 1509 3706 laudat
1556 3646 1953 3726 diligentiam,
2004 3647 2079 3706 ad
2134 3665 2313 3726 quam
2379 3646 2645 3726 legentes
2706 3647 2952 3728 releget,

637 3742 1002 3823 Capitolinus
1033 3745 1150 3820 (fr.
1181 3745 1314 3822 25),
1355 3746 1586 3823 copiam
1618 3745 1967 3824 Spartianus
1998 3744 2115 3822 (fr.
2156 3745 2289 3818 19).
2338 3744 2714 3806 efficiebatur
2752 3754 2951 3810 autem

635 3858 756 3901 non
793 3840 988 3902 solum
1033 3841 1403 3902 orationibus
1451 3843 1862 3922 epistulisque,
1910 3861 2058 3922 quas
2105 3851 2351 3923 propter
2396 3845 2645 3904 nimiam
2692 3843 2949 3924 longitu-

638 3936 838 3999 dinem
905 3938 1270 4019 Capitolinus
1334 3941 1604 4023 inserere
1670 3941 1862 4002 noluit
1922 3942 2038 4019 (fr.
2079 3942 2181 4002 17.
2222 3941 2325 4001 18.
2384 3942 2461 4019 cf.
2505 3941 2607 4003 13.
2649 3943 2785 4022 16),
2850 3943 2949 4005 uel

635 4036 1013 4098 sermonibus
1066 4037 1182 4114 (fr.
1230 4039 1320 4116 2),
1378 4036 1483 4099 sed
1550 4039 1727 4099 etiam
1793 4039 2073 4100 uersibus
2138 4041 2201 4100 in
2267 4037 2575 4100 Commodi
2648 4049 2946 4103 tumorem

634 4143 733 4150 -—--

634 4182 762 4251 ipsa
799 4199 962 4236 nemo
1008 4184 1204 4237 auctor
1249 4183 1460 4237 citatur
1515 4184 1572 4237 et
1618 4183 1927 4238 seeundum
1974 4182 2357 4238 Herodianum
2424 4184 2485 4238 in
2540 4186 2944 4242 retractatione

634 4261 956 4318 adhibitum
977 4262 1102 4334 (Die
1123 4261 1434 4333 Scriptores
1459 4263 1590 4316 hist.
1610 4264 1757 4336 Aug.
1778 4282 1832 4334 p.
1852 4269 1919 4318 ’16
1941 4281 2023 4333 sq.
2048 4265 2169 4332 148)
2200 4262 2455 4334 Opellius
2485 4281 2709 4335 semper
2726 4263 2943 4321 Graeca

631 4343 876 4397 nominis
913 4341 1096 4398 forma
1135 4343 1472 4413 appellatur.
1516 4343 1582 4400 V.
1604 4343 1758 4399 infra,
1792 4363 1848 4414 p.
1882 4363 2118 4398 cunm
2136 4361 2218 4413 sq.

1011 4143 1116 4152 *-
