3234 5034
621 291 746 356 142
1315 295 1651 348 ΑΣῙΝιοΤ
1680 293 2194 348 KOTAAPATOY

614 457 842 520 taribus
877 458 1099 538 uerbiS,
1129 478 1278 539 quae
1315 462 1556 540 propria
1597 468 1659 520 et
1694 462 1821 539 ipsa
1860 458 2207 540 adponenda
2247 459 2506 522 decreui.
2555 459 2914 522 Aurelianus

616 556 789 618 dixit:
838 555 936 618 ‘Et
981 576 1116 636 ego,
1164 558 1400 619 domine
1438 558 1777 637 Valeriane,
1822 560 2146 638 imperator
2191 559 2471 638 Auguste,
2516 557 2651 620 ideo
2698 569 2919 619 cuncta

615 656 751 735 l'eci,
805 654 939 717 ideo
993 655 1244 718 uulnera
1297 657 1596 736 patienter
1648 658 1875 736 excepi,
1930 655 2064 718 ideo
2122 665 2183 718 et
2226 675 2413 737 equos
2470 665 2531 717 et
2574 659 2921 717 coniuratos

615 771 780 814 meos
839 753 1058 814 lassaui
1114 762 1180 815 ut
1234 754 1380 814 mihi
1435 755 1655 834 gratias
1711 763 1914 834 ageret
1970 771 2067 815 res
2124 773 2179 835 p.
2228 762 2289 816 et
2342 756 2704 816 conscientia
2768 772 2920 815 mea.

615 860 678 913 at
719 861 786 913 tu
831 852 966 932 plus
1013 853 1227 914 fecisti.
1283 871 1392 932 ago
1448 871 1592 932 ergo
1638 855 1861 932 gratias
1907 851 2157 914 bonitati
2203 861 2340 914 tuae
2388 861 2447 913 et
2498 854 2725 932 accipio
2774 871 2919 913 con·
2982 879 3007 918 ε.

616 950 899 1030 sulatum,
955 969 1128 1031 quem
1187 951 1308 1012 das.
1391 951 1540 1013 deus
1595 951 1772 1012 saciat
1827 958 1887 1012 et
1942 950 2089 1013 deus
2146 959 2375 1030 certus,
2434 958 2502 1012 ut
2556 959 2617 1012 et
2672 959 2923 1012 senatus

616 1048 690 1110 de
737 1067 833 1110 me
879 1051 968 1110 sic
1013 1047 1277 1110 iudicet?
1348 1049 1663 1129 agentibus
1708 1051 1892 1130 igitur
1936 1051 2156 1128 gratias
2202 1048 2479 1110 omnibus
2527 1051 2922 1110 circumstan-

615 1146 776 1208 tibus
812 1145 1016 1227 leius
1053 1146 1318 1209 Crinitus
1353 1149 1615 1210 surrexit
1663 1155 1837 1228 atque
1884 1146 1998 1208 hac
2042 1150 2313 1209 oratione
2358 1166 2507 1209 usus
2554 1155 2675 1209 est:
2722 1143 2925 1228 ‘Apud

614 1247 871 1307 maiores
925 1254 1178 1324 nostros,
1224 1244 1531 1307 Valeriane
1577 1246 1866 1325 Auguste,
1924 1244 2081 1325 quod
2138 1253 2199 1306 et
2252 1244 2507 1308 familiae
2553 1263 2723 1306 meae
2770 1248 2922 1306 ami-

615 1361 752 1406 cum
808 1361 876 1405 ac
929 1345 1237 1424 proprium
1295 1344 1422 1422 fuit,
1479 1343 1550 1404 ab
1608 1345 1849 1424 optimis
1905 1342 2243 1424 quibusque
2299 1346 2361 1405 in
2410 1343 2669 1405 filiorum
2715 1343 2923 1405 locum
2957 1373 3013 1411 ιο

614 1441 928 1503 fortissimi
971 1443 1092 1526 uiri
1137 1460 1376 1523 semper
1421 1441 1594 1503 electi
1644 1450 1797 1521 sunt,
1845 1451 1911 1503 ut
1958 1442 2053 1503 uel
2093 1450 2475 1503 senescentes
2522 1441 2781 1503 familias
2815 1442 2923 1502 uel

617 1541 773 1602 fetus
827 1541 1222 1602 matrimoniis
1277 1541 1394 1602 iam
1451 1539 1705 1601 caducos
1763 1539 2119 1601 substitutae
2180 1539 2514 1601 fecunditas
2568 1539 2756 1620 prolis
2820 1558 2925 1600 or-

617 1646 802 1699 naret.
877 1639 988 1700 hoc
1041 1639 1251 1718 igitur,
1307 1637 1464 1719 quod
1520 1637 1805 1700 Cocceius
1862 1637 2061 1700 Nerua
2124 1639 2187 1698 in
2248 1637 2501 1700 Traiano
2564 1637 2925 1718 adoptando,

617 1735 776 1817 quod
820 1737 1024 1817 leius
1070 1736 1362 1799 Traianus
1415 1739 1478 1797 in
1524 1737 1847 1816 Hadriano,
1904 1736 2063 1817 quod
2119 1735 2455 1797 Hadrianus
2511 1738 2571 1796 in
2620 1736 2925 1798 Antonino

619 1842 677 1896 et
731 1837 916 1896 ceteri
973 1835 1255 1915 deinceps
1310 1837 1613 1916 proposita
1670 1837 2047 1914 suggestione
2104 1835 2402 1913 fecerunt,
2459 1836 2519 1894 in
2577 1833 2925 1914 adrogando
2958 1865 3013 1903 15

616 1933 949 2013 Aureliano,
996 1953 1174 2013 quem
1221 1935 1368 1995 mibi
1413 1935 1706 1995 uicarium
1754 1933 1963 1994 iudicii
2000 1935 2090 1994 tui
2126 1935 2475 1994 auctoritate
2513 1931 2731 2012 fecisti,
2778 1951 2923 1993 cen-

619 2033 714 2092 sui
759 2049 890 2093 esse
937 2031 1334 2093 referendum.
1409 2031 1546 2093 iube
1593 2033 1793 2111 igitur,
1839 2039 1909 2091 ut
1953 2031 2083 2110 lege
2132 2041 2353 2110 agatur,
2406 2033 2603 2110 sitque
2649 2029 2925 2090 Aurelia-

617 2148 729 2190 nus
792 2129 968 2190 beres
1031 2148 1335 2192 sacrorum
1402 2132 1660 2191 nominis
1726 2138 1786 2191 et
1838 2129 2129 2191 bonorum
2184 2131 2486 2208 totiusque
2540 2130 2694 2190 iuris
2751 2127 2925 2208 leio

619 2225 845 2289 Crinito
901 2230 1017 2289 iam
1083 2228 1379 2290 consulari
1441 2231 1574 2290 uiro
1639 2230 1769 2308 ipse
1826 2235 2089 2290 actutum
2152 2235 2212 2289 te
2276 2225 2473 2289 iudice
2540 2224 2922 2287 consularis?

619 2325 857 2404 longum
895 2333 988 2387 est
1025 2334 1238 2388 cuncta
1272 2334 1604 2406 pertexere.
1652 2344 1791 2387 nam
1829 2333 1889 2387 et
1924 2331 2088 2388 actae
2126 2332 2267 2386 sunt
2293 2325 2523 2386 Crinito
2550 2343 2583 2384 a
2608 2323 2923 2385 Valeriano
2956 2355 3015 2394 ω

619 2425 840 2502 gratiae
887 2431 948 2485 et
993 2423 1247 2505 adoptio,
1291 2433 1362 2486 ut
1405 2423 1649 2504 solebat,
1696 2423 1953 2504 impleta.

1137 2837 1615 2909 ΑΣΙΝΙΟῩ
1658 2841 1739 2906 K
1746 2838 1809 2909 0
1824 2839 2161 2908 ΥΑΔΡΑ
2181 2833 2317 2908 TO
2333 2840 2397 2907 Y

1519 2981 2025 3038 ΧΙΛΙΕΤΗΡΙΣ

805 3125 870 3195 1.
918 3145 1012 3192 Ex
1050 3143 1262 3192 muno
1301 3143 1354 3191 11
1391 3130 1591 3207 Steph.
1623 3130 1776 3206 Byz.
1803 3148 1851 3191 s.
1882 3147 1937 3192 u.
1952 3147 2021 3206 p.
2052 3127 2141 3189 97
2168 3129 2355 3190 Mein.
2382 3120 2693 3206 Ἀνθιον,
2730 3127 2925 3200 πόλις

610 3225 910 3304 Ἰταλίας.
982 3225 1417 3310 Κουάδρατος
1464 3224 1537 3289 ἐν
1588 3221 1869 3310 δευτέρᾳ
1920 3219 2275 3308 Ῥωμαῖκῆς
2328 3222 2643 3307 χιλιάδος.
2718 3221 2755 3288 ὁ
2802 3245 2921 3286 πο-

623 3330 806 3410 λίτης
842 3321 1217 3405 Ἀνθιανός,
1255 3323 1344 3400 ὡς
1391 3321 1606 3398 αὐτός.

804 3421 872 3490 2.
918 3439 1014 3487 Ex
1051 3437 1261 3487 Lumo
1298 3439 1344 3484 v
1393 3425 1592 3501 Steph.
1633 3424 1786 3500 Byz.
1826 3441 1922 3500 ap.
1968 3424 2271 3485 Constant.
2312 3423 2535 3500 Porph.
2574 3425 2652 3484 de
2688 3425 2920 3484 admira.
2952 3442 3007 3481 ss

623 3531 762 3604 imp.
801 3544 851 3586 c.
892 3525 981 3586 23
1009 3543 1079 3602 p.
1121 3523 1249 3584 109
1287 3526 1377 3585 ed.
1417 3523 1608 3584 Bonn.
1633 3540 1701 3599 p.
1737 3521 1871 3584 325
1934 3517 2130 3600 Παρὰ
2186 3517 2596 3605 Κουαδράτῳ
2649 3515 2725 3582 ἐν
2782 3519 2920 3582 Ρω-

622 3629 862 3706 natam
914 3619 1210 3704 χιλιάδος
1263 3615 1314 3682 ε’
1361 3615 1543 3682 ἐστὶν
1581 3613 1942 3700 Ἰβήροισιν
1998 3615 2233 3692 οὕτως·
2310 3615 2477 3679 ‘Kal
2513 3639 2621 3680 τοι
2670 3617 2929 3697 Λίγυσί

623 3715 694 3784 θ’
749 3718 881 3803 ἅμα
927 3715 1038 3782 καὶ
1075 3714 1390 3801 Ἰβήροισι
1437 3713 1907 3800 πολεμέοντες.’

683 3853 743 3860 .-

807 3929 863 3984 1.
905 3927 988 3996 Cf.
1015 3945 1058 3983 a.
1087 3945 1142 3982 u.
1164 3923 1396 3982 Ἄνθεια
1427 3944 1486 3997 p.
1515 3931 1592 3982 96
1641 3925 1753 3980 ἔστι
1796 3927 1896 3981 καὶ
1936 3923 2173 3989 Ἰταλίας
2200 3923 2409 3996 Ῥώμης
2452 3923 2709 3995 πλησίον,
2754 3924 2791 3996 ἦ
2836 3945 2921 3987 τις

628 3999 723 4054 καὶ
745 3995 966 4055 ’Ἄντιον
999 3997 1423 4070 μετωνομάσθη,
1462 3998 1536 4060 ὡς
1573 3996 1867 4066 εἰρήσεται.

807 4205 863 4264 3.
911 4204 1246 4264 cantherios
1291 4203 1450 4279 παῖς.
1633 4202 1691 4261 5.
1738 4220 1848 4279 ego
1886 4201 1945 4260 Ρ
2122 4204 2177 4261 7.
2224 4203 2452 4281 gratias
2496 4219 2609 4262 om.
2638 4195 2725 4260 Ρι

632 4298 664 4352 1
678 4295 733 4351 7.
778 4286 1168 4370 repetendum
1203 4293 1537 4366 Petscheru'o
