3234 5034
1141 286 1548 343 CORNELIVS
1584 287 1821 344 NEPOS
2536 308 2630 354 LV

327 457 547 520 debere
593 456 835 519 uidetur
880 457 1367 532 (Reifferscheid
1417 457 1659 528 Quaest.
1700 457 1864 518 Suet.
1890 475 1958 534 p.
1988 457 2167 530 424).
2241 457 2450 516 notitia
2498 457 2629 516 eius

325 555 462 616 libri
523 555 756 618 duobus
810 555 1177 633 fragmentiS,
1233 555 1344 616 hoc
1391 554 1657 616 Gelliano
1712 562 1771 615 et
1816 553 2003 615 altero
2049 554 2393 633 Hieronymi
2440 555 2626 615 conti-

324 662 519 714 netur.
596 653 878 715 Eiusdem
925 653 1230 715 Ciceronis
1277 655 1599 715 memoriae
1647 661 1706 714 et
1753 652 1929 714 editis
1976 655 2105 714 eius
2154 651 2426 732 epistulis
2473 653 2627 713 suis-

323 770 440 831 que
497 751 724 831 aliquot
777 751 851 812 ad
907 769 1044 813 eum
1099 751 1348 813 adiectis
1414 750 1715 813 consuluit
1777 757 1837 812 et
1903 750 2219 830 descriptis
2280 768 2387 812 sua
2446 767 2625 810 manu

323 849 496 910 libris
541 849 896 930 quibusdam
943 851 1090 930 eius,
1139 851 1242 930 qui
1286 848 1422 910 ideo
1469 849 1785 910 Frontonis
1831 856 2023 912 aetate
2069 845 2478 928 ‘pretiosiores
2524 848 2626 908 ha-

323 943 654 1009 bebantur'
700 950 797 1026 (p.
835 949 925 1008 20
962 951 1163 1023 Nab).

501 1045 710 1108 Restat
745 1055 812 1107 ut
847 1049 1170 1107 uirorum
1209 1045 1610 1106 illustrium
1648 1063 1867 1124 genera
1902 1063 2013 1124 per
2048 1043 2233 1106 libros
2272 1045 2625 1124 digeramus,

323 1147 430 1224 qui
493 1144 737 1223 quidem
802 1144 1064 1206 sedecim
1127 1146 1440 1205 minimum
1507 1145 1747 1204 fuerunt
1812 1145 1850 1218 (
1844 1144 1929 1221 fr.
1968 1144 2058 1217 3).
2152 1144 2329 1205 tertio
2396 1142 2625 1204 decimo

319 1242 642 1304 historicos
697 1241 940 1304 Latinos
996 1250 1277 1304 tractatos
1333 1261 1466 1303 esse
1514 1241 1739 1304 Gellius
1793 1249 2048 1302 testatur
2094 1242 2210 1319 (fr.
2242 1242 2374 1319 14),
2430 1259 2626 1321 neque

319 1349 522 1402 tamen
587 1340 700 1402 hoc
755 1359 890 1402 cum
943 1340 1180 1420 uulgari
1233 1342 1512 1420 opinione
1571 1341 1859 1419 concinit,
1925 1357 2041 1419 qua
2096 1338 2309 1400 Graeci
2364 1341 2625 1419 priorem

319 1438 520 1499 locum
575 1438 908 1500 obtinuisse
961 1447 1269 1518 putantur,
1325 1441 1444 1499 nisi
1509 1456 1795 1500 numerus
1860 1446 2178 1517 corruptus
2233 1446 2327 1498 est
2380 1447 2506 1516 aut,
2561 1437 2625 1497 id

319 1536 480 1616 quod
535 1537 686 1597 mihi
740 1535 1106 1617 probabilius
1162 1545 1278 1616 est,
1333 1535 1532 1616 Nepos
1576 1536 1858 1597 Varronis
1912 1538 2237 1615 imaginum
2288 1535 2624 1615 exemplum

319 1641 566 1696 secutus
613 1637 806 1714 primo
851 1637 962 1696 toti
1007 1636 1176 1714 operi
1221 1635 1520 1714 praefatus
1576 1643 1684 1695 est.
1698 1628 1749 1718 ¹)
1836 1632 2049 1694 deinde
2096 1634 2208 1695 hoc
2258 1651 2379 1695 non
2424 1636 2625 1696 minus

319 1741 555 1794 constat
609 1751 781 1812 reges
836 1741 972 1794 ante
1029 1733 1212 1794 duces
1265 1735 1492 1813 positos
1547 1734 1749 1794 fuisse.
1823 1731 1955 1793 illos
2012 1734 2172 1792 enim
2218 1731 2513 1810 significat
2559 1734 2623 1792 in

317 1831 528 1892 Dionis
573 1833 700 1892 uita
737 1832 826 1908 (9,
856 1833 928 1906 5)
966 1851 1186 1912 eosque
1225 1832 1494 1893 breuiter
1528 1841 1805 1893 recenset
1842 1825 1985 1914 (uel,
2022 1839 2091 1891 ut
2126 1830 2423 1892 rhetorice
2462 1829 2623 1909 dicit,

317 1931 614 2008 attingere
669 1947 788 1990 non
841 1925 1023 2014 uult),
1069 1930 1228 2009 quod
1273 1931 1538 1994 omnium
1595 1949 1694 1992 res
1745 1937 1945 2007 gestae
1992 1930 2311 2008 separatim
2360 1930 2481 1989 sint
2527 1947 2622 1990 re·

315 2026 470 2088 latae
500 2029 636 2103 (21,
669 2028 725 2103 1,
748 2028 836 2103 1).
898 2035 1164 2107 tempora
1199 2029 1387 2106 igitur
1422 2026 1885 2107 primordiorum
1924 2026 2293 2106 singulorum
2334 2045 2621 2105 generum

315 2145 452 2187 esse
505 2134 751 2186 secutus
803 2124 1060 2187 uidetur.
1133 2127 1298 2205 atqui
1353 2125 1500 2186 haec
1546 2133 1687 2186 sunt
1732 2124 1888 2205 apud
1936 2125 2287 2187 Suetonium
2332 2124 2619 2204 Hierony-

313 2242 604 2303 mumque
649 2231 977 2302 poetarum,
1024 2231 1343 2302 oratorum,
1389 2223 1831 2302 historicorum,
1877 2222 2381 2302 philosophorum,
2427 2241 2621 2301 gram·

313 2323 672 2383 maticorum
720 2321 1162 2401 rhetorumque,
1209 2320 1606 2400 similiterque
1642 2320 1942 2382 quenalis
1980 2322 2135 2393 (uid.
2167 2322 2623 2396 Reifferscheid

313 2423 351 2482 1.
388 2439 434 2481 ε.
462 2439 532 2498 p.
574 2420 736 2494 422)
783 2421 846 2481 in
910 2421 1162 2498 septima
1217 2422 1398 2480 satira
1461 2421 1584 2497 agit
1640 2417 1712 2479 de
1767 2421 1961 2498 poetis
2020 2425 2081 2480 et
2133 2418 2437 2478 historicis
2485 2412 2620 2500 (qui

315 2515 496 2579 ‘lecto
543 2518 804 2598 gaudent
839 2525 900 2579 et
935 2512 1181 2579 umbra'
1217 2512 1398 2602 105),
1435 2516 1789 2592 oratoribus,
1828 2517 2161 2595 rhetoriciS,
2199 2518 2617 2594 grammaticis,

314 2616 476 2676 hunc
513 2617 699 2694 igitur
734 2615 1006 2677 ordinem
1044 2617 1474 2677 constituentes
1510 2622 1821 2694 poetarum
1851 2607 1981 2697 (lib.
2010 2614 2100 2675 Vl.
2128 2609 2277 2699 Vll),
2316 2622 2617 2675 oratorum

313 2709 491 2797 (vm.
528 2707 658 2798 IX),
705 2713 1191 2793 philosophorum
1230 2707 1329 2797 (X.
1369 2707 1496 2797 XI),
1543 2714 1964 2774 historicorum
2003 2705 2156 2795 (XII.
2196 2707 2377 2797 XIII),
2424 2731 2617 2792 gram·

311 2814 669 2874 maticorum
707 2805 881 2894 (xlv.
922 2806 1069 2896 XV),
1116 2812 1422 2872 rhetorum
1461 2805 1636 2894 (XVI.
1666 2805 1849 2895 XVII)
1898 2819 1959 2871 et
2012 2811 2329 2871 historicos
2377 2810 2616 2871 Latinos

313 2912 376 2971 in
422 2910 556 2971 loco
603 2929 779 2991 quem
827 2909 1099 2972 attribuit
1144 2909 1367 2972 Gellius
1415 2911 1773 2971 retinuimus
1820 2918 1881 2969 et
1926 2915 2084 2970 artes
2132 2908 2457 2969 secundum
2498 2911 2616 2969 ori-

314 3010 512 3087 gines,
566 3027 720 3088 quae
775 3007 1016 3088 quidem
1072 3007 1227 3087 apud
1285 3007 1540 3069 Graecos
1595 3008 1835 3086 fuerint,
1892 3008 2391 3068 enumerauimuS.
2474 3025 2613 3068 nam

313 3105 662 3186 Nipperdeii
707 3109 1050 3169 coniectura
1098 3099 1338 3189 (praef.
1373 3125 1440 3184 p.
1479 3124 1747 3183 1111sq.:
1792 3106 1855 3166 V.
1888 3105 1963 3166 VI
2015 3103 2451 3184 iurisconsulti,
2497 3105 2614 3168 Vll.

313 3204 440 3266 VIII
486 3211 774 3284 oratores,
817 3203 914 3266 IX.
943 3203 997 3264 X
1041 3213 1268 3284 poetae,
1315 3203 1410 3264 XI.
1440 3203 1546 3264 XII
1582 3203 1939 3283 philosophi,
1976 3201 2127 3263 XIII.
2162 3201 2289 3263 XIV
2326 3203 2615 3282 historici,

313 3301 428 3365 XV.
469 3301 594 3362 XVI
648 3297 1050 3386 grammatici)
1106 3305 1270 3364 omni
1333 3310 1496 3364 certo
1559 3301 1945 3364 fundamento
1982 3308 2199 3380 ·caret,
2256 3319 2613 3381 quamquam

311 3400 458 3461 illud
513 3409 678 3462 recte
731 3400 886 3462 uidit
939 3399 1254 3480 Nepotem,
1309 3399 1468 3480 quod
1528 3399 1598 3461 de
1654 3399 1903 3461 Philisto
1950 3402 2011 3459 in
2057 3402 2182 3460 uita
2228 3399 2432 3460 Dionis
2479 3396 2539 3478 3,
2569 3397 2611 3460 2

311 3499 372 3558 in
429 3518 500 3559 eo
547 3498 701 3560 libro
745 3498 916 3578 plura
963 3501 1228 3578 exposita
1275 3517 1406 3560 esse
1460 3498 1703 3576 diceret,
1750 3500 1852 3577 qui
1900 3497 1973 3558 de
2021 3497 2320 3559 historicis
2369 3496 2611 3560 Graecis

311 3599 687 3675 conscriptus
733 3604 910 3676 esset,
955 3596 1102 3659 haec
1147 3597 1332 3659 uerba
1379 3597 1594 3658 secisse
1632 3605 1821 3657 totum
1859 3615 2009 3675 opus
2045 3595 2376 3674 perfectum
2414 3597 2612 3658 animo

310 3695 798 3773 praecipientem,
845 3693 1182 3775 similiaque
1230 3695 1497 3774 exempla
1545 3713 1615 3756 ex
1664 3693 1980 3756 Plutarcho
2028 3691 2290 3773 protulit.
2304 3687 2356 3777 ²)

483 3792 752 3854 Primum
799 3791 944 3853 editi
990 3800 1130 3854 sunt
1175 3793 1238 3853 hi
1276 3791 1416 3853 libri
1452 3789 1558 3852 ‘De
1595 3791 1950 3854 inlustribus
1986 3785 2171 3852 uiris'
2198 3825 2283 3834 -—
2312 3791 2411 3852 hic
2450 3793 2609 3853 enim

309 3889 488 3951 index
516 3890 630 3950 fuit
652 3891 902 3952 —uiuo
930 3891 1122 3952 Attico
1151 3892 1326 3952 annis
1344 3885 1464 3972 35]
1474 3886 1807 3969 719—33s
1814 3886 1959 3968 721,
1980 3889 2227 3950 fortasse
2258 3908 2307 3948 a.
2334 3885 2608 3970 3411720,

309 3997 378 4048 ut
419 3986 760 4068 Nipperdey
793 4008 861 4067 p.
891 4010 1006 4050 χιι
1044 3988 1432 4068 probabiliter
1477 4006 1550 4048 ex
1593 3989 1721 4049 uita
1766 3988 1944 4048 Attici
1990 3987 2263 4066 coniecit,
2300 3995 2424 4048 tum
2462 4007 2608 4049 uero

485 4217 540 4285 1)
579 4213 674 4268 Sic
709 4213 882 4270 etiam
918 4213 1199 4268 Wissowa.
1235 4215 1463 4285 Encycl.
1493 4215 1532 4268 1
1539 4215 1586 4268 V
1622 4231 1667 4270 c.
1696 4217 1857 4268 1412.

481 4299 538 4358 2)
577 4295 810 4350 Frustra
846 4293 1174 4364 obloquitur
1210 4293 1403 4364 Vnger
1438 4294 1474 4348 1.
1506 4313 1548 4349 s.
1578 4313 1633 4364 p.
1669 4299 1769 4348 140
1791 4311 1911 4363 sqq.
