3234 5034
1169 295 1448 350 MARIVS
1485 293 1829 350 MAXIMVS
2335 297 2655 345 CLXXXIII

336 463 654 540 inguinum
699 465 944 543 scriptis
993 463 1116 540 (fr.
1157 464 1290 541 14),
1338 461 1703 524 iocularibus
1751 461 1994 524 Graecis
2046 461 2353 524 Latinisue
2410 465 2471 524 in
2518 465 2650 524 uin·

335 559 672 622 demiarum
733 561 952 623 festino
1016 563 1079 621 in
1138 560 1408 622 dominos
1465 563 1812 640 compositis
1860 562 1977 639 (fr.
2014 562 2131 636 26)
2190 561 2441 642 aliisque
2502 564 2651 622 iocis

333 660 443 737 (fr.
472 660 568 738 4),
617 658 1118 740 disputationibus
1169 659 1240 721 de
1288 658 1440 720 cibis
1479 661 1777 739 apparatis
1808 660 1917 738 (fr.
1948 659 2039 739 8),
2080 659 2337 741 denique
2382 679 2651 722 sermun-

331 756 487 818 culis
545 756 925 837 fabellisque,
985 757 1204 838 quibus
1261 759 1578 819 curiositas
1633 759 1942 820 hominum
1999 761 2117 818 iam
2162 758 2340 819 Plinii
2398 761 2651 819 minoris

331 862 526 916 aetate
581 856 802 917 infecta
859 863 990 918 erat
1035 858 1154 933 (ep.
1207 857 1262 916 V
1289 857 1349 932 8,
1379 857 1470 930 4).
1543 859 1970 936 peripateticae
2034 858 2219 936 igitur
2280 860 2437 918 uitas
2502 857 2650 917 scri·

331 951 515 1014 bendi
563 955 782 1014 rationi
829 953 1050 1014 Marius
1097 952 1387 1015 Maximus
1435 971 1502 1015 se
1549 952 1849 1015 addixisse
1893 954 2151 1016 uidetur.
2226 954 2367 1014 hinc
2414 955 2503 1015 ira
2550 973 2649 1015 ex·

331 1049 608 1130 plicatur,
655 1071 770 1132 qua
819 1054 884 1112 in
931 1060 1240 1113 senatores
1278 1050 1576 1113 Romanos
1615 1054 1962 1114 Ammianus
1999 1051 2378 1114 Marcellinus
2416 1053 2649 1114 inuehi-

331 1156 437 1209 tur
491 1151 860 1229 coniungens
917 1169 1054 1211 eum
1113 1169 1249 1211 cum
1298 1149 1579 1212 luuenale
1630 1151 1766 1227 (28,
1804 1152 1865 1228 4,
1895 1153 1998 1227 14,
2043 1168 2163 1213 scr.
2212 1155 2376 1212 inter
2421 1169 2477 1212 a.
2517 1151 2650 1212 389

331 1247 616 1322 -391).·
669 1249 932 1320 Quidam
978 1251 1347 1310 detestantes
1393 1258 1462 1309 ut
1507 1267 1749 1310 uenena
1795 1252 2136 1324 doctrinas,
2189 1250 2545 1311 quenalem
2591 1256 2651 1310 et

335 1345 608 1407 Marium
657 1347 1004 1407 Maximum
1051 1351 1371 1408 curatiore
1404 1350 1609 1409 studio
1645 1351 1874 1424 lemme,
1910 1350 2081 1408 nulla
2118 1351 2431 1408 uolumina
2455 1365 2648 1425 prae·

331 1451 429 1504 ter
481 1445 640 1505 haec
695 1449 760 1506 in
804 1444 1128 1522 profundo
1181 1449 1306 1506 otio
1353 1453 1833 1520 centres-tamea,
1880 1462 2062 1521 quam
2109 1447 2183 1506 ob
2231 1463 2483 1506 causam
2528 1461 2649 1506 non

331 1544 617 1604 iudicioli
653 1551 744 1604 est
779 1547 996 1604 nostri.
1064 1542 1222 1622 quod
1260 1542 1418 1603 idem
1459 1541 1723 1604 studium
1762 1545 1879 1604 iam
1918 1542 2030 1603 sub
2058 1542 2390 1604 Alexandro
2424 1542 2649 1604 Seuero

331 1638 560 1700 cultum
591 1658 726 1701 esse
765 1659 836 1701 ex
866 1639 1002 1701 Iulii
1034 1640 1300 1702 Africani
1328 1639 1799 1721 encyclopaedia,
1828 1659 1980 1721 quae
2010 1639 2261 1702 Κεστοί
2282 1640 2650 1719 inscribitur,

333 1735 644 1816 discimus,
691 1737 765 1799 ad
813 1755 951 1799 eum
997 1741 1422 1819 imperatorem
1470 1741 1655 1800 missa
1701 1747 1763 1799 et
1804 1757 1925 1800 non
1969 1741 2171 1800 minus
2216 1738 2391 1818 plena
2442 1757 2649 1800 rerum

333 1834 696 1897 mirabilium
745 1845 806 1898 et
849 1836 1304 1898 inhonestarum
1344 1839 1605 1911 (Gelzer
1642 1838 1757 1898 Iul.
1788 1838 1926 1915 Afr.
1956 1839 1999 1898 Ι
2014 1856 2081 1914 Ρ.
2113 1838 2199 1897 12
2226 1839 2400 1912 sqq).
2448 1839 2648 1917 itaque

333 1932 491 2012 quod
536 1933 824 2013 Vopiscus
873 1936 1090 2009 (Proh.
1129 1936 1191 2015 2,
1232 1936 1300 2010 7)
1350 1952 1414 1996 se
1470 1937 1695 1995 imitari
1752 1935 2069 2014 profitetur
2122 1953 2243 1996 non
2295 1932 2648 2014 ‘Sallustios

333 2029 565 2109 Liuios,
631 2031 894 2112 Tacitos,
959 2033 1187 2112 Trogos
1253 2041 1432 2112 atque
1497 2051 1705 2094 omnes
1781 2031 2207 2094 disertissimos
2279 2027 2478 2093 uiros'
2542 2031 2649 2094 sed

334 2125 612 2192 ‘Marium
659 2129 998 2210 Maximum,
1048 2130 1400 2192 Suetonium
1445 2129 1878 2211 Tranquillum,
1926 2130 2171 2192 Fabium
2221 2129 2647 2210 Marcellinum,

332 2225 662 2306 Gargilium
735 2227 1066 2290 Martialem
1141 2237 1520 2308 ceterosque,
1587 2231 1691 2308 qui
1763 2228 1911 2290 haec
1976 2236 2037 2290 et
2100 2229 2237 2290 talia
2304 2247 2438 2290 non
2510 2235 2648 2290 tam

333 2325 610 2388 diserte
684 2345 887 2406 quam
953 2345 1128 2388 uere
1191 2329 1516 2390 memoriae
1581 2325 2007 2406 tradiderunt’,
2075 2325 2313 2387 diuersa
2379 2325 2647 2406 exempla

333 2425 592 2503 miscuit,
631 2432 806 2504 atque
846 2427 1128 2505 quoniam
1165 2427 1296 2504 ipse
1334 2424 1522 2486 nihilo
1561 2428 1759 2486 minus
1792 2427 2119 2486 oratorium
2155 2431 2432 2486 ornatum
2470 2425 2645 2486 affec-

331 2524 480 2584 tauit
517 2524 667 2597 (Die
713 2524 938 2601 Script.
974 2525 1033 2584 h.
1073 2525 1146 2585 A.
1171 2540 1240 2600 Ρ.
1281 2524 1414 2584 167
1439 2541 1566 2601 sqq.
1613 2525 1737 2586 Leo
1784 2525 1993 2600 Bioyr.
2027 2542 2087 2601 p.
2127 2523 2261 2584 270
2284 2525 2469 2602 sqq),
2524 2541 2645 2583 non

333 2629 426 2682 est
471 2638 582 2682 cur
627 2639 660 2681 a
697 2620 884 2682 Mario
921 2620 1176 2682 Maximo
1225 2623 1596 2684 ieiunitatem
1646 2625 1887 2683 omnino
1936 2629 2199 2701 spretam
2246 2639 2379 2682 esse
2426 2628 2645 2682 statua-

329 2737 484 2796 muS,
531 2736 892 2798 quamquam
938 2718 1214 2781 homines
1263 2717 1616 2800 ‘quamlibet
1662 2719 1819 2781 nuda
1875 2737 2079 2781 rerum
2136 2715 2497 2798 cognitione'
2546 2717 2644 2780 de·

331 2815 540 2878 lectari
590 2834 624 2876 a
668 2816 862 2878 Plinio
909 2819 1142 2878 minore
1191 2816 1310 2879 dici
1357 2821 1444 2893 (u.
1481 2821 1702 2896 supra)
1750 2837 1871 2879 non
1916 2821 2279 2896 ignoramus,

509 2913 686 2975 Certe
742 2912 892 2976 illud
944 2916 1210 2994 nouauit,
1267 2914 1428 2994 quod
1483 2932 1602 2976 non
1662 2917 1990 2994 fragmenta
2040 2914 2532 2976 documentorum
2577 2922 2645 2976 ut

331 3009 656 3073 Suetonius
717 3014 976 3074 inseruit
1041 3010 1149 3074 sed
1211 3021 1366 3074 totas
1423 3016 1723 3074 orationes
1778 3013 2210 3092 epistulasque,
2272 3031 2419 3092 quas
2476 3014 2645 3074 fictas

331 3127 464 3171 esse
529 3109 694 3171 nullo
758 3112 892 3172 iure
957 3113 1362 3173 existimatum
1422 3119 1518 3172 est
1563 3112 1716 3185 (Leo
1763 3114 1800 3172 I.
1837 3130 1884 3172 s.
1919 3130 1988 3188 p.
2026 3111 2176 3171 270.
2225 3111 2303 3188 cf.
2343 3111 2463 3173 Die
2508 3112 2643 3172 Scr.

330 3209 386 3270 h.
415 3210 489 3268 A.
524 3226 593 3286 Ρ.
631 3209 761 3269 221
791 3212 910 3286 sq.)
925 3203 996 3293 ¹),
1041 3209 1223 3288 idque
1269 3211 1370 3288 ita,
1413 3217 1484 3270 ut
1531 3207 1789 3270 Graecos
1842 3207 2129 3289 quosdam
2176 3209 2441 3270 imitatus
2489 3209 2643 3283 (Leo

177 3289 200 3328 ³
319 3325 384 3384 Ρ.
423 3307 587 3381 297)
634 3305 982 3386 appendicis
1044 3306 1172 3368 loeo
1241 3325 1340 3368 eas
1406 3309 1735 3368 narrationi
1788 3309 1948 3368 uitae
2010 3314 2333 3386 apponeret
2381 3308 2418 3380 (
2412 3308 2499 3385 fr.
2539 3306 2641 3368 18.

331 3408 456 3467 uid.
495 3405 619 3466 Die
655 3405 790 3466 Ser.
825 3406 884 3465 h.
915 3406 987 3466 A.
1012 3424 1082 3483 p.
1122 3405 1253 3466 108
1280 3408 1460 3484 sqq.),
1506 3407 1610 3484 qui
1656 3423 1786 3466 mos
1832 3413 2037 3484 postea
2085 3406 2265 3466 etiam
2312 3423 2345 3464 a
2392 3407 2641 3483 scripto-

332 3501 496 3564 ribus
543 3503 828 3564 historiae
873 3502 1174 3581 Augustae
1221 3510 1502 3582 receptus
1550 3510 1659 3563 est.

509 3599 629 3661 Sed
682 3600 772 3680 hi,
833 3607 898 3660 ut
961 3603 1138 3662 etiam
1203 3599 1274 3662 de
1333 3600 1465 3662 aliis
1522 3599 1704 3662 rebus
1750 3599 2003 3662 Marium
2064 3599 2385 3660 Maximum
2454 3598 2640 3661 admi·

331 3700 442 3759 rati
509 3706 678 3776 sunt,
733 3700 817 3758 ita
881 3700 1060 3759 etiam
1127 3697 1198 3759 de
1275 3697 1422 3758 side
1481 3690 1799 3781 (Vopiscus
1808 3744 1826 3778 ,
1895 3701 2075 3760 Proh.
2123 3699 2182 3774 2,
2224 3698 2279 3758 7.
2326 3716 2385 3758 u.
2431 3715 2640 3776 supra,

329 3795 716 3876 CapitolinuS,
766 3797 930 3859 Clod.
969 3799 1104 3858 Alb.
1142 3797 1246 3873 12,
1285 3797 1373 3857 14
1404 3825 1470 3844 =
1494 3796 1580 3874 [ν.
1619 3789 1735 3878 25)
1782 3795 2238 3875 habueruntque
2294 3794 2453 3876 quod
2510 3813 2640 3856 eam

327 3894 520 3974 pluris
575 3895 961 3955 aestimarent
1015 3912 1191 3974 quam
1249 3913 1442 3973 suam,
1501 3913 1757 3974 quorum
1818 3892 2061 3973 quidem
2115 3893 2215 3954 uel
2274 3895 2641 3954 ornamentis

327 3992 425 4054 uel
464 3991 776 4054 fraudibus
813 3991 916 4053 ille
955 3991 1108 4053 liber
1154 3992 1362 4054 fuerat.
1429 3991 1588 4053 idem
1638 4001 1697 4054 et
1743 3999 2016 4054 auctores
2066 3993 2384 4071 requisiuit
2430 3999 2490 4052 et
2540 3990 2640 4052 ad-

507 4219 559 4287 1)
595 4216 1018 4289 Distinguenda.
1068 4219 1200 4272 nunt
1245 4217 1386 4272 haec
1433 4218 1776 4271 documenta
1822 4217 1897 4271 ab
1942 4217 2025 4272 eis
2072 4215 2451 4285 orationibus,
2498 4233 2639 4284 quas

326 4298 572 4352 oratorie
605 4297 767 4352 fictas
811 4311 935 4352 esse
970 4314 1072 4369 per
1109 4312 1168 4352 se
1206 4299 1448 4368 apparet
1485 4297 1572 4368 (fr.
1605 4303 1688 4352 13.
1722 4299 1824 4366 17).
