3234 5034
593 252 756 301 CLVI
1077 250 1176 305 DE:
1215 249 1681 307 SCRIPTORVM
1717 250 1907 307 VI'I'IS
1944 250 2038 306 ΕΤ
2076 250 2391 307 SCRIPTIS

590 421 792 499 pinam
838 420 1241 481 conferentem
1287 420 1446 500 facit,
1491 428 1617 482 tum
1666 418 1829 481 addit
1872 439 2025 501 quae
2073 420 2367 501 Cluuium,
2412 420 2620 481 eadem
2658 428 2893 482 eeteros

591 536 826 598 quoque
873 525 1146 580 auctores
1191 518 1542 599 prodidisse,
1591 518 1893 581 simillime
1932 519 2101 581 alteri
2140 518 2268 579 loco
2316 519 2424 596 (fr.
2465 520 2555 597 5),
2602 538 2721 599 quo
2760 521 2891 600 qui·

593 616 728 677 dem
757 615 868 677 suh
894 618 1134 678 initium
1165 619 1332 697 regni
1352 616 1675 679 Neroniani
1704 620 1895 698 prima
1926 618 2322 698 discrepantia
2340 617 2533 679 oblata
2554 619 2766 692 (XIII
2774 619 2889 693 20)

591 732 656 775 se
705 712 1095 778 ‘consensum
1152 716 1366 777 horum
1422 722 1731 778 auctorum
1788 725 2133 778 secuturum
2190 735 2341 796 quae
2397 716 2633 778 diuersa
2690 716 2891 797 prodi—

593 813 836 893 dissent,
869 814 998 876 sub
1044 814 1386 877 nominibus
1431 816 1698 896 ipsorum
1756 815 2113 877 traditurum
2162 811 2319 876 esse’
2366 814 2707 897 profitetur3
2755 834 2889 877 nam

593 914 721 974 siue
776 931 914 973 cum
971 912 1328 993 Nipperdeio
1386 915 1541 988 (uid.
1576 914 1789 993 praef.
1833 933 1899 992 p.
1938 914 2056 989 28)
2114 910 2397 976 ‘horum’
2452 914 2891 993 interponimus

591 1012 720 1072 siue
769 1030 904 1073 cum
952 1010 1105 1072 libro
1150 1015 1554 1093 manuscripto
1601 1014 1947 1093 omittimuS,
1996 1031 2130 1073 cum
2176 1011 2417 1073 Tacitus
2462 1020 2705 1092 praeter
2750 1011 2891 1073 Cor·

590 1108 868 1170 bulonem
915 1118 1162 1190 propter
1205 1129 1303 1172 res
1348 1112 1412 1171 in
1457 1112 1689 1173 orIente
1736 1119 1933 1191 gestas
1982 1112 2068 1185 (u.
2094 1129 2162 1189 p.
2204 1114 2430 1185 cxxxv)
2478 1117 2539 1171 et
2586 1129 2889 1172 commen-

591 1209 773 1268 tarios
821 1216 1062 1270 senatus
1109 1210 1209 1283 (X
1218 1211 1272 1269 V
1300 1211 1341 1270 7
1343 1210 1413 1285 4)
1471 1210 1713 1271 omnino
1770 1209 1915 1271 alios
1962 1218 2233 1271 auctores
2280 1216 2485 1289 postea
2532 1228 2651 1269 non
2700 1211 2891 1271 nomi·

589 1308 840 1386 imnerit⁷
888 1326 986 1369 res
1033 1306 1238 1369 eadem
1276 1315 1383 1388 est,
1412 1310 1529 1370 nisi
1557 1307 1734 1389 quod,
1766 1310 1818 1369 si
1854 1308 2183 1370 Mediceum
2222 1309 2547 1387 sequimur,
2586 1314 2655 1368 ut
2692 1306 2818 1368 XIV
2848 1305 2891 1367 2

591 1407 847 1466 oratorie
905 1414 996 1467 est
1049 1400 1366 1492 locutus.¹)
1457 1406 1584 1467 Hoc
1638 1408 1822 1486 igitur
1867 1407 2021 1487 loco,
2092 1405 2309 1486 quibus
2376 1404 2719 1467 auctoribus
2775 1424 2893 1486 qua

773 1614 826 1681 1)
863 1613 1053 1684 Longe
1099 1614 1266 1669 aliter
1317 1612 1715 1671 Imendoerffer
1766 1614 2051 1685 (Beitrc'iye
2102 1630 2205 1669 zm·
2263 1614 2671 1685 Quellenkunde
2716 1614 2813 1670 der
2856 1620 2897 1669 6

591 1693 784 1747 letsten
831 1694 1049 1749 Becher
1093 1696 1190 1751 der
1233 1696 1498 1752 Annalen
1543 1696 1637 1750 des
1686 1696 1925 1751 Tacitus.
2000 1695 2191 1764 Progr.
2220 1693 2391 1765 primi
2430 1712 2619 1765 gymn.
2650 1694 2895 1749 Bruenn.

593 1776 755 1843 1891)
793 1772 1052 1829 Tacitum
1088 1772 1342 1831 iudicare
1377 1776 1484 1830 hoc
1521 1775 1648 1831 loco
1683 1774 1813 1829 uult
1848 1792 1907 1829 se
1936 1774 2102 1846 parui
2131 1775 2233 1831 hos
2262 1775 2561 1845 scriptores
2592 1775 2893 1830 aestimare

591 1870 772 1923 neque
809 1854 1094 1924 primariis
1130 1854 1383 1910 fontibus
1421 1873 1581 1909 usum
1619 1871 1743 1909 esse
1780 1858 1854 1925 (p.
1885 1861 1935 1909 2.
1966 1857 2037 1925 4).

768 1934 834 1987 In
871 1934 1034 1989 libris
1071 1934 1362 1991 annalium
1399 1936 1677 1990 XI—XVI
1713 1936 1803 1990 his
1840 1935 1980 1991 locis
2020 1934 2251 1990 Tacitus
2289 1938 2544 1991 auctores
2580 1935 2674 1989 uel
2712 1935 2894 1991 fama-s

591 2013 966 2085 significauit:

690 2096 766 2149 XI
837 2101 872 2149 4
915 2097 1154 2168 Quidam
1183 2100 1540 2168 pampineam
1567 2114 1826 2153 coronam
1862 2097 2171 2153 albentibus
2204 2098 2359 2167 foliis
2394 2098 2577 2151 uisam
2612 2102 2774 2168 atque
2810 2099 2897 2153 ita

910 2179 1326 2247 interpretatum
1391 2178 1667 2233 tradidere
1728 2183 1981 2249 ueryente
2034 2184 2303 2233 autumno
2346 2184 2570 2233 mortem
2614 2178 2897 2247 principis

859 2286 868 2295 ·
909 2259 1134 2315 ostendi.
1173 2260 1246 2327 (u.
1277 2257 1428 2313 infra
1453 2276 1506 2329 p.
1539 2260 1743 2327 cmm.)

807 2344 871 2391 21
912 2340 1002 2395 De
1037 2340 1248 2411 oriyine
1288 2339 1471 2395 Ourtii
1496 2338 1649 2406 Rufi,
1687 2356 1843 2408 quem
1877 2338 2184 2409 yhdiatore
2218 2339 2464 2410 yenitum
2498 2338 2729 2408 quidam
2758 2356 2893 2407 pro-

911 2420 1112 2487 didere,
1147 2436 1317 2490 neque
1351 2420 1502 2487 falsa
1531 2420 1894 2489 prompserim
1922 2425 1971 2474 et
1997 2436 2134 2473 uera
2160 2420 2381 2489 exsequi
2404 2418 2596 2488 pudet.

807 2504 872 2554 27
911 2500 1020 2555 Sed
1055 2500 1197 2555 nihil
1232 2502 1582 2570 compositum
1615 2500 1880 2555 miraculi
1912 2516 2101 2567 eausa,
2136 2516 2329 2555 uerum
2355 2500 2555 2555 audita
2580 2500 2899 2569 scviptaque

909 2582 1217 2637 senioribus
1247 2582 1488 2636 trudam.

789 2664 874 2730 (31
917 2662 1067 2717 Satis
1103 2669 1315 2717 constat
1349 2678 1410 2717 eo
1437 2678 1653 2731 pauore
1688 2660 1927 2728 offusum
1966 2660 2263 2715 Claudium
2298 2666 2364 2716 ut
2392 2662 2500 2727 —.)

808 2747 875 2795 34
917 2742 1118 2798 Orebra
1151 2749 1274 2811 post
1307 2743 1440 2797 haec
1473 2743 1635 2809 fama
1667 2742 1783 2813 fuit
1818 2741 1912 2809 (de
1951 2739 2174 2795 Claudii
2212 2738 2501 2805 amentia).

665 2820 766 2875 XII
842 2828 871 2875 7
910 2840 1064 2893 quem
1093 2823 1342 2893 plerique
1378 2823 1728 2892 Agrippinae
1762 2822 1949 2893 qratia
1986 2822 2270 2891 inpulsum
2304 2821 2569 2896 ferebant.

693 2930 698 2933 ·
807 2908 871 2956 21
915 2904 1271 2959 Mithridates
1299 2934 1365 2943 --
1395 2902 1714 2957 disseruisse
1750 2902 1929 2972 apud
1944 2902 2231 2957 Caesarem
2264 2890 2556 2968 ferebatur.

735 2986 885 3054 (as-4
915 2984 1124 3055 Reyum
1165 2984 1586 3054 (Romanorum)
1622 2985 1686 3037 in
1731 3000 1792 3037 eo
1828 2981 2135 3053 (pomoerio
2174 2981 2465 3091 condendo
2504 2984 2569 3035 st
2610 2983 2898 3053 augendo)

912 3066 1138 3119 antbztio
1173 3064 1264 3119 uel
1295 3064 1476 3135 yloria
1509 3065 1671 3119 uarie
1706 3065 1976 3135 uulyata.)

808 3150 875 3199 52
913 3152 1081 3211 morte
1114 3147 1350 3212 fortuita
1386 3162 1464 3199 an
1493 3162 1595 3215 per
1632 3162 1904 3208 uenenum
1940 3144 2236 3199 exstinctus
2262 3150 2403 3199 esset
2420 3138 2644 3212 (Furius
2672 3138 2897 3197 Scribo'-

897 3224 1153 3296 nimius),
1188 3233 1252 3280 ut
1279 3228 1506 3296 quisque
1540 3221 2130 3296 eredidit,u'u19auere.

808 3312 876 3360 65
906 3307 1236 3376 prompsisse
1264 3308 1408 3361 inter
1435 3306 1721 3376 proximos
1755 3306 2034 3371 ferebatur
2070 3302 2424 3375 (Narcissus).

809 3392 874 3441 67
916 3394 976 3441 ut
1021 3394 1318 3457 temporum
1365 3386 1586 3441 illorwm
1617 3387 1918 3455 scriptores
1956 3382 2309 3455 prodiderint
2336 3417 2419 3438 -.
2474 3386 2735 3451 faucibus
2777 3384 2903 3440 eius

914 3469 1186 3524 demisisse
1221 3468 1462 3523 creditur
1499 3466 1592 3536 (de
1629 3464 1855 3521 Claudii
1888 3467 2123 3535 morte).

625 3584 632 3589 ·
808 3553 876 3601 69
913 3549 1254 3603 dubitantis&
1289 3548 1554 3641 quosdam
1587 3548 1795 3614 serunt.

643 3627 774 3681 XIII
847 3634 878 3681 3
915 3628 1277 3684 Adnotabant
1322 3630 1576 3695 seniores,
1622 3628 1821 3698 quibus
1866 3629 2097 3685 otiosum
2142 3633 2219 3683 est
2264 3632 2451 3682 uetera
2494 3631 2549 3683 et
2574 3579 2902 3696 praesevztia

916 3710 1246 3765 contendere.

812 3793 874 3842 17
922 3790 1174 3844 Tradunt
1227 3791 1470 3859 plerique
1525 3806 1710 3844 eorwm
1764 3796 2063 3859 temporum
2116 3790 2404 3858 scriptores
2434 3820 2497 3827 —
2528 3788 2755 3843 t'llusum
2792 3788 2903 3843 isse

905 3871 1183 3939 pueritiae
1223 3870 1551 3925 Britannici
1585 3870 1875 3925 Neronem.

643 3948 772 4002 XIV
845 3955 878 4002 2
915 3951 1076 4005 ceteri
1111 3967 1320 4020 quoque
1355 3956 1603 4005 auctores
1630 3950 1939 4020 prodidere.
1980 3966 2031 4003 u.
2062 3967 2116 4020 p.
2150 3968 2267 4003 ew.

845 4036 876 4084 9
914 4031 1348 4101 Adspeaeeritque
1382 4036 1608 4085 matrem
1644 4032 1949 4085 exanimem
1986 4030 2135 4085 Nero
2162 4060 2231 4071 -
2258 4035 2391 4085 sunt
2426 4031 2525 4098 qui
2560 4028 2903 4084 tradiderint

913 4118 1048 4167 sunt
1081 4112 1180 4182 qui
1215 4112 1482 4167 abnuant.

809 4196 874 4245 8⁷
913 4193 1114 4261 quippe
1147 4197 1280 4247 sunt
1313 4192 1412 4261 qui
1437 4194 1614 4261 paulo
1654 4194 1837 4246 minus
1871 4208 2035 4261 quam
2080 4193 2353 4260 oetoyinta
2390 4190 2547 4245 milia
2586 4190 2899 4245 Britanno-

914 4288 1040 4327 rum
1075 4272 1325 4327 cecidisse
1361 4274 1606 4327 tradant.
