3234 5034
1167 327 1224 383 C.
1257 325 1545 383 ASINIVS
1581 327 1844 382 POLLIO
2370 350 2659 396 Lxxxxv

339 493 478 555 libri
517 509 598 555 111
637 489 1020 580 significatl),
1057 493 1164 556 ubi
1197 497 1397 556 omnia
1437 493 1510 556 ad
1547 494 1925 556 ulciscendos
1963 494 2237 557 Caesaris
2274 514 2659 576 percussores

339 593 572 654 referre
639 595 868 674 inc-ipit,
933 611 1046 654 nec
1110 595 1240 654 sine
1308 611 1512 671 causa,
1578 592 2076 672 quemadmodum
2132 596 2195 654 in
2256 593 2410 655 libro
2472 594 2658 656 altero

339 691 690 771 Pompeium
739 700 798 752 et
845 691 1159 752 Caesarem
1206 693 1509 752 orationes
1556 691 1845 752 habentes
1893 691 2117 752 fecerat
2172 701 2233 753 et
2284 691 2357 753 ad
2403 691 2659 754 Brundi-

339 791 496 850 sium
553 799 615 850 et
671 797 808 850 ante
854 789 1202 850 Pharsalum
1251 782 1332 872 (c.
1371 784 1665 870 50—513
1714 785 2027 870 53.--72;
2076 783 2391 874 73—74),
2448 792 2535 850 sic
2594 792 2657 850 in

339 890 518 949 tertio
565 886 962 948 Octauianum
1010 895 1072 949 et
1115 889 1438 949 Antonium
1485 887 1629 948 facit
1666 880 1980 969 (15—17.
2034 881 2347 972 18—20),
2384 896 2454 949 ut
2499 887 2658 949 aliud

337 1004 448 1064 par
502 988 946 1064 protagonistae
1003 995 1063 1047 et
1119 985 1636 1065 deuteragonistae
1693 984 2051 1047 introducat.
2138 985 2355 1047 deinde
2407 988 2656 1047 materia

338 1083 536 1163 aliqua
574 1101 646 1145 ex
686 1091 853 1164 parte
893 1091 1174 1145 mutatur.
1213 1101 1350 1144 nam
1391 1085 1686 1144 minuitur
1724 1082 2022 1145 dictorum
2058 1101 2368 1163 numerus,
2406 1083 2467 1144 id
2496 1083 2655 1164 quod

337 1201 458 1242 non
506 1185 750 1242 omnino
799 1201 868 1242 ex
919 1181 1194 1243 Caesaris
1243 1181 1314 1242 de
1363 1199 1576 1242 scaena
1638 1181 1981 1242 decedentis
2046 1181 2247 1243 indole
2310 1180 2655 1262 explicatur,

337 1279 674 1340 succedunt
717 1289 918 1359 partes
966 1279 1256 1360 quaedam
1298 1281 1618 1358 actionum,
1665 1281 2019 1358 orationum,
2066 1281 2449 1360 scriptorum,
2496 1280 2657 1340 iussa

337 1395 668 1459 paucorum
723 1397 1039 1456 uersuum,
1096 1385 1391 1457 augentur
1446 1375 1744 1457 prodigia,
1802 1377 2082 1438 dilatatur
2135 1380 2426 1456 narratio,
2479 1395 2655 1456 quam

336 1475 434 1538 bis
483 1478 556 1550 (J
563 1477 620 1534 V
650 1477 736 1537 16
781 1485 840 1538 et
891 1477 948 1536 V
974 1478 1090 1551 30)
1140 1476 1510 1555 capitulatim
1557 1495 1622 1536 se
1670 1477 2044 1556 excerpsisse
2091 1475 2423 1555 profitetur,
2472 1475 2656 1536 multa

340 1573 598 1654 denique
645 1574 918 1652 suadent,
965 1581 1033 1636 ut
1077 1574 1176 1635 uel
1213 1573 1546 1654 Appianum
1593 1573 1694 1634 uel
1741 1576 1872 1635 eius
1920 1583 2225 1634 auctorem
2272 1582 2407 1653 post
2446 1573 2654 1634 Caesa-

335 1675 426 1734 ris
483 1672 728 1734 caedem
775 1672 924 1733 alios
979 1673 1176 1733 fontes
1222 1672 1578 1752 praetulisse
1628 1689 2010 1753 censeamus3
2056 1670 2203 1732 illud
2260 1679 2459 1732 tamen
2516 1688 2653 1732 con·

337 1769 672 1831 cedendum
731 1779 824 1832 est
877 1788 1208 1832 consensus
1263 1770 1516 1850 Appiani
1564 1768 1989 1848 plutarchique
2044 1769 2265 1830 indicia
2322 1771 2499 1830 etiam
2547 1786 2655 1849 per

337 1868 500 1930 illius
556 1877 836 1948 quartum
893 1867 1112 1930 librum
1161 1861 1230 1951 (i.
1271 1887 1323 1929 e.
1360 1885 1552 1946 usque
1609 1866 1684 1928 ad
1730 1885 1989 1947 pugnam
2035 1861 2513 1952 Philippensem)
2562 1869 2653 1927 in·

335 1969 554 2028 ueniri.
601 1969 722 2027 iam
759 1985 907 2027 uero
946 1973 1142 2028 artum
1179 1965 1350 2026 illum
1389 1968 1569 2026 etiam
1599 1969 1745 2027 artis
1776 1965 2199 2046 descriptionis
2229 1975 2407 2045 atque
2434 1983 2653 2026 uocum

337 2073 698 2126 concentum
732 2065 1108 2143 uestigiaque
1145 2065 1496 2144 interpretis
1534 2064 1805 2124 Asiniani
1852 2061 2039 2124 altero
2086 2063 2249 2124 illius
2296 2063 2448 2124 libro
2487 2081 2653 2125 coer·

339 2165 463 2222 ceri
487 2181 668 2242 supra
693 2161 973 2224 uidimus.
1014 2165 1165 2223 ratio
1192 2164 1378 2241 igitur
1397 2179 1546 2223 usus
1569 2162 1825 2222 oratoris
1852 2169 2079 2222 mutata
2109 2169 2217 2240 est,
2247 2163 2465 2222 mansit
2488 2179 2651 2222 usuS.

339 2278 697 2339 quamquam
747 2259 819 2321 de
866 2259 1038 2322 libris
1084 2273 1180 2322 111.
1210 2273 1300 2321 lv.
1330 2274 1378 2319 v
1425 2262 1651 2321 certius
1689 2257 1977 2319 iudicium
2026 2267 2203 2338 esset,
2252 2261 2303 2320 si
2350 2258 2651 2321 Plutarchi

337 2361 525 2419 uitam
581 2360 1022 2438 protagonistae
1069 2361 1108 2418 i.
1148 2377 1199 2419 e.
1236 2360 1488 2437 Augusti
1543 2357 1929 2437 haberemus;
1985 2375 2145 2419 nunc
2202 2376 2339 2418 cum
2385 2357 2651 2437 Appiano

336 2457 579 2517 Antonii
637 2456 1152 2535 deuteragonistae
1211 2458 1400 2518 uitam
1467 2472 1813 2535 comparare
1868 2473 2212 2536 possumus,
2279 2455 2435 2536 quod
2500 2473 2650 2534 opus

336 2557 398 2615 in
447 2573 518 2615 ea
565 2555 946 2633 potissimum
1002 2562 1198 2633 parte,
1253 2554 1357 2615 uhi
1425 2573 1562 2614 cum
1617 2552 1881 2632 Augusto
1940 2556 2270 2632 concurrit,
2333 2553 2649 2614 admodum

338 2660 518 2713 tenue
566 2659 686 2731 est,
743 2660 803 2713 et
846 2653 1258 2730 tritagonistae
1305 2651 1493 2730 Bruti,
1541 2670 1615 2712 ex
1662 2669 1777 2730 qua
1825 2651 2067 2731 quidem
2119 2650 2514 2730 comparando
2564 2651 2649 2711 di·

335 2753 564 2812 scimus
603 2752 768 2811 riuos
805 2750 1092 2828 quosdam
1132 2769 1204 2810 ex
1243 2748 1548 2810 Messallae
1586 2751 2033 2810 commentariis
2078 2751 2141 2810 in
2178 2749 2431 2829 Appiani
2468 2748 2651 2810 libros

337 2846 627 2910 deductos
684 2866 843 2926 esse,
900 2849 1153 2909 sortasse
1211 2849 1388 2908 etiam
1443 2846 1757 2908 Octauiani
1814 2848 2227 2907 auctoritatem
2290 2847 2362 2907 de
2419 2849 2649 2907 somnio

335 2945 710 3027 Philippensi
755 2943 914 3026 (uid.
939 2965 1008 3022 p.
1038 2943 1175 3026 58).

513 3044 722 3124 ltaque
777 3044 932 3105 hanc
989 3046 1392 3104 coniecturam
1449 3061 1734 3122 propono,
1782 3061 1916 3103 cum
1964 3041 2249 3103 Tralliani
2295 3042 2517 3104 bellum
2565 3045 2647 3102 ci·

335 3143 455 3204 uile
505 3141 732 3203 Graece
779 3144 1070 3221 scriptum
1118 3161 1254 3202 cum
1292 3140 1564 3202 Caesaris
1603 3141 1784 3202 caede
1823 3143 2058 3202 finitum
2096 3147 2273 3218 esset,
2316 3142 2647 3220 Appianum

335 3259 562 3302 nouum
609 3241 833 3301 sontem
881 3242 1348 3319 circumspicere
1397 3247 1670 3300 coactum
1707 3240 1956 3317 Augusti
2004 3241 2463 3300 commentarios
2511 3257 2647 3300 cum

335 3340 526 3399 Asinii
573 3339 832 3398 oratoris
877 3338 1149 3398 historiis
1195 3339 1600 3398 contaminare
1649 3339 1917 3416 coepisse
1932 3331 1985 3422 ²)
2035 3337 2141 3398 sed
2188 3355 2259 3398 ex
2308 3337 2440 3399 aliis
2478 3336 2649 3398 libris

336 3444 403 3496 ut
447 3434 608 3496 Liuii
655 3436 946 3515 quaedam
995 3437 1382 3514 inspersisse,
1440 3454 1580 3496 casu
1631 3443 1827 3496 autem
1876 3453 2014 3496 eum
2058 3435 2158 3496 uel
2204 3437 2495 3514 grauitate
2544 3455 2647 3496 no-

337 3534 564 3594 minum
613 3536 794 3594 etiam
841 3535 940 3594 hic
986 3551 1164 3612 saepe
1213 3532 1486 3612 delatum·
1521 3551 1655 3593 esse
1704 3532 1777 3593 ad
1815 3532 2055 3594 eosdem
2094 3541 2387 3612 auctores,
2431 3533 2647 3614 quibus

337 3633 518 3693 etiam
581 3631 934 3692 Plutarchus
999 3649 1146 3692 usus
1213 3638 1366 3711 erat,
1433 3629 1493 3691 id
1559 3630 1719 3710 quod
1777 3633 1955 3691 etiam
2012 3633 2075 3692 in
2130 3633 2325 3710 primo
2379 3630 2533 3692 libro
2590 3635 2645 3692 ei

338 3732 650 3792 materiam
698 3747 770 3790 ex
816 3728 1090 3809 pluribus
1129 3727 1300 3790 libris
1339 3728 1645 3808 colligenti
1683 3727 1980 3790 acciderat
1992 3723 2065 3813 ⁸),
2104 3735 2281 3808 atque
2320 3727 2391 3790 de
2429 3731 2647 3808 pugnis

339 3831 594 3889 maxime
639 3827 1144 3907 Philippensibus,
1191 3835 1258 3889 ut
1303 3829 1366 3888 in
1412 3827 1623 3888 latiore
1672 3845 1880 3906 campo
1926 3828 2301 3907 spatiaretur,
2340 3826 2645 3889 Messallae

519 4012 571 4078 1)
609 4007 838 4062 Certum
888 4007 1191 4063 Octauiani
1245 4005 1554 4078 uestigium
1611 4006 1764 4077 apud
1821 4005 2144 4077 Appianum
2191 4007 2267 4060 111
2315 4013 2383 4062 95
2430 4007 2545 4063 uid.
2586 4007 2646 4062 in

339 4088 466 4142 adn.
497 4088 574 4142 ad
607 4087 854 4159 Augusti
889 4087 958 4142 fr.
990 4093 1020 4142 9
1057 4106 1114 4158 p.
1146 4093 1232 4144 58.

515 4172 572 4238 2)
607 4167 732 4224 Hoc
768 4167 919 4223 enim
955 4167 1030 4222 ab
1059 4167 1310 4238 Appiani
1345 4166 1586 4223 historia
1619 4185 1733 4220 non
1772 4166 2020 4222 alienum
2058 4183 2179 4222 esse
2214 4167 2410 4223 Soltau
2440 4168 2643 4223 Philol.

339 4246 532 4318 Suppl.
561 4247 666 4302 Vn
701 4267 755 4319 p.
787 4253 892 4303 597
913 4265 1034 4318 sqq.
1063 4247 1206 4302 mihi
1242 4246 1540 4317 persuasit.

517 4331 574 4398 8)
611 4327 812 4383 Busolt
845 4328 906 4382 in
943 4329 1215 4385 Fleckeis.
1247 4345 1374 4383 ann.
1411 4334 1508 4382 141
1547 4345 1604 4397 p.
1636 4333 1743 4382 340
1764 4345 1882 4397 sqq.
1914 4333 2035 4382 437.
