3234 5034
1057 285 1154 341 DE
1192 263 1367 342 vrrA
1403 285 1941 342 lMPnRA'ronvu
2522 291 2646 356 123

532 449 600 517 8.
651 457 851 532 Spart.
900 457 1030 517 Hel.
1080 456 1138 533 5,
1177 456 1220 515 4
1285 454 1432 516 Nam
1493 455 1999 534 tetrafarmacum‚
2047 475 2153 518 seu
2200 460 2397 536 potius
2442 466 2646 538 penta-

341 555 700 632 sarmacum,
757 571 874 633 quo
919 560 1123 633 postea
1171 571 1409 635 semper
1455 552 1789 615 Hadrianus
1837 561 1929 614 est
1972 572 2119 615 usus
2127 602 2146 633 ,
2201 558 2331 636 ipse
2380 555 2643 636 [Helius]

343 651 563 713 dicitur
619 653 984 733 repperisse,
1038 652 1150 712 hoc
1207 659 1298 713 est
1353 671 1589 731 sumen,
1646 652 1965 730 fasianam,
2020 671 2344 734 pauonem,
2398 673 2643 734 pernam

342 749 729 812 crustulatam
778 757 838 811 et
884 769 1187 831 aprunam.
1258 749 1328 810 de
1378 770 1494 830 quo
1540 768 1761 830 genere
1808 749 1927 812 cibi
1975 750 2148 814 aliter
2195 752 2380 814 refert
2424 751 2643 814 Marius

285 867 310 906 5
339 847 648 928 Maximus,
695 867 816 910 non
863 849 1371 929 pentafarmacum
1418 847 1526 911 sed
1572 849 2054 912 tetrafarmacum
2102 849 2423 932 appellans,
2471 859 2541 913 ut
2585 859 2646 912 et

337 963 449 1008 nos
497 947 614 1026 ipsi
660 949 723 1009 in
772 949 903 1009 eius
949 950 1072 1009 uita
1119 949 1422 1026 persecuti
1473 965 1697 1010 sumus.

518 1059 615 1108 DE
652 1060 819 1108 VITA
857 1059 1198 1108 ANTONINI
1244 1059 1341 1106 ΡΠ

518 1139 638 1207 9*.
695 1147 888 1223 Capit.
927 1149 1149 1208 Anton.
1181 1145 1330 1206 Pius
1368 1145 1470 1222 11,
1498 1144 1543 1205 3
1589 1143 1903 1206 Orationes
1939 1145 2211 1226 plerique
2250 1146 2473 1208 alienas
2512 1165 2646 1210 esse

340 1241 643 1322 dixerunt,
691 1262 842 1324 quae
890 1242 1002 1304 sub
1048 1244 1180 1305 eius
1228 1240 1554 1319 [Antonini
1591 1241 1717 1321 Pii]
1766 1244 2005 1304 nomine
2050 1241 2357 1326 feruntur3
2422 1244 2643 1306 Marius

257 1359 312 1399 ιο
339 1339 629 1402 Maximus
679 1343 808 1403 eius
856 1343 1130 1422 proprias
1176 1341 1361 1402 fuisse
1411 1339 1571 1402 dicit.
2134 1326 2145 1336 ’

518 1452 614 1500 ΒΕ
651 1453 820 1500 VITA
857 1453 927 1501 Μ.
965 1452 1308 1501 ΑΝΤΟΝΙΝΙ
1346 1451 1773 1500 PHILOSOPHI

520 1531 684 1601 10⁸⁸.
740 1539 930 1616 Capit.
961 1541 1181 1600 Anton.
1223 1538 1378 1599 Phil.
1408 1537 1468 1612 1,
1499 1539 1542 1598 6
1601 1536 1785 1600 Cuius
1834 1537 2097 1618 [Marci]
2148 1538 2367 1601 familia
2414 1542 2477 1601 in
2525 1543 2641 1602 ori-

338 1637 538 1715 ginem
587 1653 908 1698 recurrens
955 1655 984 1697 a
1033 1634 1225 1697 Numa
1271 1633 1560 1715 probatur
1605 1637 1955 1715 sanguinem
2005 1636 2258 1718 trahere,
2309 1645 2377 1699 ut
2422 1637 2643 1701 Marius

336 1734 630 1797 Maximus
687 1734 880 1812 docet,
939 1737 1082 1796 item
1132 1753 1163 1794 a
1217 1751 1356 1813 rege
1416 1732 1739 1795 Sallentino
1794 1733 2109 1796 Malemnio
2154 1735 2457 1799 Dasummi
2503 1736 2642 1815 filio,

257 1849 308 1890 ιε
337 1834 444 1912 qui
480 1831 697 1914 Lopias
742 1831 1024 1895 condidit.

524 1924 632 1992 11.
688 1945 783 1992 nx
828 1944 1039 1993 amno
1075 1945 1130 1992 11
1190 1931 1354 1993 Vulc.
1399 1931 1548 1992 Gall.
1588 1932 1772 1993 Auia.
1812 1933 1871 2008 6,
1913 1932 1954 1991 7
2016 1930 2165 1994 Nam
2224 1940 2284 1994 et
2338 1951 2475 1996 cum
2527 1932 2640 1994 Bu·
2677 1925 2782 2006 „112

336 2029 512 2091 colici
558 2028 781 2092 milites
833 2047 944 2110 per
988 2030 1316 2110 Aegyptum
1364 2030 1570 2108 grauia
1614 2028 1799 2091 multa
1848 2030 2129 2110 facerent,
2180 2030 2253 2092 ab
2296 2030 2413 2092 hoc
2461 2030 2638 2110 [Aui-
2680 2017 2783 2065 925

337 2126 468 2208 dio]
517 2129 749 2189 retunsi
802 2135 968 2207 sunt,
1021 2134 1090 2189 ut
1143 2125 1303 2188 idem
1359 2126 1581 2189 Marius
1635 2126 1926 2189 Maximus
1983 2128 2168 2190 refert
2221 2130 2286 2189 in
2345 2148 2415 2190 eo
2470 2129 2640 2208 libro,

335 2244 518 2306 quem
565 2225 894 2288 secundum
943 2224 1015 2287 de
1061 2227 1186 2287 uita
1233 2224 1417 2286 Marci
1461 2225 1746 2288 Antonini
1791 2225 1995 2287 edidit.

256 2341 308 2382 ιο
522 2316 636 2387 12.
707 2337 800 2384 nx
856 2336 1067 2385 mano
1123 2337 1175 2384 11
1254 2325 1420 2386 ναῖε.
1472 2325 1623 2387 Gall.
1671 2326 1853 2387 Auia.
1901 2325 1961 2404 9,
2008 2325 2051 2385 5
2116 2325 2180 2386 Si
2242 2327 2379 2406 quis
2442 2333 2639 2388 autem
2682 2339 2781 2388 175

335 2439 574 2484 omnem
622 2422 774 2483 hanc
818 2421 1128 2483 historiam
1177 2420 1420 2501 [Auidii
1464 2424 1662 2484 Cassii
1697 2423 2072 2501 rebellionis]
2118 2426 2275 2486 scire
2323 2423 2639 2504 desiderat,
2678 2413 2782 2478 {558

337 2519 494 2599 legat
548 2519 694 2581 Mari
740 2519 977 2581 Maximi
1035 2519 1362 2582 secundum
1417 2518 1639 2582 librum
1696 2520 1767 2582 de
1822 2523 1947 2583 uita
1995 2521 2204 2600 Marci,
2260 2524 2323 2583 in
2371 2542 2487 2602 quo
2538 2523 2639 2584 ille

335 2637 406 2680 ea
465 2617 610 2680 dicit
664 2636 816 2697 quae
872 2617 1065 2680 solum
1120 2617 1351 2679 Marcus
1406 2627 1643 2679 mortuo
1698 2621 1816 2681 iam
1864 2621 2015 2681 Vero
2072 2623 2208 2700 egit.
2284 2629 2428 2684 tunc
2478 2624 2636 2684 enim

335 2715 579 2778 Cassius
634 2715 971 2796 rebellauit,
1025 2722 1094 2776 ut
1148 2713 1358 2796 prohat
1403 2717 1659 2796 epistula
1703 2721 1885 2780 missa
1934 2717 2006 2779 ad
2052 2719 2420 2800 Faustinam,
2468 2721 2639 2783 cuius

517 2921 577 2978 8.
618 2923 703 2991 Of.
733 2924 918 2980 Hadr.
949 2928 1041 2990 21,
1069 2931 1101 2978 4
1139 2923 1293 2980 Inter
1329 2924 1486 2980 cibos
1523 2923 1691 2980 unice
1727 2924 1946 2981 amauit
1977 2926 2457 2996 tetrafarmacum‚
2485 2929 2637 2998 quod

335 2998 462 3066 erat
488 2994 560 3058 de
588 2994 824 3060 fasiano,
863 2995 1098 3064 sumine,
1134 3011 1310 3066 perna
1347 3000 1405 3052 et
1438 2996 1701 3080 crustulo.
1725 3023 1793 3044 ==
1823 2999 2051 3068 Lampr.
2084 2999 2242 3054 Alex.
2272 3003 2363 3067 30,
2394 3005 2431 3054 6
2464 2999 2637 3055 Vsus-

333 3067 2639 3220 3⁶11ssss[fflff'fflfffflStiffssffffitffiffiwffiffiffia1323}

335 3211 614 3337 mtanlli).
655 3281 738 3349 Cf.
769 3281 1004 3350 Enii-op.
1037 3281 1196 3335 VIII
1216 3287 1252 3338 9
1298 3281 1511 3353 quippe
1556 3299 1683 3336 cum
1733 3281 1853 3337 eius
1899 3283 2057 3353 origo
2102 3286 2341 3354 paterna
2379 3302 2414 3340 a
2449 3285 2637 3340 Numa

335 3351 634 3423 Pompilio,
670 3353 928 3408 materna
965 3369 1000 3406 a
1038 3351 1328 3408 salentino
1365 3370 1498 3423 rege
1535 3353 1822 3423 penderet.

516 3423 613 3480 11.
654 3424 736 3491 Of.
770 3424 974 3480 Anton.
999 3425 1138 3494 phil.
1165 3430 1258 3491 21,
1283 3430 1324 3480 2
1369 3425 1444 3480 Et
1480 3443 1605 3480 cum
1640 3441 1745 3494 per
1780 3425 2099 3497 Aegyptum
2136 3427 2389 3482 Bucolici
2425 3427 2635 3484 milites

332 3495 536 3581 grauia
570 3494 753 3564 multa
787 3495 1070 3562 fecissent,
1105 3513 1208 3566 per
1234 3495 1502 3551 Auidium
1531 3495 1787 3552 Cassium
1824 3497 2041 3552 retunsi
2080 3502 2223 3554 sunt.
2275 3501 2454 3556 Plura
2484 3501 2631 3557 Gaea.

335 3569 452 3623 Dm
482 3571 740 3706 ‘'fif-Cf.
771 3639 944 3693 Auid.
978 3643 1030 3704 7,
1056 3645 1091 3694 ‚1
1147 3638 1254 3693 Hic
1299 3637 1697 3709 imperatorem
1744 3655 1803 3694 se
1850 3638 1911 3694 in
1948 3639 2162 3696 oriente
2200 3641 2532 3713 appellauit,
2572 3646 2636 3698 ut

333 3709 570 3778 quidam
608 3709 822 3778 dicunt,
850 3708 1122 3764 Faustina
1158 3710 1403 3777 uolente,
1441 3727 1586 3779 qnae
1625 3709 1932 3766 ualitudini
1969 3711 2146 3766 Marci
2182 3711 2298 3767 iam
2336 3713 2636 3770 diffidebat

333 3785 393 3836 et
427 3780 688 3847 timebat,
734 3797 806 3835 ne
851 3779 1102 3835 infantes
1146 3781 1292 3836 filios
1341 3781 1489 3836 tueri
1525 3781 1650 3837 sola
1684 3800 1799 3838 non
1875 3786 2025 3839 osset
2063 3787 2235 3854 atque
2272 3783 2481 3853 aliquis
2518 3785 2633 3840 exi·

333 3855 528 3919 steret,
565 3851 664 3921 qui
699 3855 870 3922 capta
897 3850 1143 3907 statione
1170 3853 1330 3923 regia
1355 3853 1602 3908 infantes
1635 3855 1704 3908 de
1734 3871 1821 3908 me
1862 3853 1917 3909 io
1948 3854 2189 3912 tolleret.
2239 3857 2416 3926 Capit.
2450 3857 2633 3915 Marc.

330 3929 424 3992 24,
451 3928 486 3979 5
534 3922 732 3979 Voluit
775 3923 1258 3980 Marcomanniam
1300 3925 1679 3996 prouinciam,
1724 3923 1910 3981 uoluit
1953 3925 2127 3982 etiam
2176 3926 2514 3984 Sarmatiam
2550 3929 2634 3984 fa·

560 4112 628 4199 8,
681 4123 738 4178 1.
781 4121 987 4179 terra-f.
1022 4112 1111 4179 Ρι
1245 4121 1464 4199 pentes.
1495 4121 1552 4179 P

517 4199 629 4289 10,
679 4209 778 4268 14.
825 4227 964 4286 rege
999 4209 1058 4267 P
1085 4212 1154 4270 in
1186 4227 1306 4272 ras.
1487 4210 1890 4272 malemnioda
1936 4211 2153 4272 summi
2188 4213 2247 4271 P
2268 4231 2323 4272 a.
2354 4229 2505 4274 corr.

517 4289 633 4377 12,
684 4299 783 4358 23.
831 4300 996 4360 solus
1043 4300 1130 4360 ed.
1157 4318 1255 4376 pr.
