3234 5034
932 307 1359 363 IMPERATOR
1396 307 1680 363 CAESAR
1719 306 2096 364 AVGVSTVS
2439 330 2660 376 Lxxu1

344 479 409 538 iu
456 477 526 537 fr.
574 475 657 537 11
713 484 921 538 exstat.
987 484 1113 537 tum
1160 484 1220 537 et
1265 475 1515 537 aliorum
1563 475 1769 536 laudes
1816 475 1916 538 illa
1962 483 2152 537 aetate
2199 477 2477 538 omnibus
2515 479 2662 538 satis

350 577 620 654 cognitas
686 594 827 636 cum
890 592 995 636 sua
1062 573 1460 653 coniungebat
1514 576 1834 652 misitque·
1853 577 2040 636 uitam
2095 575 2167 636 ad
2221 575 2540 655 Agrippam
2603 584 2663 637 et

350 672 760 734 Maecenatem
816 675 879 734 in
936 681 1317 738 monumento
1373 674 1682 751 Ancyrano
1748 675 2000 734 omissos
2055 681 2117 733 et
2170 675 2448 752 crimina,
2509 691 2660 754 quae

354 769 597 832 abluere
654 789 777 832 non
834 778 1061 851 posset,
1118 773 1181 832 in
1239 769 1383 831 alios
1440 769 1863 850 transferebat,
1907 770 2076 832 uelut
2119 771 2466 832 Ciceronem
2515 790 2548 831 a
2593 790 2660 832 se

352 870 483 948 ipso
532 871 779 930 maximi
822 868 1090 931 habitum
1140 887 1273 930 esse
1320 867 1638 930 simulabat
1675 871 1790 947 (fr.
1824 871 1881 931 6.
1916 871 2000 943 7).
2052 869 2306 949 denique
2345 872 2523 932 etiam
2561 889 2659 932 res

353 969 621 1047 priuatas
650 969 929 1028 tractauit
957 985 1249 1029 excusans
1280 967 1604 1029 diuortium
1636 984 1772 1028 cum
1803 966 2112 1028 Scribonia
2141 967 2359 1029 factum
2383 968 2500 1045 (fr.
2523 969 2658 1042 12).

352 1065 498 1126 baec
568 1083 773 1127 rerum
830 1067 1121 1145 expositio
1176 1068 1472 1127 sermonis
1528 1064 1820 1145 elegantia
1878 1074 1940 1126 et
1983 1065 2312 1127 subtilitate
2359 1085 2658 1128 commen-

354 1162 625 1224 dabatur.
700 1162 1017 1244 diligenter
1063 1166 1225 1224 enim
1272 1183 1303 1224 a
1350 1163 1499 1224 lulia
1545 1167 1678 1224 auia
1726 1171 1789 1225 et
1833 1164 1906 1224 ab
1952 1166 2082 1226 Atia
2129 1172 2318 1225 matre
2373 1162 2658 1226 educatus

353 1261 425 1321 ab
470 1260 829 1340 Apollodoro
873 1261 1239 1340 Pergameno
1286 1271 1347 1322 et
1392 1261 1611 1323 Romae
1661 1271 1721 1322 et
1765 1261 2104 1342 Apolloniae
2144 1262 2449 1324 rhetorum
2489 1280 2658 1342 prae-

351 1361 544 1438 ceptis
600 1362 910 1421 institutus
966 1368 1119 1438 erat,
1166 1362 1270 1439 qui
1316 1379 1453 1421 cum
1501 1379 1532 1420 a
1579 1359 1830 1422 Caesare
1880 1359 2164 1422 dictatore
2213 1359 2286 1420 ad
2333 1360 2393 1421 id
2441 1379 2658 1423 munus

350 1465 603 1518 uocatus
650 1466 835 1537 esset,
890 1460 1021 1519 eius
1078 1458 1523 1538 simplicitatem
1572 1459 1878 1532 (Martial.
1916 1459 2025 1519 ΧΙ
2061 1459 2177 1532 20)
2226 1461 2288 1519 in
2341 1458 2690 1520 scribendo-

350 1573 489 1616 eum
538 1558 764 1616 imitari
811 1559 1001 1634 iussit,
1054 1555 1235 1636 idque
1290 1558 1347 1616 ei
1404 1556 1662 1618 feliciter
1714 1559 2031 1636 successit3
2087 1575 2225 1617 nam
2280 1565 2342 1617 et
2385 1555 2658 1618 Caesaris

348 1652 645 1732 elegantia
663 1647 713 1737 ¹)
780 1673 814 1714 a
877 1654 1165 1716 Cicerone
1222 1656 1423 1727 (Brut.
1476 1656 1585 1730 72,
1623 1655 1782 1728 252)
1849 1653 2124 1716 laudatur
2187 1661 2248 1716 et
2310 1656 2558 1734 Augusti
2624 1673 2656 1716 a

348 1751 653 1812 Frontone
694 1756 790 1830 (p.
832 1753 963 1813 123
1000 1755 1184 1826 Nab.)
1225 1751 1645 1833 Suetonioque,
1693 1751 1946 1814 addente
1996 1750 2402 1832 ‘praecipuam
2449 1771 2653 1814 curam

348 1868 489 1911 eum
538 1848 781 1912 duxisse
827 1869 1071 1912 sensum
1120 1853 1303 1912 animi
1360 1868 1535 1930 quam
1586 1852 1960 1930 apertissime
2009 1847 2369 1930 exprimere’
2407 1853 2488 1924 (c.
2519 1851 2657 1930 86),

350 1950 457 2026 qui
505 1948 749 2028 quidem
798 1949 871 2010 de
918 1967 1035 2028 quo
1083 1948 1233 2009 libro
1283 1951 1479 2028 aptius
1524 1948 1792 2010 iudicare
1839 1951 2144 2028 potuerint
2187 1967 2364 2028 quam
2414 1948 2486 2009 de
2529 1951 2656 2010 uita

346 2063 471 2106 non
516 2045 723 2126 uide03
770 2049 834 2107 in
880 2047 1153 2126 epistulis
1200 2046 1375 2108 aliter
1424 2046 1691 2108 scribere
1739 2046 1982 2108 solebat.
2050 2045 2399 2108 documenta
2455 2055 2654 2108 tamen

346 2144 481 2204 eius
526 2145 593 2203 in
640 2147 1085 2206 commentariis
1140 2144 1442 2206 scribendi
1504 2147 1752 2206 rationis
1805 2163 1992 2207 unum
2048 2144 2336 2207 habemus
2391 2147 2456 2206 iu
2503 2145 2573 2206 fr.
2612 2143 2656 2206 4

344 2240 531 2320 idque
580 2250 777 2303 tenue.

528 2340 607 2400 At
650 2348 896 2420 propter
941 2361 1038 2403 res
1086 2350 1353 2404 narratas
1400 2342 1748 2421 frequenter
1784 2343 2110 2420 scriptores
2153 2341 2341 2402 bunc
2387 2341 2653 2403 fontem

344 2436 717 2516 adierunt,
765 2443 982 2519 partim
1030 2443 1161 2501 eius
1200 2443 1567 2518 auctoritate,
1616 2443 1834 2519 partim
1883 2438 2236 2518 adulatione,
2285 2441 2500 2519 partim
2548 2439 2653 2501 ali-

344 2553 521 2596 orum
578 2538 781 2616 inopia
837 2538 1052 2618 adacti,
1110 2541 1171 2600 in
1228 2538 1445 2618 quibus
1500 2536 1926 2600 enumerandis
1988 2544 2324 2617 temporum
2381 2536 2651 2600 ordinem

343 2651 585 2712 sequar.
658 2637 889 2714 primus
944 2640 1075 2698 eius
1121 2635 1340 2698 librum
1388 2635 1667 2698 Nicolaus
1704 2636 2104 2698 Damascenus
2142 2638 2206 2697 in
2244 2655 2419 2697 suum
2457 2645 2650 2698 trans-

342 2731 511 2810 tulit,
558 2751 677 2811 quo
724 2729 947 2794 ‘amici'
994 2737 1091 2797 sui
1145 2738 1324 2796 etiam
1379 2737 1507 2796 uiui
1561 2737 1748 2796 uitam
1804 2738 2104 2814 exposuit,
2159 2734 2222 2795 id
2267 2733 2426 2813 quod
2473 2743 2534 2795 et
2579 2753 2652 2795 ex

341 2831 636 2890 uniuerso
692 2849 909 2910 genere
966 2831 1269 2894 scribendi
1326 2841 1385 2894 et
1432 2852 1501 2895 ex
1551 2850 1846 2895 consensu
1896 2851 2032 2894 cum
2070 2832 2290 2894 Velleio
2338 2838 2398 2893 et
2445 2833 2650 2894 Sueto-

344 2929 449 2988 nio
488 2931 635 2989 satis
682 2940 953 3012 apparet3
999 2934 1198 2992 omnia
1245 2933 1405 2992 enim
1454 2934 1650 2992 animo
1698 2938 1758 2992 et
1803 2939 2002 2992 mente
2049 2939 2372 3010 occupatus
2410 2930 2482 2991 ad
2521 2933 2650 2992 eius

340 3025 584 3087 laudem
622 3027 988 3108 gloriamque
1028 3029 1256 3090 rettulit
1292 3033 1537 3103 (θῶ-σὴ.
1566 3031 1708 3090 Litt.
1740 3030 1783 3090 I
1797 3048 1865 3106 p.
1895 3029 2023 3088 401
2044 3031 2217 3104 sqq.)-
2285 3027 2411 3089 Non
2453 3031 2650 3090 miuus

342 3123 573 3186 multus
630 3127 692 3185 in
749 3145 817 3188 ea
874 3144 939 3188 re
976 3127 1234 3188 Velleius
1278 3129 1395 3188 fuit
1440 3121 1520 3210 (a.
1558 3121 1866 3212 30s783),
1914 3129 2084 3189 cuius
2142 3133 2304 3187 certa
2361 3125 2648 3206 quaedam

342 3224 601 3300 uestigia
630 3227 720 3295 (u.
752 3228 894 3286 adn.
924 3229 1011 3286 ad
1036 3227 1121 3303 fr.
1154 3227 1211 3287 1.
1242 3227 1301 3286 8.
1333 3227 1447 3300 10)
1489 3228 1631 3287 item
1670 3225 1744 3286 ad
1781 3225 2110 3305 Augustum
2151 3223 2374 3286 ducunt
2403 3226 2648 3299 (Gesch.

342 3321 491 3382 Lm.
531 3323 573 3382 J
591 3341 659 3398 p.
696 3323 829 3383 382
846 3342 971 3399 sqq.
1022 3326 1089 3384 Ε.
1130 3325 1455 3386 Schwartz
1501 3327 1704 3386 Herm.
1743 3325 1832 3385 33
1863 3343 1930 3401 p.
1963 3324 2140 3396 213).
2199 3325 2408 3384 citauit
2449 3330 2648 3384 tamen

339 3422 477 3480 eius
532 3422 719 3481 uitam
776 3423 1005 3500 primus
1051 3421 1279 3482 Plinius
1330 3424 1393 3482 in
1448 3421 1705 3483 naturali
1749 3421 1998 3482 historia
2045 3422 2163 3498 (fr.
2203 3423 2293 3498 4),
2340 3428 2648 3500 praeterea

338 3537 415 3579 ea
458 3537 609 3580 usus
655 3518 707 3579 ll
754 3517 860 3599 24,
904 3519 1011 3580 ubi
1059 3519 1131 3581 de
1174 3523 1371 3581 omine
1411 3519 1668 3600 quodam
1705 3538 1901 3581 sermo
1940 3527 2031 3580 est
2068 3521 2183 3597 (fr.
2223 3519 2357 3597 20),
2398 3519 2648 3580 fortasse

338 3620 524 3678 etiam
572 3613 677 3694 34,
717 3613 801 3678 58
850 3621 1057 3692 (diuos
1102 3621 1413 3695 Auyustus
1460 3621 1806 3680 admonitus
1851 3623 1914 3680 in
1962 3620 2209 3696 quiete),
2265 3624 2390 3678 tum
2441 3617 2648 3678 Sueto-

338 3717 483 3776 nius
540 3734 673 3776 eam
720 3718 879 3777 inter
923 3717 1170 3797 Augusti
1228 3716 1411 3778 libros
1466 3718 1772 3778 recensuit
1818 3719 1953 3790 (uit.
1993 3715 2129 3794 85),
2185 3718 2299 3776 etsi
2351 3717 2438 3776 eis
2495 3735 2646 3795 quae

336 3832 416 3875 ex
472 3831 543 3874 ea
604 3816 858 3875 inseruit
910 3815 1259 3894 fragmentis
1315 3817 1606 3894 originem
1663 3833 1781 3876 non
1827 3813 2147 3893 adscripsit
2191 3815 2307 3890 (fr.
2347 3814 2405 3873 1.
2444 3814 2502 3875 9.
2543 3814 2646 3874 12.

336 3913 447 3973 16.
477 3913 583 3972 19.
612 3908 749 3992 [21.
778 3913 883 3974 22.
913 3910 1086 3995 23]);
1124 3915 1302 3974 etiam
1330 3913 1499 3993 plura
1530 3915 1586 3974 ei
1625 3915 1864 3973 nomine
1901 3915 2122 3974 omisso
2161 3910 2354 3991 debet,
2392 3913 2646 3973 maxime

335 4013 408 4070 in
452 4012 617 4071 uitae
664 4027 791 4090 cap.
830 4008 931 4072 91.
971 4007 1073 4072 92.
1113 4007 1218 4091 94,
1266 4011 1483 4090 quibus
1540 4019 1600 4072 et
1655 4013 1882 4072 somnia
1927 4010 2028 4072 uel
2073 4011 2264 4090 ipsius
2309 4009 2407 4070 uel
2455 4010 2645 4071 aliena

527 4247 579 4315 1)
620 4245 885 4310 ‘formello
928 4263 983 4300 u.
1024 4246 1255 4316 loyische
1301 4246 1669 4300 Korrektheit’
1721 4244 2014 4300 Woelfflin
2051 4245 2180 4300 Ber.
2215 4245 2268 4300 d.
2300 4247 2504 4315 Bayer.
2537 4246 2642 4300 Alc.

326 4325 753 4396 philos-philol.
786 4343 839 4380 u.
868 4326 991 4381 hist.
1024 4327 1103 4382 cl.
1152 4331 1285 4380 1896
1321 4345 1375 4396 p.
1409 4331 1507 4379 161
1533 4343 1652 4395 sqq.
