3234 5034
598 340 851 389 xxxnn
1101 318 1195 374 DE
1235 316 1698 376 SCRIPTORVM
1736 318 1923 375 Vrrls
1958 319 2055 375 ΕΤ
2092 318 2408 375 SCRIPTIS

601 490 1032 571 Sicyoniorum,
1079 488 1296 569 quihus
1351 491 1522 569 quasi
1577 488 1937 570 appendices
1992 490 2247 549 inseruit
2300 490 2572 568 Assyrios
2628 488 2907 569 aequales

602 582 769 672 (nam
813 588 966 668 apud
1020 587 1130 649 hos
1177 587 1504 650 secundum
1551 606 1753 668 regem
1803 586 2075 665 [Ninum]
2126 606 2405 667 regnasse
2450 586 2711 667 uolebat,
2766 607 2905 648 cum

598 686 746 747 illud
793 690 906 748 etsi
942 706 1194 767 paruum
1231 688 1350 747 iam
1388 680 1706 771 exstaret);
1752 687 2066 766 Aegyptios
2112 685 2340 747 litteras
2388 693 2549 746 certe
2592 706 2625 746 a
2662 684 2907 747 Graecis

597 804 709 865 per
761 786 824 846 Io
878 785 1079 847 Inachi
1135 784 1316 845 filiam
1371 786 1678 864 Argiuam,
1734 803 1885 865 quae
1941 783 2012 845 ab
2073 785 2149 845 iis
2204 784 2316 845 Isis
2372 785 2671 845 nominata
2725 792 2906 863 esset,

599 886 900 963 accepisse
967 882 1431 963 Serapidemque
1505 884 1691 945 fuisse
1755 900 1971 944 nomen
2032 880 2239 962 Apidis
2302 883 2447 942 item
2501 883 2706 961 Argiui
2768 891 2909 962 post

597 990 867 1043 mortem.
959 982 1324 1061 Augustinus
1381 983 1566 1061 enim,
1624 983 1728 1061 qui
1780 982 1845 1041 in
1890 982 2093 1060 priore
2145 988 2313 1060 parte
2360 982 2620 1041 ciuitatis
2670 980 2765 1041 dei
2812 1000 2905 1041 se-

600 1079 862 1142 cundum
917 1080 1026 1141 hos
1080 1079 1266 1141 libros
1323 1098 1420 1141 res
1475 1089 1745 1141 terrenas
1805 1078 2145 1159 descripsit,
2193 1079 2338 1140 haec
2396 1078 2467 1139 de
2515 1081 2670 1139 serie
2717 1098 2906 1159 popu·

598 1178 790 1239 lorum
827 1177 1091 1258 prodidit
1137 1180 1236 1252 (X
1247 1179 1408 1239 VIII
1435 1178 1506 1253 2)
1518 1199 1536 1239 .·
1579 1180 1705 1239 Sed
1738 1183 1903 1239 inter
1924 1182 2204 1255 plurima
2241 1195 2437 1253 reyna
2474 1184 2789 1238 terrarum
2817 1212 2903 1220 —

598 1278 718 1338 duo
765 1294 962 1352 reqna
1009 1280 1314 1338 cernimus
1357 1280 1538 1353 lonae
1584 1280 1805 1338 ceteris
1845 1280 2214 1353 prouenisse
2270 1278 2571 1351 clariora,
2619 1276 2905 1353 Assyrio-

598 1392 734 1434 rum
767 1378 1068 1452 primum,
1117 1377 1337 1436 deinde
1383 1375 1827 1450 Romanorum,
1874 1381 1941 1434 ut
1987 1376 2355 1450 temporibus
2404 1378 2495 1433 ita
2541 1376 2691 1435 locis
2738 1378 2907 1435 inter

596 1490 662 1532 se
725 1474 1016 1534 ordinata
1071 1480 1254 1549 atque
1309 1475 1616 1534 distincta.
1708 1490 1852 1533 nam
1907 1489 2024 1547 quo
2079 1473 2255 1533 modo
2316 1474 2473 1533 illud
2510 1476 2721 1547 prius,
2785 1474 2907 1534 hoc

582 1574 924 1647 posterius:
978 1588 1048 1633 eo
1102 1573 1277 1632 modo
1331 1572 1488 1631 illud
1539 1575 1603 1631 in
1652 1575 1913 1646 oriente,
1960 1572 2077 1631 hoc
2122 1574 2187 1630 in
2234 1571 2548 1631 occidente
2592 1576 2871 1632 surrexit
2880 1594 2906 1643 ;

599 1670 860 1744 denique
904 1674 968 1729 in
1016 1672 1182 1730 illius
1219 1672 1346 1743 fine
1389 1670 1572 1730 huius
1617 1672 1860 1729 initium
1898 1668 2213 1745 confestim
2242 1668 2384 1745 suit.
2458 1687 2655 1744 reyna
2692 1678 2904 1730 cetera

599 1774 950 1843 ceterosque
1003 1786 1181 1843 reyes
1236 1770 1404 1827 uelut
1451 1768 1820 1844 appendices
1856 1771 2108 1828 istorum
2153 1768 2433 1827 dixerim.
2510 1768 2707 1827 Ninus
2752 1786 2903 1843 erqo

597 1868 721 1926 iam
766 1867 1074 1927 secundus
1119 1884 1236 1926 rex
1290 1873 1428 1926 erat
1473 1865 1895 1941 Assyriorum,
1952 1868 2059 1940 qui
2089 1869 2273 1941 patri
2314 1881 2423 1925 suo
2472 1865 2616 1926 Belo
2662 1882 2901 1927 succes·

594 1971 780 2039 serat,
843 1967 1027 2039 reyni
1089 1966 1253 2024 illius
1302 1967 1512 2040 primo
1576 1968 1737 2039 reyi,
1794 1965 2041 2039 quando
2096 1967 2161 2023 in
2218 1969 2389 2023 terra
2456 1962 2903 2025 Chaldaeorum

596 2069 778 2121 natus
824 2068 911 2122 est
957 2061 1289 2123 Abraham.
1350 2069 1489 2122 erat
1532 2065 1693 2122 enim
1732 2068 2000 2137 tempore
2036 2064 2138 2122 illo
2176 2078 2432 2136 reanum
2472 2062 2903 2137 Sicyoniorum

597 2161 920 2220 admodum
953 2177 1246 2235 paruum,
1295 2177 1335 2219 a
1379 2176 1498 2235 quo
1547 2162 1650 2220 ille
1698 2156 2141 2235 ‘undecumque
2179 2154 2582 2220 doctissimus'
2632 2158 2899 2236 [Terent.

599 2255 670 2317 de
709 2264 880 2317 metr.
911 2252 1113 2335 2846]
1155 2258 1414 2318 Marcus
1463 2257 1661 2319 Varro
1706 2260 1983 2319 scribens
2030 2259 2106 2318 de
2145 2264 2329 2332 yente
2358 2260 2579 2333 populi
2616 2258 2902 2333 Romani,

596 2358 764 2416 uelut
819 2360 1072 2431 antiquo
1132 2363 1424 2432 tempore,
1478 2372 1740 2416 exorsus
1794 2363 1898 2416 est.
1975 2356 2051 2415 ab
2106 2356 2204 2415 his
2259 2359 2418 2415 enim
2469 2357 2901 2431 Sicyoniorum

595 2456 846 2529 reyibus
893 2456 979 2514 ad
1012 2453 1410 2515 Athenienses
1443 2457 1753 2530 peruenit,
1801 2472 1840 2513 a
1886 2455 2105 2529 quibus
2151 2455 2238 2514 ad
2272 2452 2541 2529 Latinos,
2588 2456 2732 2515 inde
2774 2454 2899 2515 Ro-

595 2568 822 2612 manos.
861 2584 945 2593 —
986 2552 1112 2612 Sed
1173 2555 1461 2627 quoniam
1525 2569 1628 2612 res
1694 2552 1974 2613 Graecae
2034 2554 2219 2611 multo
2276 2558 2421 2611 sunt
2478 2552 2654 2613 nobis
2716 2570 2903 2627 quam

595 2649 892 2726 Assyriae
953 2653 1224 2711 notiores
1292 2657 1351 2710 et
1398 2668 1522 2726 per
1593 2650 1863 2710 Graecos
1926 2651 2014 2710 ad
2070 2647 2324 2711 Latinos
2387 2666 2465 2709 ac
2529 2651 2751 2711 deinde
2814 2654 2906 2711 ad

597 2747 923 2824 Romanos,
969 2751 1077 2823 qui
1121 2751 1304 2808 etiam
1352 2752 1470 2823 ipsi
1513 2747 1729 2808 Latini
1771 2754 1939 2821 sunt,
1986 2754 2317 2823 temporum
2362 2751 2582 2807 seriem
2630 2749 2899 2809 deduxe-

595 2853 743 2906 runt
806 2848 914 2921 qui
971 2852 1211 2921 pentem
1260 2848 1482 2922 populi
1545 2846 1814 2907 Romani
1877 2849 1940 2905 in
2005 2848 2269 2920 oriyinis
2330 2848 2461 2905 eius
2533 2850 2901 2921 antiquitate

596 2946 808 3004 rimati
859 2951 1029 3004 sunt:
1087 2946 1160 3005 ob
1215 2946 1331 3005 hoc
1378 2946 1686 3019 debemus,
1742 2946 1848 3005 ubi
1893 2961 2043 3020 opus
2086 2950 2201 3019 est,
2248 2943 2533 3019 Assyrios
2577 2948 2900 3004 nominare

596 3058 790 3117 reyes,
837 3049 902 3102 ut
949 3049 1268 3119 appareat,
1315 3044 1813 3117 quemadmodum
1850 3042 2194 3117 Babylonia
2231 3045 2410 3117 quasi
2432 3044 2645 3117 prima
2682 3042 2899 3117 Roma,

597 3156 734 3200 cum
772 3143 1112 3217 pereyrina
1149 3144 1212 3200 in
1259 3142 1376 3201 hoc
1420 3142 1645 3201 mundo
1692 3142 1793 3200 dei
1838 3143 2092 3200 ciuitate
2122 3146 2487 3216 procurrat,
2534 3157 2634 3200 res
2680 3148 2901 3215 autem,

597 3255 751 3313 quas
773 3245 1037 3314 propter
1082 3242 1598 3314 comparationem
1644 3241 1921 3298 ciuitatis
1964 3241 2300 3313 utriusque,
2344 3244 2629 3298 terrenae
2662 3240 2901 3299 scilicet

595 3342 655 3396 et
709 3338 986 3397 caelestis
1039 3336 1188 3396 huic
1240 3352 1466 3412 operae
1520 3343 1756 3413 oportet
1810 3340 2108 3410 inserere,
2163 3340 2360 3410 mayis
2406 3353 2485 3396 ex
2540 3336 2793 3396 Graecis
2836 3344 2899 3397 et

596 3433 853 3509 Latinis,
899 3435 1006 3494 ubi
1049 3441 1109 3494 et
1155 3437 1289 3510 ipsa
1335 3434 1534 3495 Roma
1570 3438 1749 3510 quasi
1782 3435 2055 3495 secunda
2091 3434 2437 3510 Babylonia
2472 3440 2577 3510 est,
2615 3436 2901 3496 debemus

599 3548 923 3592 assumere.
989 3532 1142 3605 (uid.
1179 3531 1264 3608 fr.
1304 3531 1393 3605 9.)
1475 3530 1614 3591 Hiat
1678 3549 1819 3591 sane
1886 3532 1947 3590 in
2012 3531 2124 3591 hac
2190 3532 2344 3591 serie
2410 3534 2805 3611 transgressio
2862 3552 2899 3593 a

599 3628 842 3690 Graecis
899 3628 972 3689 ad
1017 3627 1311 3690 Romanos
1319 3676 1338 3709 ,
1386 3646 1522 3690 cum
1567 3630 1932 3707 nesciamuS,
1987 3647 2103 3708 qua
2158 3636 2284 3689 arte
2342 3636 2592 3689 stemma
2648 3629 2720 3690 ab
2775 3629 2899 3691 illis

599 3726 672 3787 ad
725 3728 962 3787 Aenean
1019 3722 1417 3806 ‘inuictosque
1473 3723 1782 3787 Troianos’
1843 3729 2075 3802 (Antiq.
2114 3730 2271 3788 hum.
2313 3727 2397 3803 sr.
2438 3728 2482 3786 6
2520 3746 2589 3804 p.
2628 3727 2717 3787 88
2754 3729 2897 3802 Mi.)

601 3824 938 3905 deduxerit3
996 3823 1355 3886 simultatem
1412 3824 1653 3904 quidem
1710 3823 2107 3885 oblitteratam
2162 3823 2234 3885 ab
2290 3843 2359 3885 eo
2416 3843 2549 3885 esse
2604 3825 2745 3885 hinc
2795 3826 2898 3887 ad·

602 3930 789 4002 paret,
836 3921 994 4001 quod
1040 3921 1332 3983 Troianus
1379 3930 1439 3983 et
1483 3922 1772 3983 Arcadem
1820 3921 2043 3983 Salium
2088 3923 2151 3981 in
2196 3922 2421 3983 Italiam
2478 3941 2681 3984 secum
2731 3924 2902 3985 duxit

601 4020 710 4099 (fr.
742 4022 827 4080 15
851 4038 920 4097 p.
950 4020 1066 4095 90)
1107 4029 1167 4082 et
1213 4040 1349 4082 cum
1385 4020 1668 4081 Diomede
1714 4022 2031 4080 amicitiam
2080 4019 2373 4099 quandam
2419 4022 2613 4082 iunxit
2658 4023 2768 4100 (fr.
2809 4024 2901 4083 16

591 4137 653 4197 p.
683 4119 817 4193 90).
893 4118 1010 4179 Sed
1055 4127 1191 4181 utut
1237 4128 1354 4199 est,
1401 4121 1578 4180 etiam
1626 4121 1689 4179 in
1734 4119 1845 4179 hoc
1892 4118 2088 4179 studio
2136 4138 2168 4179 a
2214 4117 2574 4180 Graecorum
2627 4119 2902 4182 doctrina

597 4217 902 4296 profectus
956 4225 1072 4297 est,
1139 4235 1274 4278 cum
1330 4236 1363 4277 a
1407 4216 1749 4297 Posidonio,
1813 4235 1992 4296 quem
2047 4219 2311 4277 imitatus
2367 4225 2427 4278 et
2486 4235 2585 4277 res
2640 4216 2901 4281 Graecas

598 4314 1008 4395 Romanasque
1061 4317 1142 4375 ita
1198 4317 1646 4395 contaminauit‚
1701 4323 1768 4377 ut
1820 4334 1971 4395 quae
2025 4314 2275 4376 Romani
2322 4314 2393 4376 ab
2441 4314 2572 4376 aliis
2618 4316 2903 4395 gentibus
