3234 5034
1081 264 1155 318 M.
1185 263 1598 320 TERENTIVS
1630 263 1882 318 VARRO
2334 286 2637 332 XXXVIIII

329 435 646 512 scripsisse
694 440 1007 494 enumerat
1053 435 1126 506 (l.
1154 453 1201 493 ε.
1224 452 1285 510 p.
1316 433 1494 512 526),
1543 452 1689 512 quas
1737 452 1875 494 cum
1922 451 2129 494 omnes
2177 435 2354 494 nimis
2412 432 2633 513 largam

327 533 640 592 materiem
675 531 1173 612 suppeditassent,
1212 549 1393 593 sensu
1431 532 1649 592 artiore
1687 538 1965 593 tractatas
2005 550 2137 592 esse
2176 550 2285 612 per
2321 551 2385 593 se
2425 532 2633 594 elucet.

326 631 757 711 quaerentibus
801 639 1016 711 autem,
1065 651 1180 711 quo
1227 649 1435 710 sensu,
1482 627 1548 690 Ο.
1587 629 1739 690 Jahn
1788 632 2021 705 (Herm.
2059 631 2102 690 2
2136 650 2205 709 p.
2234 631 2395 706 235)
2443 633 2635 711 ipsius

323 729 494 790 urhis
534 748 634 790 res
673 749 810 790 eum
849 729 1106 791 exclusis
1143 729 1479 810 peregrinis
1507 729 1696 803 (Ptin.
1726 747 1815 806 ep.
1847 730 1952 790 IV
1983 729 2083 804 11,
2116 730 2229 804 15)
2260 729 2633 809 complexum

325 847 456 889 esse
525 829 866 908 suspicatus
931 835 1049 909 est,
1105 829 1667 889 commentariorum
1724 821 1951 888 ‘rerum
1983 823 2422 907 ‚urbanarumss
2487 847 2633 907 quas

323 925 563 988 Caelius
601 926 673 987 ad
712 926 1060 988 Ciceronem
1107 928 1170 987 in
1208 925 1473 986 Ciliciam
1519 927 1701 1004 misit,
1748 943 1993 1005 memor,
2034 934 2419 1005 conspectum
2457 945 2631 987 oceu-

319 1027 582 1105 pationis
645 1024 906 1086 urbanae
971 1026 1276 1105 oppositae
1343 1025 1598 1085 rusticae
1659 1023 1923 1084 Boissier
1971 1025 2117 1096 (1.3.
2142 1043 2210 1102 p.
2242 1024 2420 1103 169),
2467 1031 2629 1104 topo-

320 1123 632 1203 graphiam
662 1123 888 1184 Schanz
919 1124 993 1198 (J
1023 1117 1175 1202 1²11·
1202 1123 1365 1197 371)
1394 1123 1640 1183 insertis
1669 1123 2073 1183 monumentis
2109 1121 2275 1182 uelut
2302 1121 2631 1202 Argeorum

321 1224 428 1294 (de
472 1225 511 1282 l.
553 1225 590 1282 l.
634 1221 690 1280 V
717 1221 1028 1295 45—54).
1087 1220 1298 1300 quodsi
1353 1219 1427 1282 M.
1470 1219 1691 1300 Lepido
1748 1219 1815 1291 Q.
1856 1219 2062 1281 Catulo
2112 1238 2261 1280 coss,
2312 1213 2628 1305 (78s676)

321 1319 564 1380 domum
621 1318 1020 1398 pulchriorem
1086 1337 1206 1380 non
1273 1320 1456 1381 luisse
1507 1315 1729 1378 Romae
1796 1337 1971 1398 quam
2027 1316 2235 1397 Lepidi
2290 1320 2482 1398 ipsius
2490 1366 2508 1399 ,
2563 1328 2631 1380 ut

319 1414 506 1478 ‘inter
571 1416 1056 1496 diligentissimos
1122 1425 1392 1479 auctores
1409 1411 1426 1438 '
1488 1423 1813 1496 constaret,
1876 1414 2105 1478 Plinius
2161 1436 2219 1478 n.
2257 1419 2314 1478 h.
2352 1418 2457 1495 36,
2499 1418 2629 1478 109

319 1517 584 1578 Varrone
626 1535 774 1577 usus
813 1515 1044 1577 rettulit
1057 1510 1108 1601 ¹)
1148 1516 1328 1596 idque
1365 1515 1457 1575 his
1497 1513 1684 1594 libris,
1723 1513 1795 1576 ad
1833 1513 2279 1594 topographiam
2318 1515 2626 1576 trahimur.

319 1615 424 1676 sed
473 1633 574 1676 res
623 1622 716 1676 est
759 1616 1004 1676 incerta.

500 1712 627 1776 Soli
671 1711 1018 1792 Hieronymi
1061 1710 1244 1772 indici
1293 1703 1378 1794 (p.
1417 1705 1579 1795 526)
1627 1711 1897 1772 notitiam
1946 1710 2229 1772 debemus

645 1810 1110 1890 Legationum
1156 1808 1250 1869 III
1551 1881 1558 1886 .

645 1917 706 1970 et
757 1908 850 1969 De
909 1908 1242 1987 Pompeio
1295 1906 1421 1987 111,
1482 1906 1737 1988 denique
1781 1915 2022 1988 praeter
2067 1906 2225 1969 hunc
2272 1909 2449 1969 etiam
2495 1906 2625 1969 loco

751 2005 984 2068 cuidam
1033 2004 1288 2066 Charisii

640 2104 733 2165 De
790 2123 914 2166 sua
967 2104 1117 2164 uita
1173 2102 1402 2164 libros
1457 2102 1554 2164 ΙΙΙ
1603 2097 1721 2187 (sic
1776 2106 1937 2166 enim
1982 2103 2210 2165 Bitschl
2266 2104 2622 2185 emendauit,

748 2205 824 2265 de
865 2206 1177 2264 suauitate
1222 2195 1456 2286 codex).

496 2301 648 2362 Cum
695 2319 835 2362 suae
880 2301 1041 2361 uitae
1076 2301 1442 2361 mentionem
1473 2299 1659 2360 Varro
1698 2301 1874 2361 etiam
1911 2300 1975 2360 in
2013 2299 2145 2361 aliis
2183 2299 2354 2361 libris
2390 2302 2620 2382 insper-

313 2402 464 2462 serit
520 2393 718 2482 (uelut
771 2400 832 2459 in
890 2398 1342 2478 antiquitatibus
1398 2417 1489 2478 ap.
1527 2395 1673 2458 Gell.
1712 2395 1844 2458 XIII
1885 2393 1987 2478 12,
2015 2391 2108 2482 6),
2160 2398 2308 2460 illud
2344 2418 2456 2460 nos
2501 2419 2619 2462 non

314 2498 608 2578 offendet,
666 2496 822 2577 quod
885 2499 1027 2558 totis
1091 2496 1259 2557 libris
1323 2516 1454 2558 eam
1507 2496 1608 2556 uel
1661 2504 1861 2577 partes
1916 2498 2046 2556 eius
2099 2505 2451 2577 persecutus
2511 2506 2618 2560 est.

313 2617 450 2658 nam
509 2598 689 2658 etiam
744 2595 818 2656 ad
871 2594 1057 2656 libros
1123 2595 1195 2656 de
1259 2595 1540 2676 Pompeio
1603 2593 1953 2656 scribendos
2018 2595 2449 2658 consuetudine
2512 2615 2620 2658 sua

313 2695 692 2773 amicitiaque
753 2693 1042 2754 deductus
1099 2700 1250 2773 erat,
1306 2695 1407 2774 qui
1464 2694 1536 2755 ad
1593 2713 1728 2755 eum
1782 2694 2033 2773 imperia
2090 2699 2151 2754 et
2193 2693 2335 2754 belli
2378 2696 2615 2776 piratici

315 2796 418 2864 (de
462 2812 516 2853 r.
555 2812 608 2852 r.
647 2792 727 2852 II
748 2791 958 2870 praef.
998 2793 1068 2866 6)
1109 2800 1183 2871 et,
1221 2798 1290 2853 ut
1333 2791 1589 2872 uidetur,
1626 2790 2010 2854 Mithridatici
2048 2793 2232 2866 (Ptin.
2276 2794 2367 2854 VI
2402 2795 2519 2870 51)
2558 2803 2618 2856 et

261 2927 270 2934 -
311 2890 728 2971 Hispaniensis
773 2888 1078 2950 detulerat.
1153 2908 1392 2950 causam
1437 2892 1624 2970 igitur
1668 2889 1845 2951 huius
1883 2886 2328 2950 ‘commilitonis
2344 2885 2361 2912 '
2396 2884 2613 2974 (Solin.

315 2989 416 3067 19,
443 2990 517 3064 3)
559 2988 739 3048 rebus
777 2989 1062 3068 expositis
1102 2987 1440 3049 defendisse
1475 2988 1732 3068 uidetur,
1770 2987 2161 3067 similiterque
2209 3007 2377 3048 suam
2423 2989 2615 3052 tribus

311 3086 672 3166 legationum
711 3085 881 3146 libris
895 3079 966 3170 ¹),
997 3088 1109 3147 etsi
1147 3104 1276 3147 rem
1311 3088 1500 3166 ipsam
1541 3088 1885 3148 curiositate
1920 3105 2026 3148 sua
2056 3086 2227 3147 solita
2255 3085 2613 3150 ohscurauit.

309 3183 562 3246 habebat
619 3192 816 3246 tamen
871 3192 939 3244 ut
993 3184 1375 3265 gloriaretur,
1420 3193 1488 3244 ut
1544 3184 1706 3246 solus
1753 3179 1849 3244 ‘ex
1895 3183 1995 3244 illa
2039 3185 2415 3263 ingeniorum
2464 3205 2612 3266 quae

309 3291 434 3344 tum
493 3283 608 3344 fuit
651 3277 1070 3344 multitudine’
1113 3282 1268 3343 bello
1314 3284 1564 3362 piratico
1615 3300 1833 3344 corona
1878 3281 2076 3344 nauali
2132 3289 2376 3344 ornatus
2424 3285 2610 3358 (Ptin.

311 3384 366 3458 7,
405 3381 555 3442 115.
615 3381 718 3458 16,
758 3381 816 3442 7.
875 3383 1031 3442 Fest.
1066 3400 1133 3458 p.
1175 3381 1351 3460 162),
1423 3383 1727 3460 uitamque
1800 3399 1966 3442 suam
2028 3379 2344 3441 defunctus
2408 3400 2611 3445 rerum

305 3479 682 3559 publicarum
729 3477 1147 3556 sollicitudine,
1193 3477 1255 3538 id
1303 3477 1459 3557 quod
1502 3486 1663 3540 certe
1700 3478 2031 3540 uerisimile
2070 3486 2160 3540 est
2198 3480 2471 3552 (Bitschl
2504 3482 2619 3541 III

293 3597 358 3654 p.
389 3577 524 3638 439
540 3579 680 3652 sq),
718 3574 1232 3655 complecteretur.
1295 3575 1488 3636 Etiam
1535 3576 1710 3637 nobis
1754 3584 2095 3656 promptum
2142 3577 2255 3638 suit
2298 3579 2495 3638 omnia
2541 3598 2609 3640 ea

485 3805 540 3872 1)
575 3800 802 3857 Urlichs
838 3801 877 3856 1.
907 3819 949 3856 s.
978 3819 1032 3871 p.
1058 3805 1142 3856 1⁷.
1190 3800 1272 3856 cf.
1301 3801 1446 3856 Plin.
1478 3807 1565 3869 36,
1593 3807 1663 3856 49
1704 3805 1789 3858 M.
1810 3803 2059 3872 Lepidus
2088 3803 2149 3874 Q.
2176 3803 2364 3859 Catuli
2388 3805 2453 3858 in
2478 3822 2604 3861 con·

303 3885 490 3940 sulam
535 3883 762 3955 conlega
796 3882 1018 3952 primus
1061 3882 1308 3938 omnium
1353 3883 1552 3938 limina
1595 3900 1665 3939 ex
1700 3883 2000 3937 Numidico
2045 3900 2313 3939 marntore
2349 3885 2411 3939 in
2447 3884 2606 3941 domo

295 3965 486 4034 posuit
527 3980 736 4035 mamm
779 3962 1143 4032 repr-enaim.
1199 3964 1250 4018 is
1293 3964 1410 4030 fuit
1451 3965 1643 4020 consul
1686 3981 1837 4019 anno
1873 3965 2026 4018 urbis
2064 3986 2291 4020 υσικκνι.
2356 3965 2454 4020 hoc
2481 3968 2603 4036 pri-

303 4062 450 4099 mum
505 4044 713 4098 inuecti
755 4043 1050 4097 Numidici
1101 4045 1390 4099 mamm-is
1441 4045 1736 4116 uestiyium
1784 4044 2027 4112 inueni0‚
2072 4061 2187 4099 mm
2232 4045 2294 4098 in
2338 4046 2605 4100 columnis

305 4131 484 4180 tamen
510 4123 797 4190 crusti-we,
815 4129 879 4178 ut
905 4139 1079 4192 supra
1100 4123 1360 4194 Carystii,
1385 4126 1481 4179 sed
1507 4126 1570 4178 in
1595 4141 1781 4179 masaa
1808 4141 1874 4178 ac
1898 4124 2169 4179 utilissimo
2197 4125 2452 4179 liminum
2480 4143 2599 4180 usu.

481 4208 536 4276 2)
575 4202 668 4257 Sic
705 4201 925 4256 Ritschl
968 4203 1065 4272 Op.
1095 4205 1208 4258 III
1235 4221 1288 4273 p.
1318 4208 1446 4271 436,
1483 4203 1641 4258 cuius
1681 4203 2060 4258 coniecturam
2096 4203 2308 4259 frustra.
2344 4204 2602 4260 Reitzen-

301 4283 452 4338 stein
489 4285 680 4340 Herm.
707 4288 801 4352 20,
831 4287 940 4339 517
975 4282 1336 4353 improbauit.
