3234 5034
624 304 891 353 cxxvm
1114 280 1213 338 DE
1252 281 1714 339 SCRIPTORVM
1751 281 1942 340 VITIS
1979 282 2074 339 ET
2112 280 2428 340 sommis

1174 551 1271 624 M.
1312 549 1812 626 SERVILIVS
1866 551 2368 626 NONIANVS

803 748 1029 810 Laudat
1080 749 1240 810 hunc
1296 748 1485 810 filium
1538 749 1613 809 Μ.
1671 749 1912 810 Seruilii
1969 770 2088 812 cos.
2136 747 2356 831 3175&
2411 758 2688 831 nepotem
2746 748 2924 810 Nonii

626 849 919 909 senatoris
982 846 1055 908 ab
1116 849 1371 908 Antonio
1432 849 1780 928 proscripti,
1843 848 2084 912 Tacitus
2149 852 2210 910 in
2275 848 2586 910 annalibus
2647 847 2774 908 XIV
2841 844 2922 908 19

625 966 674 1007 a.
704 941 943 1028 59s'812
970 954 1297 1007 mortuum:
1338 947 1693 1022 Sequuntur
1728 951 2010 1008 uirorum
2047 951 2376 1010 illustrium
2401 957 2642 1023 mortes,
2669 949 2928 1008 Domitii

626 1045 773 1123 Afri
818 1052 878 1107 et
924 1045 1007 1106 M.
1058 1047 1337 1119 Seruilii,
1392 1049 1501 1120 qm·
1552 1050 1799 1107 summis
1841 1048 2176 1108 honoribus
2229 1055 2288 1108 et
2340 1050 2529 1108 multa
2575 1049 2924 1122 eloquentia

626 1149 978 1224 mouerant,
1024 1147 1127 1204 ille
1162 1146 1401 1205 orando
1448 1162 1688 1220 causas,
1735 1145 2040 1206 Seruilius
2075 1148 2184 1206 din
2216 1145 2378 1223 som,
2423 1162 2566 1206 mox
2603 1145 2926 1207 tradendis

623 1245 811 1304 rebus
836 1242 1133 1304 Romanis
1169 1244 1427 1303 celebris
1464 1250 1523 1303 et
1550 1245 1860 1318 eleoante‘a
1897 1247 2085 1320 uitae,
2113 1262 2294 1319 quam
2333 1247 2662 1306 clariorem
2701 1245 2925 1318 effecit,

626 1350 695 1402 ut
725 1359 857 1418 par
901 1345 1167 1416 ἐπρεηίο,
1214 1345 1303 1401 ita
1348 1357 1581 1402 morum
1631 1343 1928 1402 diver-sm.
2021 1340 2126 1402 sed
2173 1343 2350 1403 etiam
2399 1344 2606 1402 uiuum
2645 1341 2925 1420 cognoui-

628 1457 763 1500 mus
810 1438 1113 1500 consulem
1171 1438 1357 1500 fuisse
1412 1438 1784 1500 ordinarium
1830 1457 1881 1499 a.
1919 1435 2176 1520 35s788
2233 1442 2513 1517 (Ρνοεορ.
2554 1440 2667 1500 ΙΙΙ
2691 1459 2761 1516 p.
2790 1440 2925 1500 227

626 1558 685 1598 n.
724 1538 884 1612 420)
948 1538 1401 1617 principemque
1468 1538 1730 1598 ciuitatis
1795 1540 1982 1610 (Plin.
2019 1557 2079 1598 n.
2115 1540 2174 1600 Ιι.
2213 1539 2320 1615 28,
2364 1539 2482 1612 29)
2548 1536 2924 1617 eundemque

626 1643 695 1695 ut
738 1643 967 1714 patrem
1016 1634 1241 1696 cultum
1286 1654 1421 1696 esse
1468 1655 1501 1695 a
1546 1635 1754 1696 Persio
1799 1635 2008 1698 Flacco
2054 1639 2208 1710 (Vit.
2247 1655 2454 1699 comm.
2495 1638 2686 1698 Probi
2727 1637 2923 1698 Valer.

613 1753 683 1810 p.
724 1733 857 1794 233
898 1735 1061 1794 Jahn
1088 1753 1156 1810 p.
1189 1734 1275 1794 73
1312 1735 1668 1810 Rffersch.)‚
1713 1734 1872 1796 unde
1919 1736 2138 1796 stoicae
2185 1743 2382 1796 sectae
2433 1754 2570 1796 eum
2621 1734 2924 1796 addictum

630 1831 815 1892 fuisse
865 1830 1216 1910 colligimus,

808 1929 999 1990 Etiam
1062 1928 1309 1991 historia
1374 1949 1511 1992 eum
1578 1930 1874 1992 celebrem
1939 1933 2124 1994 fuisse
2189 1931 2430 1994 Tacitus
2485 1936 2524 1994 l.
2559 1951 2606 1994 s.
2673 1938 2928 1993 testatur

631 2031 1053 2108 coniungitque
1134 2047 1271 2089 eum
1340 2038 1585 2110 propter
1639 2029 1800 2090 illam
1867 2029 1938 2090 Μ.
1996 2031 2154 2110 Aper
2215 2032 2278 2091 in
2355 2030 2581 2109 dialogo
2655 2030 2925 2092 eiusdem

630 2145 769 2188 cum
825 2126 1057 2188 Aufidio
1119 2127 1301 2188 Basso
1364 2137 1664 2208 tamquam
1725 2127 1994 2207 exempla
2057 2129 2428 2209 eloquentiae
2493 2148 2634 2190 suae
2701 2131 2928 2207 aetatis,

632 2245 887 2306 quocum
944 2243 1081 2286 eum
1136 2235 1539 2305 comparatum
1596 2245 1730 2287 esse
1788 2228 1966 2288 etiam
2012 2247 2044 2288 a
2090 2227 2482 2308 Quintiliano,
2537 2231 2640 2308 qui
2684 2231 2816 2308 ipse
2861 2247 2930 2289 se

632 2344 769 2387 eum
816 2323 1115 2386 audiuisse
1156 2331 1593 2404 commemorat,
1633 2343 1812 2405 supra
1849 2345 1906 2404 p.
1935 2339 2150 2388 cxxv1
2169 2347 2256 2407 sq.
2293 2325 2574 2406 uidimus,
2611 2330 2694 2388 ita
2733 2335 2930 2388 tamen

631 2432 701 2485 ut
736 2423 959 2485 clarum
998 2443 1135 2486 eum
1179 2426 1419 2503 ingenio
1466 2431 1526 2484 et
1570 2425 1884 2484 sententiis
1931 2425 2208 2487 crebrum
2255 2425 2440 2488 fuisse
2485 2424 2778 2487 iudicaret
2823 2424 2930 2486 sed

630 2524 831 2583 minus
892 2541 1194 2602 pressum,
1262 2541 1439 2602 quam
1510 2521 1790 2582 historiae
1861 2527 2181 2585 auctoritas
2240 2523 2580 2604 postularet.
2673 2527 2934 2586 accessit

632 2629 833 2682 tamen
862 2620 1155 2682 Seruilius
1192 2619 1263 2682 ad
1302 2621 1605 2682 historiam
1647 2621 1976 2682 forensium
2013 2638 2216 2682 rerum
2252 2620 2452 2682 labore
2491 2630 2715 2700 exacto,
2753 2639 2932 2701 quam

632 2718 709 2780 ob
756 2737 883 2780 rem
930 2718 1087 2800 quod
1132 2719 1361 2781 Plinius
1404 2721 1602 2779 minor
1645 2721 1708 2779 in
1755 2720 1928 2798 epist.
1975 2719 2000 2780 1
2041 2717 2142 2798 13,
2180 2715 2222 2779 3
2269 2719 2578 2781 Claudium
2617 2719 2934 2782 Caesarem

635 2817 845 2878 scribit
904 2819 1177 2879 recitanti
1236 2819 1291 2879 ei
1350 2817 1720 2896 inopinatum
1776 2820 2196 2898 superuenisse
2252 2818 2508 2880 clamore
2563 2817 2934 2880 audientium

634 2915 929 2994 allectum,
971 2916 1281 2977 historiam
1330 2916 1634 2976 recitatam
1681 2933 1817 2976 esse
1851 2919 1984 2976 ueri
2021 2914 2212 2977 simile
2251 2925 2358 2997 est,
2403 2917 2758 2995 praesertim
2795 2935 2938 2978 cum

634 3016 815 3074 etiam
862 3012 1259 3084 Quintilianus
1306 3007 1510 3096 (natus
1556 3033 1607 3074 a.
1648 3012 1772 3074 fere
1817 3009 2114 3098 35J788),
2175 3033 2312 3076 cum
2374 3014 2446 3076 de
2503 3017 2634 3076 eius
2687 3014 2942 3076 historia

634 3111 821 3173 uerba
878 3113 1127 3190 faceret,
1183 3111 1335 3172 hanc
1382 3111 1684 3172 audiuisse
1731 3111 2032 3191 uideatur,
2091 3114 2352 3194 itemque
2407 3113 2520 3174 hoc
2575 3131 2694 3174 non
2739 3111 2938 3174 solum

634 3217 881 3290 propter
922 3211 1428 3290 propinquitatem
1472 3209 1690 3270 Aufidii
1729 3209 1834 3271 sed
1871 3213 2050 3273 etiam
2085 3219 2331 3291 propter
2365 3211 2779 3291 eloquentiam,
2816 3229 2942 3290 qua

636 3317 763 3370 tum
808 3309 911 3370 uix
958 3311 1271 3388 quisquam
1319 3315 1557 3369 ueteres
1604 3325 1704 3368 res
1751 3307 2116 3389 describenS,
2161 3329 2238 3371 ne
2285 3329 2428 3390 prae
2475 3309 2644 3371 Liuio
2691 3325 2942 3390 sperne-

638 3413 823 3485 retur,
868 3424 1016 3468 usus
1063 3415 1172 3485 est,
1220 3408 1644 3486 imperatorum
1693 3425 1790 3468 res
1837 3425 1904 3468 ea
1951 3426 2085 3469 esse
2131 3415 2425 3469 tractatas.

820 3503 1003 3565 Nemo
1050 3512 1247 3565 tamen
1294 3506 1553 3584 scriptor
1597 3506 1728 3566 eius
1773 3505 2054 3568 historias
2101 3508 2331 3584 citauit,
2387 3507 2500 3567 etsi
2555 3523 2761 3566 omnes
2815 3507 2942 3566 uiri

652 3601 827 3682 docti,
874 3601 1211 3682 Nipperdey
1244 3620 1313 3680 p.
1343 3603 1448 3681 26,
1494 3602 1674 3664 Fabia
1703 3623 1774 3680 p.
1803 3605 1937 3664 366
1961 3623 2106 3683 sqq„
2165 3603 2264 3664 alii
2317 3603 2584 3664 Tacitum
2629 3604 2702 3680 ‚in
2757 3621 2944 3664 anna-

644 3699 800 3761 libus
848 3700 1271 3780 componendis
1326 3719 1427 3762 eas
1480 3704 1810 3780 praeterire
1865 3704 2130 3781 potuisse
2177 3709 2411 3782 negant.
2503 3703 2752 3762 forsitan
2796 3720 2942 3762 eum

644 3798 1076 3877 significauerit
1122 3799 1439 3860 Suetonius
1485 3801 1545 3859 in
1594 3801 1717 3861 uita
1763 3799 1988 3861 Tiberii
2035 3797 2150 3880 61,
2215 3819 2392 3880 quem
2453 3799 2648 3860 locum
2707 3801 2770 3860 iu
2825 3799 2944 3861 hoc

640 3915 823 3976 opere
864 3895 1189 3957 desiderari
1228 3897 1405 3976 nolui,
1445 3900 1721 3977 quoniam
1759 3901 2058 3960 neminem
2095 3907 2334 3979 praeter
2370 3897 2702 3959 Nonianum
2737 3899 2948 3960 uirum

642 3994 1015 4056 consularem
1051 3995 1211 4057 inter
1246 4003 1515 4057 auctores
1554 3998 1685 4056 eius
1721 3999 1880 4058 uitae
1917 3998 2085 4058 noui:
2123 3999 2466 4058 Annalibus
2497 4001 2626 4057 suis
2664 4000 2769 4057 uir
2795 4013 2950 4057 con-

636 4096 867 4154 sularis
912 4098 1171 4155 inseruit
1209 4093 1525 4171 frequenti
1568 4097 1875 4170 qnondam
1913 4100 2218 4172 conuiuio,
2265 4100 2371 4157 cui
2405 4103 2464 4157 et
2501 4099 2629 4172 epse
2665 4096 2951 4170 affuerit,

638 4195 1087 4266 interroqatum
1125 4210 1259 4253 eum
1295 4195 1492 4252 subito
1530 4201 1589 4252 et
1628 4195 1798 4254 clare
1835 4212 1876 4253 α
1911 4197 2175 4270 quodam
2211 4212 2376 4256 nano
2414 4201 2656 4254 astante
2691 4211 2954 4255 mensae

640 4294 805 4351 inter
864 4307 1138 4366 copreas,
1200 4309 1316 4351 cur
1372 4292 1682 4352 Paconius
1739 4296 2072 4354 maiestatis
2123 4311 2270 4354 reus
2329 4301 2452 4353 tam
2513 4295 2620 4353 diu
2682 4295 2960 4373 uiueret,
