3234 5034
592 336 764 383 xvn1
1085 315 1180 368 DF.
1221 313 1684 368 SCRIPTORVM
1722 314 1911 367 VITIS
1948 314 2396 389 ETSORIPTIS

592 481 919 543 liberaliter
965 484 1273 543 institutus
1321 490 1427 560 est,
1473 489 1541 542 ut
1585 482 1682 541 hic
1731 484 2080 561 magistrum
2138 502 2203 544 se
2262 485 2390 543 eins
2440 484 2623 545 fuisse
2674 484 2895 544 diceret

593 584 710 655 (ad
737 582 885 659 fam.
919 582 1086 641 XVI
1123 581 1183 657 3,
1228 581 1313 654 1),
1353 588 1780 659 superstesque
1822 582 1951 641 eius
1998 574 2125 660 suit,
2172 584 2232 641 in
2274 581 2591 642 Puteolano
2639 582 2901 660 praedio,

593 678 750 757 quod
799 697 848 739 a.
887 673 1146 758 44s710
1192 686 1414 739 emerat
1456 680 1572 750 (ad
1599 678 1748 755 fam.
1780 680 1850 739 Χ
1859 680 1955 753 VJ,
1988 680 2090 755 21,
2124 681 2211 758 7),
2251 675 2895 763 ‘usqi-ineffla-d—-cenhtesi-

772 874 1056 936 Vtebatur
1113 882 1310 935 autem
1372 893 1440 934 eo
1491 872 2010 936 ‘adminiculatore
2073 884 2133 937 et
2191 878 2379 955 quasi,
2423 875 2771 937 administro
2831 879 2893 937 in

594 973 808 1034 studiis
875 970 1240 1033 litterarum’
1301 971 1508 1033 Cicero
1565 974 1746 1044 (Gen.
1792 975 1882 1034 VI
1910 974 1969 1049 3,
2009 973 2079 1047 8)
2129 972 2701 1054 innumerabiliaque
2768 978 2896 1035 eius

593 1071 786 1131 officia
844 1089 980 1132 cum
1036 1072 1097 1131 in
1155 1071 1359 1131 multis
1417 1069 1597 1131 rebus
1645 1079 1771 1131 tum
1820 1073 1881 1131 in
1929 1071 2142 1132 studiis
2191 1082 2245 1131 et
2296 1071 2509 1132 litteris
2558 1075 2682 1133 suis
2730 1084 2897 1153 grato

593 1171 788 1230 animo
852 1168 1158 1250 praedicat
1213 1171 1330 1241 (ad
1375 1172 1495 1229 Act.
1551 1170 1674 1229 J'II
1713 1171 1772 1245 5,
1812 1169 1870 1229 2.
1937 1174 2023 1230 ad
2060 1169 2206 1246 fam.
2249 1172 2318 1231 X
2328 1171 2419 1230 VJ
2448 1172 2507 1246 4,
2538 1172 2635 1249 3),
2702 1190 2896 1251 neque

593 1266 780 1329 solum
838 1266 1258 1327 bibliothecam
1316 1265 1707 1345 componebat
1758 1266 2135 1347 iudicemque
2196 1268 2546 1328 conficiebat
2594 1272 2710 1340 (ad
2746 1270 2897 1345 fam.

591 1367 662 1427 X
671 1367 762 1426 VI
801 1366 912 1439 20)
972 1364 1076 1425 sed
1135 1367 1310 1425 etiam
1374 1366 1618 1425 acritate
1681 1364 2125 1445 subtilitateque
2188 1367 2409 1444 ingenii
2473 1376 2527 1426 et
2594 1366 2896 1427 doctrinae

593 1462 978 1543 amplitudine
1035 1466 1161 1542 ipsa
1215 1464 1344 1523 eius
1391 1462 1586 1523 studia
1634 1462 1953 1523 adiuuabat
1999 1473 2059 1523 et
2105 1462 2472 1524 emendabat.
2549 1464 2691 1543 quid
2740 1466 2895 1543 quod

593 1562 801 1621 Cicero
848 1562 1098 1623 κανόνα
1152 1578 1287 1620 eum
1346 1562 1717 1639 scriptorum,
1764 1579 2007 1622 suorum
2065 1579 2196 1621 esse
2254 1561 2446 1621 solere
2505 1556 2647 1622 dicit.
2703 1582 2896 1641 neque

591 1658 788 1720 Musas
845 1677 982 1719 suas
1039 1660 1170 1719 eius
1221 1660 1558 1737 praesentia
1605 1676 1811 1718 carere
1857 1678 2049 1738 posse,
2095 1667 2164 1719 ut
2211 1660 2339 1719 sine
2388 1679 2457 1719 eo
2506 1662 2745 1721 omnino
2792 1660 2897 1719 ol»-

592 1756 976 1835 languescant
1032 1758 1148 1827 (ad
1183 1758 1332 1833 fam.
1373 1758 1442 1816 X
1453 1757 1541 1816 ΓΙ
1581 1757 1683 1826 17,
1726 1758 1799 1827 1,·
1851 1758 1947 1823 10,
1988 1757 2077 1830 2).
2170 1756 2502 1818 eruditione
2572 1766 2769 1818 autem
2836 1768 2893 1818 et

593 1854 1032 1915 diuersissimas
1100 1872 1196 1914 res
1261 1852 1801 1932 comprehendebat
1876 1872 2089 1934 resque
2154 1854 2249 1914 uel
2318 1857 2592 1915 minimas
2650 1856 2889 1916 curabat

593 1955 771 2026 (Gell.
794 1954 973 2013 XIII
1001 1952 1090 2031 9),
1119 1969 1234 2031 qua
1275 1951 1346 2012 de
1387 1970 1562 2012 causa
1593 1951 1826 2012 Marcus
1864 1961 2150 2031 patronus
2189 1952 2420 2031 gaudet,
2450 1953 2607 2032 quod
2647 1972 2781 2013 cum
2821 1972 2893 2014 eo

591 2051 1116 2131 συμφιλολογεῖν
1162 2052 1351 2129 possit
1390 2053 1506 2121 (ad
1543 2050 1590 2127 f.
1623 2052 1791 2110 XVI
1820 2052 1923 2125 21,
1959 2050 2047 2128 8),
2097 2058 2156 2111 et
2203 2052 2509 2111 rhetorum
2555 2054 2893 2130 praeceptis

591 2152 918 2209 instructus
975 2148 1236 2226 erat5'¹·id
1293 2147 1449 2227 quod
1508 2146 1793 2209 iudicium
1843 2147 1914 2208 de
1972 2148 2210 2209 Catonis
2256 2151 2520 2209 oratione
2566 2148 2894 2210 Rhodiensi

593 2246 780 2327 docet,
828 2246 1235 2324 elegantiaque
1283 2247 1535 2323 insignis
1584 2248 1763 2319 (Gell.
1810 2248 1899 2307 VI
1927 2248 2015 2319 3).
2093 2246 2251 2306 idem
2297 2248 2481 2323 igitur
2527 2245 2709 2307 libros
2757 2266 2895 2307 con-

590 2345 793 2424 plures
843 2344 912 2405 de
959 2363 1074 2404 usu
1123 2352 1298 2421 atque
1348 2346 1575 2403 ratione
1624 2343 1859 2421 linguae
1908 2343 2125 2403 latinae
2174 2345 2416 2423 scripsit
2464 2346 2565 2413 (G.
2606 2346 2783 2405 XIII
2823 2348 2893 2416 9)

592 2453 768 2523 atque
815 2442 1035 2522 aliquid
1085 2441 1475 2521 Sophocleum
1539 2460 1673 2501 eum
1732 2460 1989 2520 pangere
2050 2450 2337 2520 patronus
2395 2444 2734 2520 suspicatur
2780 2446 2901 2515 (ad

585 2542 734 2619 fam.
773 2542 942 2603 XVI
981 2540 1084 2615 18,
1123 2542 1211 2617 3),
1268 2538 1426 2599 idem
1487 2538 1557 2599 de
1614 2541 1972 2619 promiscuis
2019 2540 2467 2619 quaestionibus
2523 2539 2706 2600 libros
2756 2561 2893 2601 con-

589 2631 789 2718 posuit
827 2642 928 2712 (G.
967 2640 1035 2699 X
1068 2638 1125 2713 1,
1157 2640 1226 2711 7)
1275 2645 1450 2715 atque
1499 2646 1669 2697 notas
1714 2639 1943 2715 primus
1990 2645 2422 2698 commentatus
2470 2645 2579 2698 est.

769 2736 967 2797 Occisi
1014 2744 1210 2795 autem
1246 2737 1483 2816 patroni
1519 2742 1680 2795 totus
1719 2738 1930 2795 seruiit
1964 2737 2303 2796 memoriae.
2379 2755 2515 2796 nam
2555 2735 2723 2795 libris
2762 2740 2894 2797 eins

594 2834 909 2913 diligenter
963 2832 1372 2895 describendis
1427 2834 1711 2912 praefuit,
1759 2840 1825 2893 ut
1871 2835 1973 2913 qui
2022 2831 2094 2893 ad
2140 2852 2276 2893 eum
2326 2833 2615 2911 redirent,
2664 2854 2893 2895 summa

592 2936 940 2994 auctoritate
988 2932 1272 2992 florerent
1310 2932 1486 3003 (Gell.
1527 2932 1655 2991 XV
1693 2932 1751 2990 6.
1808 2932 1841 2990 Ῑ
1874 2932 1931 3005 7,
1972 2932 2028 2992 1.
2078 2932 2254 2991 XIII
2286 2932 2389 2998 21,
2432 2932 2560 3007 16),
2610 2932 2894 3011 epistulas

593 3031 882 3109 disposuit
920 3032 1120 3102 (Ro'm.
1159 3030 1344 3105 Brief
1368 3048 1432 3104 p.
1463 3028 1548 3088 82
1567 3033 1743 3107 εφη),
1788 3030 1933 3107 ioca,
1972 3029 2189 3107 quihus
2234 3028 2332 3088 ille
2379 3030 2631 3090 maxime
2680 3030 2893 3107 gloria-

593 3138 688 3189 tus
735 3134 878 3207 erat,
927 3127 1118 3188 tribus
1165 3126 1334 3186 libris
1382 3126 1635 3203 collegit,
1684 3145 1797 3205 qua
1846 3126 2083 3205 quidem
2132 3130 2192 3186 in
2244 3146 2325 3205 re,
2374 3129 2424 3185 si
2473 3128 2598 3206 ipse
2639 3126 2892 3206 collegit,

592 3227 898 3287 Ciceronis
953 3225 1341 3285 admiratione
1397 3232 1747 3284 occaecatus
1801 3226 2051 3284 nimium
2098 3243 2413 3285 numerum
2462 3226 2521 3284 in
2563 3211 2705 3284 'eum
2754 3244 2892 3285 con-

592 3327 779 3402 gessit
815 3324 1052 3396 (Quint.
1099 3324 1185 3382 VJ
1223 3324 1284 3394 3,
1313 3324 1402 3399 5),
1439 3323 1625 3381 uitam
1663 3324 1793 3382 eius
1828 3322 2052 3381 maiore
2092 3322 2378 3382 librorum
2417 3340 2665 3381 numero
2704 3326 2891 3401 scrip-

593 3425 686 3501 sit,
733 3440 868 3482 nam
917 3420 1068 3481 libro
1107 3430 1318 3499 quarto
1357 3438 1546 3499 usque
1585 3417 1658 3479 ad
1698 3438 1915 3480 annum
1955 3416 2206 3479 572697
2250 3427 2608 3497 peruenerat
2654 3422 2763 3496 (fr.
2804 3424 2891 3493 2).

770 3520 960 3579 Pauca
1007 3520 1186 3579 huius
1233 3524 1556 3597 supersunt
1602 3518 1955 3594 fragmenta,
2002 3524 2233 3578 certum
2280 3536 2465 3578 unum
2512 3516 2667 3595 apud
2715 3520 2892 3579 Asc-o·

593 3619 758 3679 nium
807 3618 913 3693 (fr.
953 3618 1042 3695 2),
1100 3634 1276 3696 quem
1335 3624 1532 3675 tamen
1588 3615 1765 3675 etiam
1823 3614 1934 3674 alia
1990 3634 2063 3675 ex
2120 3615 2231 3675 hoc
2289 3616 2567 3677 thesauro
2622 3618 2684 3675 in
2733 3636 2893 3677 com-

593 3718 914 3776 mentarios
1009 3716 1338 3774 orationum
1431 3712 1835 3773 Tullianarum
1924 3713 2299 3774 transtulisse
2386 3713 2711 3774 uerisimile
2802 3726 2895 3775 est

594 3816 690 3887 (C.
733 3814 1138 3889 Lichtenfeldt
1187 3814 1278 3872 De
1315 3816 1533 3872 Ascon.
1565 3812 1843 3887 fontibus
1890 3830 1966 3871 ac
2006 3814 2134 3885 lide
2174 3830 2233 3887 p.
2268 3811 2350 3871 72
2378 3816 2514 3887 sq).
2580 3822 2891 3890 praeterea

593 3914 654 3971 in
700 3912 822 3971 uita
871 3910 1175 3970 Ciceronis
1220 3908 1572 3969 Plutarchus
1620 3926 1755 3968 eum
1812 3908 1906 3968 bis
1962 3911 2169 3969 citauit
2224 3908 2295 3968 de
2344 3910 2431 3969 eis
2486 3908 2691 3981 rebus,
2739 3928 2890 3988 quae

595 4162 644 4200 a.
677 4146 921 4217 104s660
959 4146 1154 4197 natum
1193 4160 1314 4198 esse
1351 4142 1584 4212 quidam
1622 4142 2001 4213 collegerunt3
2049 4143 2097 4197 is
2145 4145 2331 4196 tamen
2384 4158 2562 4195 annus
2600 4160 2729 4195 cum
2766 4144 2893 4199 1000

593 4227 840 4295 quodam
876 4224 1054 4294 ipsius
1083 4223 1364 4279 Ciceronis
1399 4226 1637 4293 pugnat,
1676 4238 1787 4292 quo
1825 4238 1873 4276 a.
1905 4224 2117 4293 oosoo4
2154 4221 2286 4276 Tiro
2326 4222 2653 4277 adulescens
2684 4222 2894 4277 dicitur

592 4305 687 4374 (ad
728 4306 841 4359 Att.
875 4304 950 4357 VI
988 4310 1038 4367 ’1,
1069 4312 1116 4359 2.
1159 4304 1224 4358 cf.
1257 4304 1358 4357 vn
1395 4310 1447 4368 2,
1477 4306 1546 4373 3).
1585 4302 1782 4372 itaque
1818 4318 1989 4373 supra
2026 4304 2191 4357 certis
2229 4302 2477 4356 numeris
2515 4302 2781 4357 abstinui.

2542 4506 2553 4535 ἱ
