3234 5034
641 363 843 411 xxxa
1139 339 1236 398 DE
1276 339 1739 398 SCRJPTORVM
1775 340 1965 398 VITIS
2002 341 2097 397 ΕΤ
2136 341 2450 400 SCRIPTIS

1271 618 1368 694 M.
1409 615 1959 692 TERENTIVS
2015 572 2341 694 VARRO

1205 771 1411 843 (Natus
1450 790 1500 828 a.
1534 772 1796 845 naseas,
1848 775 2102 828 mortuus
2140 773 2393 844 271727.)

819 931 908 992 Ex
943 931 1103 1011 larga
1143 931 1408 993 doctrina
1437 931 1800 992 varroniana
1836 949 1905 992 ea
1943 950 2127 1011 pauca
2165 933 2283 993 huc
2322 932 2751 1012 transtulimus,
2795 951 2947 1013 quae

641 1031 867 1090 maiore
924 1049 994 1090 ex
1051 1039 1217 1109 parte
1274 1030 1348 1091 ad
1402 1029 1711 1090 historiam
1770 1048 1945 1109 quam
2004 1029 2077 1090 ad
2136 1032 2514 1109 antiquitates
2561 1033 2947 1111 pertinerent.

643 1131 842 1208 itaque
908 1131 1022 1189 etsi
1076 1127 1216 1188 libri
1279 1129 1384 1208 qui
1450 1136 1591 1188 sunt
1652 1135 1933 1207 quattuor
1998 1127 2069 1188 de
2124 1131 2249 1188 uita
2303 1128 2507 1210 populi
2560 1127 2811 1190 Romani
2877 1128 2951 1190 ad

644 1225 709 1286 T.
738 1223 1128 1306 Pomponium
1166 1227 1423 1287 Atticum
1470 1227 1659 1306 missi,
1706 1245 1843 1287 cum
1890 1226 2137 1287 totidem
2183 1225 2355 1287 libris
2404 1227 2475 1289 de
2524 1235 2699 1306 gente
2748 1227 2951 1308 populi

643 1322 892 1384 Romani
921 1325 1066 1385 artis
1096 1324 1357 1385 uinculis
1387 1327 1543 1386 inter
1571 1343 1636 1384 se
1668 1326 1966 1385 coniuncti
1999 1333 2153 1402 sunt,
2182 1335 2250 1384 ut
2281 1343 2466 1385 unum
2507 1343 2693 1404 paene
2732 1343 2949 1405 corpus

644 1424 802 1483 inter
831 1440 894 1482 se
927 1422 1252 1500 effecerint,
1288 1422 1421 1482 illos
1463 1441 1770 1501 seponere,
1801 1423 1907 1483 hos
1939 1425 2207 1501 recipere
2236 1422 2435 1502 malui,
2468 1442 2603 1484 cum
2642 1423 2729 1484 illi
2766 1426 2949 1484 uitam

644 1522 935 1600 priuatam
994 1520 1448 1600 descripserint,
1505 1521 1568 1581 hi
1625 1539 1724 1581 res
1770 1519 2063 1580 Romanas
2121 1521 2192 1581 ab
2250 1522 2480 1599 origine
2526 1520 2734 1582 ultima
2780 1539 2949 1601 repe-

644 1620 865 1680 tierint.
948 1618 1232 1680 historiae
1289 1628 1483 1680 tamen
1539 1620 1873 1698 praeceptis
1930 1636 2005 1679 ne
2063 1621 2123 1678 in
2179 1619 2273 1678 his
2329 1618 2569 1698 quidem
2628 1618 2949 1680 obsec-utus

644 1725 752 1778 est.
824 1716 1088 1778 laudauit
1143 1735 1281 1778 eum
1335 1717 1636 1796 Appianus
1687 1719 1778 1790 (b.
1808 1735 1859 1778 c.
1890 1718 1995 1777 IV
2024 1718 2139 1791 47)
2185 1724 2252 1778 ut
2297 1716 2679 1797 φιλόσοφόν
2725 1737 2795 1779 τε
2840 1715 2949 1778 καὶ

647 1813 940 1894 ἱστορίας
987 1813 1395 1894 συγγραφέα,
1444 1814 1721 1875 similiter
1772 1833 1839 1875 ac
1885 1815 2307 1876 PS.·Lucianus
2355 1816 2585 1888 (Macr.
2616 1816 2731 1890 20)
2780 1815 2943 1876 Posi-

645 1912 888 1974 donium
937 1912 1338 1992 (φιλοσοφόν
1391 1932 1462 1974 τε
1517 1910 1650 1990 ἅμα
1705 1911 1815 1974 καὶ
1873 1910 2165 1990 ἱστορίας
2220 1907 2667 1996 συγγραφέα),
2725 1916 2949 1974 rectius

642 2018 858 2090 tamen,
923 2009 984 2070 id
1049 2009 1208 2089 quod
1272 2009 1441 2071 libris
1507 2013 1610 2090 qui
1676 2020 2001 2090 supersunt
2065 2012 2476 2090 confirmatur,
2550 2009 2948 2082 Quintilianus

647 2110 754 2186 (X,
795 2109 833 2168 1
876 2109 989 2182 95)
1029 2108 1164 2188 plus
1213 2111 1495 2169 scientiae
1531 2110 1595 2168 in
1636 2108 1804 2169 libris
1846 2108 2205 2170 doctissimis
2244 2117 2304 2169 et
2342 2112 2675 2187 cognitione
2716 2109 2949 2189 linguae

647 2207 886 2268 Latinae
935 2214 995 2266 et
1039 2208 1231 2267 omnis
1279 2208 1649 2286 antiquitatis
1698 2217 1759 2268 et
1795 2226 1997 2268 rerum
2038 2206 2394 2268 Graecarum
2432 2206 2949 2288 Romamn-umque

644 2303 1080 2366 abundantibus
1147 2323 1280 2365 eum
1344 2305 1667 2367 contulisse
1724 2305 1945 2367 iudicat
2002 2325 2180 2385 quam
2236 2305 2635 2386 eloquentiae,
2692 2325 2949 2386 quocum

646 2404 1027 2463 consentiunt
1071 2401 1310 2462 Tacitus
1357 2405 1419 2462 in
1470 2403 1697 2482 dialogo
1745 2407 1826 2476 (c,
1856 2404 1973 2478 23)
2022 2413 2083 2464 et
2126 2403 2478 2464 Plutarchus
2529 2405 2793 2477 (Romul.
2837 2406 2947 2479 12)

647 2495 1021 2582 Οὐάρρωνα
1069 2497 1186 2561 τὸν
1225 2499 1627 2582 φιλόσοφον,
1666 2497 1881 2580 ἄνδρα
1908 2499 2243 2583 Ῥωμαίων
2282 2497 2355 2563 ἐν
2394 2497 2653 2586 ῖστορίᾴ
2690 2501 2949 2583 βιβλια-

643 2595 954 2660 κώτατον.
971 2591 1022 2682 1)
1097 2601 1404 2659 materiam
1462 2599 1846 2660 historiarum
1902 2602 2100 2680 potius
2158 2601 2457 2678 congessit
2509 2607 2565 2661 et
2622 2599 2950 2662 cumulauit

644 2715 821 2776 quam
879 2699 1146 2758 oratione
1204 2699 1528 2758 exornauit.
1615 2698 1720 2760 sed
1783 2707 2117 2759 ceterorum
2179 2697 2467 2760 librorum
2525 2700 2738 2778 exigna
2794 2699 2947 2776 frag—

644 2803 842 2856 menta
889 2794 985 2857 uel
1033 2797 1370 2856 testimonia
1419 2815 1528 2856 cur
1573 2795 1770 2858 locum
1818 2815 1991 2858 suum
2039 2797 2136 2858 hic
2182 2797 2503 2876 obtineant,
2552 2815 2671 2858 non
2708 2805 2803 2858 est
2841 2815 2948 2858 cur

644 2893 916 2972 pluribus
974 2911 1288 2976 exponam3
1343 2893 1576 2955 indices
1634 2903 1974 2974 suaserunt,
2035 2894 2190 2956 ultra
2247 2915 2395 2975 quos
2453 2905 2555 2956 aut
2605 2914 2793 2974 pauca
2851 2904 2951 2956 aut

646 2990 795 3052 nihil
842 2993 991 3052 certi
1040 2993 1394 3072 accepimus,

821 3088 1064 3150 Initium
1123 3090 1333 3152 faciam
1381 3111 1412 3152 a
1461 3100 1741 3170 quattuor
1795 3091 1963 3152 libris
2022 3088 2144 3152 ‘De
2202 3090 2502 3151 familiis
2559 3088 2947 3170 Troianis’‚

645 3187 806 3268 quod
860 3198 1274 3268 argumentum
1333 3197 1459 3250 tum
1514 3188 1801 3249 nobilium
1855 3191 2081 3251 animos
2138 3188 2433 3250 alliciebat
2488 3197 2549 3248 et
2603 3187 2945 3252 delectabat.

644 3305 782 3348 nam
819 3294 1202 3366 posteaquam
1242 3286 1302 3348 C.
1333 3286 1517 3348 lulius
1555 3286 1772 3348 Caesar
1809 3286 2061 3348 dictator
2097 3287 2387 3366 originem
2428 3304 2595 3348 suam
2635 3295 2837 3366 aperte
2876 3286 2948 3348 ad

644 3385 902 3446 Aeneam
959 3383 1212 3465 rettulit,
1261 3387 1438 3446 etiam
1485 3385 1633 3446 aliae
1680 3392 1913 3464 genteS‚
1961 3387 2387 3466 quinquaginta
2433 3385 2577 3464 fere,
2626 3393 2694 3446 ut
2740 3384 2949 3446 scribit

644 3645 765 3682 eum
813 3627 1270 3700 [Dicaearchum]
1309 3630 1502 3698 potius
1548 3631 1739 3700 leyeret
1783 3646 1951 3698 quam
1995 3645 2168 3682 unam
2215 3630 2451 3683 litteram
2506 3631 2775 3684 scriberet.
2853 3628 2949 3697 qui

645 3725 728 3762 me
755 3709 994 3777 epistula
1017 3709 1236 3776 petiuit,
1264 3709 1340 3762 ad
1367 3715 1434 3774 te,
1461 3716 1525 3762 ut
1553 3710 1732 3775 m'deo,
1761 3709 2063 3764 comminus
2090 3711 2323 3762 accessit.
2382 3710 2698 3764 coniurasse
2732 3711 2949 3764 mallem

647 3806 812 3857 quam
849 3790 1107 3843 restitisse
1143 3790 1535 3856 coniurationi,
1572 3792 1625 3843 ai
1650 3790 1807 3843 illum
1836 3790 1973 3842 mihi
1998 3787 2337 3843 audiendum
2362 3796 2656 3857 putassem.
2707 3788 2947 3842 Omnino

645 3868 825 3939 igitur
859 3867 1164 3938 ignorauit,
1202 3867 1387 3938 qualis
1425 3884 1611 3923 rerum
1648 3871 1831 3923 status
1868 3871 1989 3923 tum
2018 3873 2168 3923 esset:
2194 3885 2376 3937 neque
2408 3867 2741 3923 Dicaearchi
2770 3868 2946 3924 scien-

645 3948 764 4004 tiae
801 3947 1022 4019 copiam
1060 3948 1345 4019 aequauit.
1413 3949 1655 4004 eundem
1684 3953 1883 4019 postea.
1910 3948 2087 4004 Marci
2116 3947 2221 4002 filii
2248 3949 2583 4020 magistrum
2611 3948 2787 4004 fuisse
2818 3951 2949 4005 nunt

647 4027 745 4096 qui
782 4032 999 4100 putent.

829 4113 880 4177 1)
920 4107 999 4163 cf.
1029 4108 1141 4164 Cic.
1173 4108 1316 4164 Phil.
1345 4108 1397 4162 Π
1434 4115 1520 4178 41,
1553 4115 1655 4164 105
1718 4109 1869 4180 Quae
1914 4113 1977 4164 in
2020 4111 2165 4165 uilla
2200 4110 2302 4164 ala
2339 4109 2631 4182 [Varronis
2668 4109 2945 4182 Casinati]

647 4195 813 4245 antea
858 4189 1207 4256 dicebantur,
1254 4205 1391 4259 quae
1435 4193 1847 4261 coqitabantur,
1894 4207 2030 4260 quae
2076 4191 2273 4245 litteris
2330 4191 2766 4258 mandabantur,
2818 4192 2947 4246 iura

639 4269 843 4340 populi
879 4271 1149 4337 Romani,
1193 4272 1530 4326 monimenta
1574 4273 1873 4334 maiorum,
1925 4273 2101 4326 onmia
2146 4271 2451 4340 sapientiae
2485 4271 2633 4325 ratio
2669 4273 2948 4340 omnisque

648 4351 944 4407 doetrinae.
