<?xml version="1.0" encoding="UTF-8"?>
<!DOCTYPE html PUBLIC "-//W3C//DTD XHTML 1.0 Transitional//EN"
    "http://www.w3.org/TR/xhtml1/DTD/xhtml1-transitional.dtd">
<html xmlns="http://www.w3.org/1999/xhtml" xml:lang="en" lang="en">
 <head>
  <title>
</title>
<meta http-equiv="Content-Type" content="text/html;charset=utf-8" />
  <meta name='ocr-system' content='tesseract 3.04.00' />
  <meta name='ocr-capabilities' content='ocr_page ocr_carea ocr_par ocr_line ocrx_word'/>
</head>
<body>
  <div class='ocr_page' id='page_1' title='image "./historicorvmrom00petegoog_0076.png"; bbox 0 0 3234 5034; ppageno 0'>
   <div class='ocr_carea' id='block_1_1' title="bbox 1174 323 2685 395">
    <p class='ocr_par' dir='ltr' id='par_1_1' title="bbox 1174 323 2685 395">
     <span class='ocr_line' id='line_1_1' title="bbox 1174 323 2685 395; baseline 0.002 -19"><span class='ocrx_word' id='word_1_1' title='bbox 1174 323 1533 378; x_wconf 86' lang='lat' dir='ltr'>TANVSIVS</span> <span class='ocrx_word' id='word_1_2' title='bbox 1569 324 1897 380; x_wconf 81' lang='lat' dir='ltr'>GEMINVS</span> <span class='ocrx_word' id='word_1_3' title='bbox 2542 348 2685 395; x_wconf 72' lang='lat' dir='ltr'>LXV</span> 
     </span>
    </p>
   </div>
   <div class='ocr_carea' id='block_1_2' title="bbox 1036 543 2003 618">
    <p class='ocr_par' dir='ltr' id='par_1_2' title="bbox 1036 543 2003 618">
     <span class='ocr_line' id='line_1_2' title="bbox 1036 543 2003 618; baseline 0.001 -2"><span class='ocrx_word' id='word_1_4' title='bbox 1036 543 1511 617; x_wconf 85' lang='lat' dir='ltr'>TANVSIVS</span> <span class='ocrx_word' id='word_1_5' title='bbox 1568 544 2003 618; x_wconf 80' lang='lat' dir='ltr'><strong>GEMINVS</strong></span> 
     </span>
    </p>
   </div>
   <div class='ocr_carea' id='block_1_3' title="bbox 333 721 2679 4136">
    <p class='ocr_par' dir='ltr' id='par_1_3' title="bbox 338 721 2679 3056">
     <span class='ocr_line' id='line_1_3' title="bbox 549 721 2679 806; baseline 0.002 -25"><span class='ocrx_word' id='word_1_6' title='bbox 549 721 741 782; x_wconf 90' lang='lat' dir='ltr'>Huius</span> <span class='ocrx_word' id='word_1_7' title='bbox 780 730 942 783; x_wconf 89' lang='lat' dir='ltr'>certa</span> <span class='ocrx_word' id='word_1_8' title='bbox 981 726 1266 784; x_wconf 89' lang='lat' dir='ltr'>memoria</span> <span class='ocrx_word' id='word_1_9' title='bbox 1306 724 1655 802; x_wconf 77' lang='lat' dir='ltr'><strong>fragmentis</strong></span> <span class='ocrx_word' id='word_1_10' title='bbox 1693 726 2051 802; x_wconf 82' lang='lat' dir='ltr'>continetur,</span> <span class='ocrx_word' id='word_1_11' title='bbox 2093 723 2311 804; x_wconf 89' lang='lat' dir='ltr'>quibus</span> <span class='ocrx_word' id='word_1_12' title='bbox 2359 744 2496 786; x_wconf 90' lang='lat' dir='ltr'>eum</span> <span class='ocrx_word' id='word_1_13' title='bbox 2543 737 2679 806; x_wconf 89' lang='lat' dir='ltr'>post</span> 
     </span>
     <span class='ocr_line' id='line_1_4' title="bbox 365 817 2675 901; baseline 0.002 -22"><span class='ocrx_word' id='word_1_14' title='bbox 365 837 588 880; x_wconf 90' lang='lat' dir='ltr'>annum</span> <span class='ocrx_word' id='word_1_15' title='bbox 639 817 894 892; x_wconf 78' lang='lat' dir='ltr'>55l699</span> <span class='ocrx_word' id='word_1_16' title='bbox 944 821 1052 898; x_wconf 79' lang='lat' dir='ltr'>(fr.</span> <span class='ocrx_word' id='word_1_17' title='bbox 1091 821 1164 894; x_wconf 89' lang='lat'>3)</span> <span class='ocrx_word' id='word_1_18' title='bbox 1213 829 1272 882; x_wconf 97' lang='lat' dir='ltr'>et</span> <span class='ocrx_word' id='word_1_19' title='bbox 1319 830 1455 882; x_wconf 89' lang='lat' dir='ltr'>ante</span> <span class='ocrx_word' id='word_1_20' title='bbox 1495 821 1806 882; x_wconf 84' lang='lat' dir='ltr'>Strabonis</span> <span class='ocrx_word' id='word_1_21' title='bbox 1854 823 2271 901; x_wconf 82' lang='lat' dir='ltr'>geographiam</span> <span class='ocrx_word' id='word_1_22' title='bbox 2319 841 2416 883; x_wconf 91' lang='lat' dir='ltr'>res</span> <span class='ocrx_word' id='word_1_23' title='bbox 2462 823 2675 884; x_wconf 87' lang='lat' dir='ltr'>Roma-</span> 
     </span>
     <span class='ocr_line' id='line_1_5' title="bbox 363 919 2672 1000; baseline 0.002 -23"><span class='ocrx_word' id='word_1_24' title='bbox 363 936 472 980; x_wconf 90' lang='lat' dir='ltr'>nas</span> <span class='ocrx_word' id='word_1_25' title='bbox 518 921 836 980; x_wconf 90' lang='lat' dir='ltr'>minimum</span> <span class='ocrx_word' id='word_1_26' title='bbox 886 938 917 979; x_wconf 90' lang='lat' dir='ltr'>a</span> <span class='ocrx_word' id='word_1_27' title='bbox 965 919 1229 980; x_wconf 89' lang='lat' dir='ltr'>Sertorio</span> <span class='ocrx_word' id='word_1_28' title='bbox 1277 938 1468 1000; x_wconf 90' lang='lat' dir='ltr'>usque</span> <span class='ocrx_word' id='word_1_29' title='bbox 1516 919 1588 981; x_wconf 89' lang='lat' dir='ltr'>ad</span> <span class='ocrx_word' id='word_1_30' title='bbox 1636 939 1805 980; x_wconf 91' lang='lat' dir='ltr'>suam</span> <span class='ocrx_word' id='word_1_31' title='bbox 1848 928 2100 981; x_wconf 89' lang='lat' dir='ltr'>aetatem</span> <span class='ocrx_word' id='word_1_32' title='bbox 2138 923 2453 1000; x_wconf 82' lang='lat' dir='ltr'>scripsisse</span> <span class='ocrx_word' id='word_1_33' title='bbox 2491 922 2672 982; x_wconf 89' lang='lat' dir='ltr'>tradi-</span> 
     </span>
     <span class='ocr_line' id='line_1_6' title="bbox 365 1014 2673 1103; baseline 0.001 -26"><span class='ocrx_word' id='word_1_34' title='bbox 365 1025 490 1078; x_wconf 87' lang='lat' dir='ltr'>tum</span> <span class='ocrx_word' id='word_1_35' title='bbox 540 1025 651 1095; x_wconf 89' lang='lat' dir='ltr'>est,</span> <span class='ocrx_word' id='word_1_36' title='bbox 698 1016 879 1096; x_wconf 88' lang='lat' dir='ltr'>idque</span> <span class='ocrx_word' id='word_1_37' title='bbox 925 1026 1124 1079; x_wconf 91' lang='lat' dir='ltr'>mente</span> <span class='ocrx_word' id='word_1_38' title='bbox 1172 1037 1204 1080; x_wconf 88' lang='lat' dir='ltr'>a</span> <span class='ocrx_word' id='word_1_39' title='bbox 1252 1018 1504 1079; x_wconf 90' lang='lat' dir='ltr'>Caesare</span> <span class='ocrx_word' id='word_1_40' title='bbox 1557 1017 1885 1080; x_wconf 87' lang='lat' dir='ltr'>abalienata</span> <span class='ocrx_word' id='word_1_41' title='bbox 1933 1019 2041 1095; x_wconf 79' lang='lat' dir='ltr'>(fr.</span> <span class='ocrx_word' id='word_1_42' title='bbox 2081 1019 2139 1079; x_wconf 87' lang='lat'>2.</span> <span class='ocrx_word' id='word_1_43' title='bbox 2179 1019 2268 1092; x_wconf 85' lang='lat'>3).</span> <span class='ocrx_word' id='word_1_44' title='bbox 2284 1014 2335 1103; x_wconf 82' lang='lat'>¹)</span> <span class='ocrx_word' id='word_1_45' title='bbox 2402 1020 2673 1099; x_wconf 90' lang='lat' dir='ltr'>ponenda</span> 
     </span>
     <span class='ocr_line' id='line_1_7' title="bbox 361 1115 2671 1197; baseline 0.002 -23"><span class='ocrx_word' id='word_1_46' title='bbox 361 1117 550 1193; x_wconf 84' lang='lat' dir='ltr'>igitur</span> <span class='ocrx_word' id='word_1_47' title='bbox 605 1115 754 1176; x_wconf 92' lang='lat' dir='ltr'>haec</span> <span class='ocrx_word' id='word_1_48' title='bbox 809 1115 1056 1177; x_wconf 89' lang='lat' dir='ltr'>historia</span> <span class='ocrx_word' id='word_1_49' title='bbox 1113 1124 1205 1177; x_wconf 90' lang='lat' dir='ltr'>est</span> <span class='ocrx_word' id='word_1_50' title='bbox 1259 1120 1321 1178; x_wconf 90' lang='lat' dir='ltr'>in</span> <span class='ocrx_word' id='word_1_51' title='bbox 1370 1135 1578 1178; x_wconf 89' lang='lat' dir='ltr'>eorum</span> <span class='ocrx_word' id='word_1_52' title='bbox 1624 1115 1915 1177; x_wconf 87' lang='lat' dir='ltr'>librorum</span> <span class='ocrx_word' id='word_1_53' title='bbox 1962 1135 2229 1196; x_wconf 90' lang='lat' dir='ltr'>numer0,</span> <span class='ocrx_word' id='word_1_54' title='bbox 2276 1121 2380 1197; x_wconf 89' lang='lat' dir='ltr'>qui</span> <span class='ocrx_word' id='word_1_55' title='bbox 2429 1116 2501 1178; x_wconf 91' lang='lat' dir='ltr'>de</span> <span class='ocrx_word' id='word_1_56' title='bbox 2550 1117 2671 1178; x_wconf 89' lang='lat' dir='ltr'>dic-</span> 
     </span>
     <span class='ocr_line' id='line_1_8' title="bbox 360 1208 2670 1298; baseline 0.002 -25"><span class='ocrx_word' id='word_1_57' title='bbox 360 1216 572 1274; x_wconf 89' lang='lat' dir='ltr'>tatoris</span> <span class='ocrx_word' id='word_1_58' title='bbox 619 1217 971 1274; x_wconf 88' lang='lat' dir='ltr'>auctoritate</span> <span class='ocrx_word' id='word_1_59' title='bbox 1016 1216 1146 1275; x_wconf 87' lang='lat' dir='ltr'>siue</span> <span class='ocrx_word' id='word_1_60' title='bbox 1194 1217 1322 1276; x_wconf 91' lang='lat' dir='ltr'>uiui</span> <span class='ocrx_word' id='word_1_61' title='bbox 1369 1208 1468 1298; x_wconf 89' lang='lat' dir='ltr'>(ut</span> <span class='ocrx_word' id='word_1_62' title='bbox 1513 1215 1645 1275; x_wconf 91' lang='lat' dir='ltr'>uult</span> <span class='ocrx_word' id='word_1_63' title='bbox 1692 1213 2005 1276; x_wconf 87' lang='lat' dir='ltr'>Cichorius</span> <span class='ocrx_word' id='word_1_64' title='bbox 2042 1214 2197 1293; x_wconf 90' lang='lat' dir='ltr'>apud</span> <span class='ocrx_word' id='word_1_65' title='bbox 2246 1214 2598 1276; x_wconf 88' lang='lat' dir='ltr'>Schanzium</span> <span class='ocrx_word' id='word_1_66' title='bbox 2646 1217 2670 1277; x_wconf 89' lang='lat'><em>1</em></span> 
     </span>
     <span class='ocr_line' id='line_1_9' title="bbox 358 1307 2669 1392; baseline 0.002 -22"><span class='ocrx_word' id='word_1_67' title='bbox 358 1330 414 1390; x_wconf 91' lang='lat' dir='ltr'>p.</span> <span class='ocrx_word' id='word_1_68' title='bbox 450 1307 598 1392; x_wconf 85' lang='lat'>199,</span> <span class='ocrx_word' id='word_1_69' title='bbox 639 1311 957 1373; x_wconf 85' lang='lat' dir='ltr'>Suetonius</span> <span class='ocrx_word' id='word_1_70' title='bbox 997 1315 1176 1392; x_wconf 89' lang='lat' dir='ltr'>enim,</span> <span class='ocrx_word' id='word_1_71' title='bbox 1215 1315 1313 1374; x_wconf 91' lang='lat' dir='ltr'>cui</span> <span class='ocrx_word' id='word_1_72' title='bbox 1353 1313 1641 1374; x_wconf 89' lang='lat' dir='ltr'>debemus</span> <span class='ocrx_word' id='word_1_73' title='bbox 1680 1313 1750 1372; x_wconf 80' lang='lat' dir='ltr'>fr.</span> <span class='ocrx_word' id='word_1_74' title='bbox 1781 1309 1842 1392; x_wconf 85' lang='lat'>2,</span> <span class='ocrx_word' id='word_1_75' title='bbox 1887 1312 2157 1373; x_wconf 85' lang='lat' dir='ltr'>eiusdem</span> <span class='ocrx_word' id='word_1_76' title='bbox 2212 1316 2422 1374; x_wconf 89' lang='lat' dir='ltr'>aetatis</span> <span class='ocrx_word' id='word_1_77' title='bbox 2470 1321 2669 1374; x_wconf 87' lang='lat' dir='ltr'>aucto-</span> 
     </span>
     <span class='ocr_line' id='line_1_10' title="bbox 359 1405 2669 1496; baseline 0.001 -27"><span class='ocrx_word' id='word_1_78' title='bbox 359 1427 456 1470; x_wconf 88' lang='lat' dir='ltr'>res</span> <span class='ocrx_word' id='word_1_79' title='bbox 485 1412 548 1470; x_wconf 89' lang='lat' dir='ltr'>in</span> <span class='ocrx_word' id='word_1_80' title='bbox 576 1412 1002 1488; x_wconf 86' lang='lat' dir='ltr'>imperatorum</span> <span class='ocrx_word' id='word_1_81' title='bbox 1029 1413 1173 1471; x_wconf 89' lang='lat' dir='ltr'>uitis</span> <span class='ocrx_word' id='word_1_82' title='bbox 1203 1414 1386 1472; x_wconf 89' lang='lat' dir='ltr'>citare</span> <span class='ocrx_word' id='word_1_83' title='bbox 1417 1411 1583 1489; x_wconf 88' lang='lat' dir='ltr'>solet,</span> <span class='ocrx_word' id='word_1_84' title='bbox 1603 1431 1662 1473; x_wconf 85' lang='lat' dir='ltr'>u.</span> <span class='ocrx_word' id='word_1_85' title='bbox 1678 1411 1901 1487; x_wconf 81' lang='lat' dir='ltr'>Haupt.</span> <span class='ocrx_word' id='word_1_86' title='bbox 1920 1429 2011 1487; x_wconf 82' lang='lat' dir='ltr'>op.</span> <span class='ocrx_word' id='word_1_87' title='bbox 2030 1405 2272 1496; x_wconf 72' lang='lat' dir='ltr'>Jp.,71)</span> <span class='ocrx_word' id='word_1_88' title='bbox 2294 1414 2425 1472; x_wconf 87' lang='lat' dir='ltr'>siue</span> <span class='ocrx_word' id='word_1_89' title='bbox 2451 1415 2669 1472; x_wconf 91' lang='lat' dir='ltr'>mortui</span> 
     </span>
     <span class='ocr_line' id='line_1_11' title="bbox 359 1506 2664 1589; baseline 0.002 -22"><span class='ocrx_word' id='word_1_90' title='bbox 359 1506 753 1569; x_wconf 83' lang='lat' dir='ltr'><strong>detrahebant</strong></span> <span class='ocrx_word' id='word_1_91' title='bbox 797 1507 1075 1589; x_wconf 84' lang='lat' dir='ltr'>idemque</span> <span class='ocrx_word' id='word_1_92' title='bbox 1125 1509 1281 1589; x_wconf 90' lang='lat' dir='ltr'>quod</span> <span class='ocrx_word' id='word_1_93' title='bbox 1335 1508 1675 1570; x_wconf 85' lang='lat' dir='ltr'>libellorum</span> <span class='ocrx_word' id='word_1_94' title='bbox 1722 1509 2081 1570; x_wconf 81' lang='lat' dir='ltr'>famosorum</span> <span class='ocrx_word' id='word_1_95' title='bbox 2129 1508 2448 1570; x_wconf 88' lang='lat' dir='ltr'>multitudo</span> <span class='ocrx_word' id='word_1_96' title='bbox 2496 1529 2664 1588; x_wconf 91' lang='lat' dir='ltr'>spec-</span> 
     </span>
     <span class='ocr_line' id='line_1_12' title="bbox 354 1605 2664 1687; baseline 0.001 -22"><span class='ocrx_word' id='word_1_97' title='bbox 354 1605 577 1666; x_wconf 86' lang='lat' dir='ltr'>tabant.</span> <span class='ocrx_word' id='word_1_98' title='bbox 653 1609 751 1667; x_wconf 90' lang='lat' dir='ltr'>cui</span> <span class='ocrx_word' id='word_1_99' title='bbox 798 1607 1039 1686; x_wconf 89' lang='lat' dir='ltr'>quidem</span> <span class='ocrx_word' id='word_1_100' title='bbox 1087 1609 1301 1668; x_wconf 87' lang='lat' dir='ltr'>rationi</span> <span class='ocrx_word' id='word_1_101' title='bbox 1346 1610 1535 1668; x_wconf 90' lang='lat' dir='ltr'>uitam</span> <span class='ocrx_word' id='word_1_102' title='bbox 1582 1606 1878 1687; x_wconf 86' lang='lat' dir='ltr'>quandam</span> <span class='ocrx_word' id='word_1_103' title='bbox 1925 1606 2166 1668; x_wconf 90' lang='lat' dir='ltr'>uidetur</span> <span class='ocrx_word' id='word_1_104' title='bbox 2214 1606 2451 1668; x_wconf 89' lang='lat' dir='ltr'>debere.</span> <span class='ocrx_word' id='word_1_105' title='bbox 2524 1627 2664 1668; x_wconf 90' lang='lat' dir='ltr'>nam</span> 
     </span>
     <span class='ocr_line' id='line_1_13' title="bbox 355 1702 2663 1786; baseline 0.001 -23"><span class='ocrx_word' id='word_1_106' title='bbox 355 1702 467 1763; x_wconf 83' lang='lat' dir='ltr'>sub</span> <span class='ocrx_word' id='word_1_107' title='bbox 527 1705 991 1783; x_wconf 81' lang='lat' dir='ltr'>imperatoribus</span> <span class='ocrx_word' id='word_1_108' title='bbox 1045 1703 1304 1766; x_wconf 86' lang='lat' dir='ltr'>libenter</span> <span class='ocrx_word' id='word_1_109' title='bbox 1367 1705 1521 1766; x_wconf 84' lang='lat' dir='ltr'>ultra</span> <span class='ocrx_word' id='word_1_110' title='bbox 1588 1705 1827 1766; x_wconf 89' lang='lat' dir='ltr'>Liuium</span> <span class='ocrx_word' id='word_1_111' title='bbox 1891 1707 2215 1784; x_wconf 87' lang='lat' dir='ltr'>scriptores</span> <span class='ocrx_word' id='word_1_112' title='bbox 2280 1705 2663 1786; x_wconf 83' lang='lat' dir='ltr'>eruebantur,</span> 
     </span>
     <span class='ocr_line' id='line_1_14' title="bbox 355 1801 2664 1883; baseline 0.001 -21"><span class='ocrx_word' id='word_1_113' title='bbox 355 1801 574 1880; x_wconf 88' lang='lat' dir='ltr'>quibus</span> <span class='ocrx_word' id='word_1_114' title='bbox 641 1802 843 1864; x_wconf 91' lang='lat' dir='ltr'>odium</span> <span class='ocrx_word' id='word_1_115' title='bbox 908 1813 1113 1864; x_wconf 89' lang='lat' dir='ltr'>contra</span> <span class='ocrx_word' id='word_1_116' title='bbox 1179 1823 1298 1883; x_wconf 75' lang='lat' dir='ltr'>eoS,</span> <span class='ocrx_word' id='word_1_117' title='bbox 1360 1823 1390 1864; x_wconf 90' lang='lat' dir='ltr'>a</span> <span class='ocrx_word' id='word_1_118' title='bbox 1453 1803 1671 1883; x_wconf 90' lang='lat' dir='ltr'>quibus</span> <span class='ocrx_word' id='word_1_119' title='bbox 1736 1806 1853 1882; x_wconf 87' lang='lat' dir='ltr'>ipsi</span> <span class='ocrx_word' id='word_1_120' title='bbox 1918 1802 2173 1880; x_wconf 84' lang='lat' dir='ltr'>maligne</span> <span class='ocrx_word' id='word_1_121' title='bbox 2240 1805 2483 1863; x_wconf 86' lang='lat' dir='ltr'>tractari</span> <span class='ocrx_word' id='word_1_122' title='bbox 2547 1802 2664 1864; x_wconf 91' lang='lat' dir='ltr'>sibi</span> 
     </span>
     <span class='ocr_line' id='line_1_15' title="bbox 351 1899 2661 1982; baseline 0.001 -22"><span class='ocrx_word' id='word_1_123' title='bbox 351 1900 726 1980; x_wconf 90' lang='lat' dir='ltr'>uiderentur,</span> <span class='ocrx_word' id='word_1_124' title='bbox 774 1900 1132 1980; x_wconf 80' lang='lat' dir='ltr'>expleretur.</span> <span class='ocrx_word' id='word_1_125' title='bbox 1217 1905 1414 1982; x_wconf 89' lang='lat' dir='ltr'>itaque</span> <span class='ocrx_word' id='word_1_126' title='bbox 1463 1904 1593 1963; x_wconf 90' lang='lat' dir='ltr'>eius</span> <span class='ocrx_word' id='word_1_127' title='bbox 1640 1903 1851 1962; x_wconf 89' lang='lat' dir='ltr'>notitia</span> <span class='ocrx_word' id='word_1_128' title='bbox 1900 1899 1971 1960; x_wconf 90' lang='lat' dir='ltr'>ad</span> <span class='ocrx_word' id='word_1_129' title='bbox 2020 1900 2372 1961; x_wconf 88' lang='lat' dir='ltr'>Strabonem</span> <span class='ocrx_word' id='word_1_130' title='bbox 2421 1902 2531 1979; x_wconf 80' lang='lat' dir='ltr'>(fr.</span> <span class='ocrx_word' id='word_1_131' title='bbox 2571 1903 2661 1981; x_wconf 88' lang='lat'>1),</span> 
     </span>
     <span class='ocr_line' id='line_1_16' title="bbox 351 1997 2661 2079; baseline 0.001 -21"><span class='ocrx_word' id='word_1_132' title='bbox 351 1997 656 2059; x_wconf 84' lang='lat' dir='ltr'>Plutarchi</span> <span class='ocrx_word' id='word_1_133' title='bbox 720 1999 1091 2079; x_wconf 79' lang='lat' dir='ltr'>Appianique</span> <span class='ocrx_word' id='word_1_134' title='bbox 1167 2019 1543 2060; x_wconf 90' lang='lat' dir='ltr'>communem</span> <span class='ocrx_word' id='word_1_135' title='bbox 1619 2007 1922 2060; x_wconf 85' lang='lat' dir='ltr'>auctorem</span> <span class='ocrx_word' id='word_1_136' title='bbox 1989 1999 2106 2076; x_wconf 80' lang='lat' dir='ltr'>(fr.</span> <span class='ocrx_word' id='word_1_137' title='bbox 2153 1998 2245 2076; x_wconf 87' lang='lat'>3),</span> <span class='ocrx_word' id='word_1_138' title='bbox 2312 1997 2661 2061; x_wconf 85' lang='lat' dir='ltr'>Suetonium</span> 
     </span>
     <span class='ocr_line' id='line_1_17' title="bbox 353 2096 2661 2176; baseline 0.001 -20"><span class='ocrx_word' id='word_1_139' title='bbox 353 2096 460 2172; x_wconf 80' lang='lat' dir='ltr'>(fr.</span> <span class='ocrx_word' id='word_1_140' title='bbox 489 2097 582 2174; x_wconf 85' lang='lat'>2),</span> <span class='ocrx_word' id='word_1_141' title='bbox 632 2099 736 2176; x_wconf 88' lang='lat' dir='ltr'>qui</span> <span class='ocrx_word' id='word_1_142' title='bbox 773 2097 1025 2176; x_wconf 83' lang='lat' dir='ltr'>singulis</span> <span class='ocrx_word' id='word_1_143' title='bbox 1065 2097 1210 2160; x_wconf 91' lang='lat' dir='ltr'>locis</span> <span class='ocrx_word' id='word_1_144' title='bbox 1249 2117 1387 2160; x_wconf 88' lang='lat' dir='ltr'>eum</span> <span class='ocrx_word' id='word_1_145' title='bbox 1425 2100 1781 2176; x_wconf 75' lang='lat' dir='ltr'>citauerunt,</span> <span class='ocrx_word' id='word_1_146' title='bbox 1825 2107 2000 2176; x_wconf 89' lang='lat' dir='ltr'>atque</span> <span class='ocrx_word' id='word_1_147' title='bbox 2040 2099 2219 2157; x_wconf 89' lang='lat' dir='ltr'>etiam</span> <span class='ocrx_word' id='word_1_148' title='bbox 2258 2096 2330 2157; x_wconf 92' lang='lat' dir='ltr'>ad</span> <span class='ocrx_word' id='word_1_149' title='bbox 2372 2096 2661 2159; x_wconf 85' lang='lat' dir='ltr'>Senecam</span> 
     </span>
     <span class='ocr_line' id='line_1_18' title="bbox 348 2191 2661 2276; baseline 0.001 -23"><span class='ocrx_word' id='word_1_150' title='bbox 348 2193 768 2272; x_wconf 89' lang='lat' dir='ltr'>philosophum</span> <span class='ocrx_word' id='word_1_151' title='bbox 805 2198 1099 2274; x_wconf 90' lang='lat' dir='ltr'>peruenit,</span> <span class='ocrx_word' id='word_1_152' title='bbox 1147 2215 1283 2258; x_wconf 88' lang='lat' dir='ltr'>curn</span> <span class='ocrx_word' id='word_1_153' title='bbox 1331 2196 1402 2256; x_wconf 91' lang='lat' dir='ltr'>ad</span> <span class='ocrx_word' id='word_1_154' title='bbox 1440 2195 1736 2257; x_wconf 91' lang='lat' dir='ltr'>Lucilium</span> <span class='ocrx_word' id='word_1_155' title='bbox 1785 2195 1997 2256; x_wconf 88' lang='lat' dir='ltr'>scribit</span> <span class='ocrx_word' id='word_1_156' title='bbox 2033 2195 2131 2269; x_wconf 82' lang='lat' dir='ltr'>(X</span> <span class='ocrx_word' id='word_1_157' title='bbox 2142 2196 2195 2255; x_wconf 88' lang='lat' dir='ltr'><em>V</em></span> <span class='ocrx_word' id='word_1_158' title='bbox 2236 2195 2273 2254; x_wconf 89' lang='lat'><em>1</em></span> <span class='ocrx_word' id='word_1_159' title='bbox 2312 2191 2482 2276; x_wconf 84' lang='lat'><em>[93],</em></span> <span class='ocrx_word' id='word_1_160' title='bbox 2514 2196 2661 2269; x_wconf 85' lang='lat'><em>11).-</em></span> 
     </span>
     <span class='ocr_line' id='line_1_19' title="bbox 349 2292 2655 2371; baseline 0.001 -19"><span class='ocrx_word' id='word_1_161' title='bbox 349 2303 408 2352; x_wconf 83' lang='lat' dir='ltr'>et</span> <span class='ocrx_word' id='word_1_162' title='bbox 439 2310 796 2369; x_wconf 84' lang='lat' dir='ltr'>paucorum</span> <span class='ocrx_word' id='word_1_163' title='bbox 839 2313 1128 2355; x_wconf 74' lang='lat' dir='ltr'>uersuum</span> <span class='ocrx_word' id='word_1_164' title='bbox 1173 2297 1330 2356; x_wconf 83' lang='lat' dir='ltr'>liber</span> <span class='ocrx_word' id='word_1_165' title='bbox 1375 2303 1463 2355; x_wconf 79' lang='lat' dir='ltr'>est</span> <span class='ocrx_word' id='word_1_166' title='bbox 1510 2292 1944 2371; x_wconf 86' lang='lat' dir='ltr'>[Metronactis]</span> <span class='ocrx_word' id='word_1_167' title='bbox 1994 2301 2054 2354; x_wconf 84' lang='lat' dir='ltr'>et</span> <span class='ocrx_word' id='word_1_168' title='bbox 2098 2295 2341 2369; x_wconf 80' lang='lat' dir='ltr'>quidem</span> <span class='ocrx_word' id='word_1_169' title='bbox 2396 2297 2655 2356; x_wconf 82' lang='lat' dir='ltr'>laudan·</span> 
     </span>
     <span class='ocr_line' id='line_1_20' title="bbox 349 2392 2659 2467; baseline 0.002 -17"><span class='ocrx_word' id='word_1_170' title='bbox 349 2392 464 2450; x_wconf 74' lang='lat' dir='ltr'>dus</span> <span class='ocrx_word' id='word_1_171' title='bbox 520 2399 707 2466; x_wconf 79' lang='lat' dir='ltr'>atque</span> <span class='ocrx_word' id='word_1_172' title='bbox 760 2395 944 2453; x_wconf 79' lang='lat' dir='ltr'>utilis.</span> <span class='ocrx_word' id='word_1_173' title='bbox 1020 2395 1274 2453; x_wconf 83' lang='lat' dir='ltr'>annales</span> <span class='ocrx_word' id='word_1_174' title='bbox 1327 2392 1579 2453; x_wconf 73' lang='lat' dir='ltr'>Tanusii</span> <span class='ocrx_word' id='word_1_175' title='bbox 1632 2396 1755 2452; x_wconf 77' lang='lat' dir='ltr'>scis</span> <span class='ocrx_word' id='word_1_176' title='bbox 1809 2409 1991 2467; x_wconf 81' lang='lat' dir='ltr'>quam</span> <span class='ocrx_word' id='word_1_177' title='bbox 2031 2393 2376 2467; x_wconf 78' lang='lat' dir='ltr'>ponderosi</span> <span class='ocrx_word' id='word_1_178' title='bbox 2424 2395 2550 2453; x_wconf 79' lang='lat' dir='ltr'>sint</span> <span class='ocrx_word' id='word_1_179' title='bbox 2598 2401 2659 2454; x_wconf 86' lang='lat' dir='ltr'>et</span> 
     </span>
     <span class='ocr_line' id='line_1_21' title="bbox 346 2491 2657 2565; baseline 0.002 -17"><span class='ocrx_word' id='word_1_180' title='bbox 346 2491 500 2562; x_wconf 76' lang='lat' dir='ltr'>quid</span> <span class='ocrx_word' id='word_1_181' title='bbox 543 2499 858 2550; x_wconf 80' lang='lat' dir='ltr'>nocentur.</span> <span class='ocrx_word' id='word_1_182' title='bbox 931 2492 1050 2550; x_wconf 78' lang='lat' dir='ltr'>hoc</span> <span class='ocrx_word' id='word_1_183' title='bbox 1096 2499 1184 2550; x_wconf 79' lang='lat' dir='ltr'>est</span> <span class='ocrx_word' id='word_1_184' title='bbox 1229 2495 1362 2551; x_wconf 79' lang='lat' dir='ltr'>uita</span> <span class='ocrx_word' id='word_1_185' title='bbox 1407 2493 1795 2564; x_wconf 81' lang='lat' dir='ltr'>quorundam</span> <span class='ocrx_word' id='word_1_186' title='bbox 1850 2492 2035 2565; x_wconf 72' lang='lat' dir='ltr'>lonya</span> <span class='ocrx_word' id='word_1_187' title='bbox 2084 2497 2142 2550; x_wconf 86' lang='lat' dir='ltr'>et</span> <span class='ocrx_word' id='word_1_188' title='bbox 2187 2491 2355 2565; x_wconf 81' lang='lat' dir='ltr'>quod</span> <span class='ocrx_word' id='word_1_189' title='bbox 2403 2491 2657 2552; x_wconf 74' lang='lat' dir='ltr'>Tanusii</span> 
     </span>
     <span class='ocr_line' id='line_1_22' title="bbox 341 2585 2651 2666; baseline 0.001 -20"><span class='ocrx_word' id='word_1_190' title='bbox 341 2590 626 2661; x_wconf 79' lang='lat' dir='ltr'>sequitur</span> <span class='ocrx_word' id='word_1_191' title='bbox 672 2591 940 2648; x_wconf 57' lang='lat' dir='ltr'>annales</span> <span class='ocrx_word' id='word_1_192' title='bbox 1013 2586 1172 2647; x_wconf 90' lang='lat' dir='ltr'>unde</span> <span class='ocrx_word' id='word_1_193' title='bbox 1221 2605 1323 2648; x_wconf 91' lang='lat' dir='ltr'>eos</span> <span class='ocrx_word' id='word_1_194' title='bbox 1370 2598 1615 2666; x_wconf 90' lang='lat' dir='ltr'>propter</span> <span class='ocrx_word' id='word_1_195' title='bbox 1662 2585 2082 2647; x_wconf 89' lang='lat' dir='ltr'>abundantiam</span> <span class='ocrx_word' id='word_1_196' title='bbox 2127 2586 2452 2648; x_wconf 88' lang='lat' dir='ltr'>uerborum</span> <span class='ocrx_word' id='word_1_197' title='bbox 2501 2589 2651 2648; x_wconf 90' lang='lat' dir='ltr'>male</span> 
     </span>
     <span class='ocr_line' id='line_1_23' title="bbox 343 2682 2651 2764; baseline 0.001 -20"><span class='ocrx_word' id='word_1_198' title='bbox 343 2682 584 2745; x_wconf 85' lang='lat' dir='ltr'>audisse</span> <span class='ocrx_word' id='word_1_199' title='bbox 627 2687 1058 2763; x_wconf 86' lang='lat' dir='ltr'>cognoscimus.</span> <span class='ocrx_word' id='word_1_200' title='bbox 1125 2687 1371 2764; x_wconf 90' lang='lat' dir='ltr'>opponit</span> <span class='ocrx_word' id='word_1_201' title='bbox 1408 2687 1570 2746; x_wconf 90' lang='lat' dir='ltr'>enim</span> <span class='ocrx_word' id='word_1_202' title='bbox 1607 2684 1989 2744; x_wconf 87' lang='lat' dir='ltr'>Metronactis</span> <span class='ocrx_word' id='word_1_203' title='bbox 2028 2685 2365 2764; x_wconf 89' lang='lat' dir='ltr'>philosophi</span> <span class='ocrx_word' id='word_1_204' title='bbox 2402 2684 2651 2747; x_wconf 88' lang='lat' dir='ltr'>breuem</span> 
     </span>
     <span class='ocr_line' id='line_1_24' title="bbox 343 2781 2649 2862; baseline 0.001 -20"><span class='ocrx_word' id='word_1_205' title='bbox 343 2781 714 2862; x_wconf 85' lang='lat' dir='ltr'>eandemque</span> <span class='ocrx_word' id='word_1_206' title='bbox 762 2783 1126 2844; x_wconf 82' lang='lat' dir='ltr'>fructuosam</span> <span class='ocrx_word' id='word_1_207' title='bbox 1173 2785 1360 2844; x_wconf 90' lang='lat' dir='ltr'>uitam</span> <span class='ocrx_word' id='word_1_208' title='bbox 1406 2783 1659 2843; x_wconf 91' lang='lat' dir='ltr'>aliorum</span> <span class='ocrx_word' id='word_1_209' title='bbox 1707 2782 1914 2860; x_wconf 79' lang='lat' dir='ltr'>longae</span> <span class='ocrx_word' id='word_1_210' title='bbox 1954 2789 2015 2842; x_wconf 92' lang='lat' dir='ltr'>et</span> <span class='ocrx_word' id='word_1_211' title='bbox 2052 2783 2449 2861; x_wconf 83' lang='lat' dir='ltr'>reprehensae</span> <span class='ocrx_word' id='word_1_212' title='bbox 2491 2802 2649 2844; x_wconf 90' lang='lat' dir='ltr'>com-</span> 
     </span>
     <span class='ocr_line' id='line_1_25' title="bbox 338 2880 2649 2960; baseline 0.001 -20"><span class='ocrx_word' id='word_1_213' title='bbox 338 2889 632 2959; x_wconf 86' lang='lat' dir='ltr'>paratque</span> <span class='ocrx_word' id='word_1_214' title='bbox 707 2880 858 2940; x_wconf 88' lang='lat' dir='ltr'>hanc</span> <span class='ocrx_word' id='word_1_215' title='bbox 931 2899 1069 2942; x_wconf 91' lang='lat' dir='ltr'>cum</span> <span class='ocrx_word' id='word_1_216' title='bbox 1141 2881 1311 2942; x_wconf 92' lang='lat' dir='ltr'>libris</span> <span class='ocrx_word' id='word_1_217' title='bbox 1382 2881 1594 2960; x_wconf 90' lang='lat' dir='ltr'>amplis</span> <span class='ocrx_word' id='word_1_218' title='bbox 1669 2880 2113 2960; x_wconf 81' lang='lat' dir='ltr'>multorumque</span> <span class='ocrx_word' id='word_1_219' title='bbox 2177 2882 2649 2959; x_wconf 89' lang='lat' dir='ltr'>uituperationes</span> 
     </span>
     <span class='ocr_line' id='line_1_26' title="bbox 341 2979 626 3056; baseline -0.004 -18"><span class='ocrx_word' id='word_1_220' title='bbox 341 2979 626 3056; x_wconf 71' lang='lat' dir='ltr'>expertis</span> 
     </span>
    </p>

    <p class='ocr_par' dir='ltr' id='par_1_4' title="bbox 333 3073 2646 4136">
     <span class='ocr_line' id='line_1_27' title="bbox 521 3073 2646 3154; baseline 0.001 -18"><span class='ocrx_word' id='word_1_221' title='bbox 521 3077 700 3154; x_wconf 86' lang='lat' dir='ltr'>Atqui</span> <span class='ocrx_word' id='word_1_222' title='bbox 756 3076 1019 3138; x_wconf 89' lang='lat' dir='ltr'>Catullus</span> <span class='ocrx_word' id='word_1_223' title='bbox 1075 3097 1123 3138; x_wconf 91' lang='lat' dir='ltr'>c.</span> <span class='ocrx_word' id='word_1_224' title='bbox 1163 3073 1248 3138; x_wconf 85' lang='lat'>36</span> <span class='ocrx_word' id='word_1_225' title='bbox 1317 3077 1516 3138; x_wconf 89' lang='lat' dir='ltr'>Volusi</span> <span class='ocrx_word' id='word_1_226' title='bbox 1581 3077 1891 3138; x_wconf 86' lang='lat' dir='ltr'>cuiusdam</span> <span class='ocrx_word' id='word_1_227' title='bbox 1956 3076 2198 3136; x_wconf 88' lang='lat' dir='ltr'>annales</span> <span class='ocrx_word' id='word_1_228' title='bbox 2263 3075 2646 3139; x_wconf 88' lang='lat' dir='ltr'>acerbissime</span> 
     </span>
     <span class='ocr_line' id='line_1_28' title="bbox 337 3171 2644 3255; baseline 0.002 -22"><span class='ocrx_word' id='word_1_229' title='bbox 337 3174 571 3235; x_wconf 85' lang='lat' dir='ltr'>irridet.</span> <span class='ocrx_word' id='word_1_230' title='bbox 645 3174 860 3236; x_wconf 90' lang='lat' dir='ltr'>Lesbia</span> <span class='ocrx_word' id='word_1_231' title='bbox 907 3177 1086 3255; x_wconf 89' lang='lat' dir='ltr'>enim,</span> <span class='ocrx_word' id='word_1_232' title='bbox 1133 3179 1186 3236; x_wconf 89' lang='lat' dir='ltr'>si</span> <span class='ocrx_word' id='word_1_233' title='bbox 1229 3185 1406 3255; x_wconf 90' lang='lat' dir='ltr'>poeta</span> <span class='ocrx_word' id='word_1_234' title='bbox 1453 3194 1656 3237; x_wconf 90' lang='lat' dir='ltr'>secum</span> <span class='ocrx_word' id='word_1_235' title='bbox 1706 3173 2124 3236; x_wconf 89' lang='lat' dir='ltr'>reconciliatus</span> <span class='ocrx_word' id='word_1_236' title='bbox 2172 3183 2347 3252; x_wconf 89' lang='lat' dir='ltr'>esset,</span> <span class='ocrx_word' id='word_1_237' title='bbox 2387 3171 2644 3237; x_wconf 79' lang='lat' dir='ltr'>‘electis-</span> 
     </span>
     <span class='ocr_line' id='line_1_29' title="bbox 337 3269 2644 3354; baseline 0.001 -22"><span class='ocrx_word' id='word_1_238' title='bbox 337 3275 489 3333; x_wconf 86' lang='lat' dir='ltr'>sima</span> <span class='ocrx_word' id='word_1_239' title='bbox 545 3275 796 3351; x_wconf 90' lang='lat' dir='ltr'>pessimi</span> <span class='ocrx_word' id='word_1_240' title='bbox 847 3283 1056 3352; x_wconf 88' lang='lat' dir='ltr'>poetae</span> <span class='ocrx_word' id='word_1_241' title='bbox 1114 3269 1370 3354; x_wconf 91' lang='lat' dir='ltr'>scripta&#39;</span> <span class='ocrx_word' id='word_1_242' title='bbox 1415 3276 1540 3353; x_wconf 84' lang='lat' dir='ltr'>igni</span> <span class='ocrx_word' id='word_1_243' title='bbox 1599 3293 1665 3334; x_wconf 91' lang='lat' dir='ltr'>se</span> <span class='ocrx_word' id='word_1_244' title='bbox 1715 3272 1984 3335; x_wconf 90' lang='lat' dir='ltr'>daturam</span> <span class='ocrx_word' id='word_1_245' title='bbox 2032 3290 2163 3334; x_wconf 89' lang='lat' dir='ltr'>esse</span> <span class='ocrx_word' id='word_1_246' title='bbox 2211 3281 2479 3352; x_wconf 88' lang='lat' dir='ltr'>uouerat,</span> <span class='ocrx_word' id='word_1_247' title='bbox 2526 3293 2644 3354; x_wconf 89' lang='lat' dir='ltr'>quo</span> 
     </span>
     <span class='ocr_line' id='line_1_30' title="bbox 336 3369 2643 3451; baseline 0.001 -21"><span class='ocrx_word' id='word_1_248' title='bbox 336 3369 580 3450; x_wconf 87' lang='lat' dir='ltr'>quidem</span> <span class='ocrx_word' id='word_1_249' title='bbox 645 3379 787 3432; x_wconf 88' lang='lat' dir='ltr'>uoto</span> <span class='ocrx_word' id='word_1_250' title='bbox 851 3373 1042 3450; x_wconf 90' lang='lat' dir='ltr'>ipsius</span> <span class='ocrx_word' id='word_1_251' title='bbox 1104 3370 1318 3432; x_wconf 90' lang='lat' dir='ltr'>Catulli</span> <span class='ocrx_word' id='word_1_252' title='bbox 1382 3389 1492 3451; x_wconf 91' lang='lat' dir='ltr'>per</span> <span class='ocrx_word' id='word_1_253' title='bbox 1554 3373 1753 3432; x_wconf 88' lang='lat' dir='ltr'>iocum</span> <span class='ocrx_word' id='word_1_254' title='bbox 1818 3371 2275 3450; x_wconf 87' lang='lat' dir='ltr'>significauerat.</span> <span class='ocrx_word' id='word_1_255' title='bbox 2378 3369 2643 3432; x_wconf 91' lang='lat' dir='ltr'>Catullus</span> 
     </span>
     <span class='ocr_line' id='line_1_31' title="bbox 337 3469 2641 3551; baseline 0.001 -23"><span class='ocrx_word' id='word_1_256' title='bbox 337 3477 536 3530; x_wconf 86' lang='lat' dir='ltr'>autem</span> <span class='ocrx_word' id='word_1_257' title='bbox 565 3503 650 3511; x_wconf 92' lang='lat'>-—</span> <span class='ocrx_word' id='word_1_258' title='bbox 682 3488 753 3530; x_wconf 90' lang='lat' dir='ltr'>eo</span> <span class='ocrx_word' id='word_1_259' title='bbox 802 3472 961 3530; x_wconf 90' lang='lat' dir='ltr'>enim</span> <span class='ocrx_word' id='word_1_260' title='bbox 1009 3470 1254 3531; x_wconf 79' lang='lat' dir='ltr'>facetiae</span> <span class='ocrx_word' id='word_1_261' title='bbox 1302 3469 1450 3530; x_wconf 91' lang='lat' dir='ltr'>mihi</span> <span class='ocrx_word' id='word_1_262' title='bbox 1488 3469 1687 3530; x_wconf 89' lang='lat' dir='ltr'>redire</span> <span class='ocrx_word' id='word_1_263' title='bbox 1724 3469 2010 3530; x_wconf 90' lang='lat' dir='ltr'>uidentur</span> <span class='ocrx_word' id='word_1_264' title='bbox 2038 3503 2121 3511; x_wconf 92' lang='lat'>—</span> <span class='ocrx_word' id='word_1_265' title='bbox 2154 3471 2234 3530; x_wconf 88' lang='lat' dir='ltr'>ita</span> <span class='ocrx_word' id='word_1_266' title='bbox 2274 3487 2399 3530; x_wconf 90' lang='lat' dir='ltr'>rem</span> <span class='ocrx_word' id='word_1_267' title='bbox 2438 3473 2641 3551; x_wconf 84' lang='lat' dir='ltr'>uertit,</span> 
     </span>
     <span class='ocr_line' id='line_1_32' title="bbox 334 3565 2639 3646; baseline 0.001 -20"><span class='ocrx_word' id='word_1_268' title='bbox 334 3575 402 3626; x_wconf 89' lang='lat' dir='ltr'>ut</span> <span class='ocrx_word' id='word_1_269' title='bbox 444 3585 556 3646; x_wconf 92' lang='lat' dir='ltr'>pro</span> <span class='ocrx_word' id='word_1_270' title='bbox 605 3569 732 3627; x_wconf 86' lang='lat' dir='ltr'>suis</span> <span class='ocrx_word' id='word_1_271' title='bbox 779 3567 1021 3628; x_wconf 90' lang='lat' dir='ltr'>annales</span> <span class='ocrx_word' id='word_1_272' title='bbox 1061 3567 1276 3646; x_wconf 86' lang='lat' dir='ltr'>Volusi,</span> <span class='ocrx_word' id='word_1_273' title='bbox 1319 3565 1604 3628; x_wconf 81' lang='lat' dir='ltr'>‘cacatam</span> <span class='ocrx_word' id='word_1_274' title='bbox 1653 3568 1935 3645; x_wconf 88' lang='lat' dir='ltr'>chartam,</span> <span class='ocrx_word' id='word_1_275' title='bbox 1982 3565 2189 3645; x_wconf 89' lang='lat' dir='ltr'>plenos</span> <span class='ocrx_word' id='word_1_276' title='bbox 2236 3570 2398 3628; x_wconf 87' lang='lat' dir='ltr'>ruris</span> <span class='ocrx_word' id='word_1_277' title='bbox 2445 3576 2506 3629; x_wconf 91' lang='lat' dir='ltr'>et</span> <span class='ocrx_word' id='word_1_278' title='bbox 2550 3571 2639 3629; x_wconf 93' lang='lat' dir='ltr'>in-</span> 
     </span>
     <span class='ocr_line' id='line_1_33' title="bbox 335 3660 2637 3745; baseline 0.002 -23"><span class='ocrx_word' id='word_1_279' title='bbox 335 3660 703 3726; x_wconf 82' lang='lat' dir='ltr'>ficetiarum&#39;</span> <span class='ocrx_word' id='word_1_280' title='bbox 729 3665 988 3726; x_wconf 85' lang='lat' dir='ltr'>Vulcano</span> <span class='ocrx_word' id='word_1_281' title='bbox 1023 3665 1234 3744; x_wconf 87' lang='lat' dir='ltr'>tradat,</span> <span class='ocrx_word' id='word_1_282' title='bbox 1264 3683 1440 3745; x_wconf 89' lang='lat' dir='ltr'>quem</span> <span class='ocrx_word' id='word_1_283' title='bbox 1479 3673 1718 3745; x_wconf 90' lang='lat' dir='ltr'>poetam</span> <span class='ocrx_word' id='word_1_284' title='bbox 1756 3673 2212 3726; x_wconf 89' lang='lat' dir='ltr'>conterraneum</span> <span class='ocrx_word' id='word_1_285' title='bbox 2254 3668 2432 3726; x_wconf 83' lang='lat' dir='ltr'>etiam</span> <span class='ocrx_word' id='word_1_286' title='bbox 2472 3685 2521 3726; x_wconf 89' lang='lat' dir='ltr'>c.</span> <span class='ocrx_word' id='word_1_287' title='bbox 2553 3663 2637 3728; x_wconf 84' lang='lat'>95</span> 
     </span>
     <span class='ocr_line' id='line_1_34' title="bbox 335 3756 2637 3848; baseline 0.002 -27"><span class='ocrx_word' id='word_1_288' title='bbox 335 3763 691 3840; x_wconf 84' lang='lat' dir='ltr'>insequitur,</span> <span class='ocrx_word' id='word_1_289' title='bbox 737 3761 842 3824; x_wconf 91' lang='lat' dir='ltr'>ubi</span> <span class='ocrx_word' id='word_1_290' title='bbox 889 3782 1008 3824; x_wconf 92' lang='lat' dir='ltr'>non</span> <span class='ocrx_word' id='word_1_291' title='bbox 1052 3763 1208 3824; x_wconf 89' lang='lat' dir='ltr'>ultra</span> <span class='ocrx_word' id='word_1_292' title='bbox 1254 3763 1516 3824; x_wconf 88' lang='lat' dir='ltr'>Paduam</span> <span class='ocrx_word' id='word_1_293' title='bbox 1555 3756 1623 3846; x_wconf 89' lang='lat' dir='ltr'>(i.</span> <span class='ocrx_word' id='word_1_294' title='bbox 1655 3782 1706 3824; x_wconf 90' lang='lat' dir='ltr'>e.</span> <span class='ocrx_word' id='word_1_295' title='bbox 1737 3765 1958 3824; x_wconf 89' lang='lat' dir='ltr'>ostium</span> <span class='ocrx_word' id='word_1_296' title='bbox 1995 3757 2169 3848; x_wconf 89' lang='lat' dir='ltr'>Padi)</span> <span class='ocrx_word' id='word_1_297' title='bbox 2218 3765 2349 3824; x_wconf 89' lang='lat' dir='ltr'>eius</span> <span class='ocrx_word' id='word_1_298' title='bbox 2396 3764 2637 3825; x_wconf 87' lang='lat' dir='ltr'>annales</span> 
     </span>
     <span class='ocr_line' id='line_1_35' title="bbox 333 3860 2635 3941; baseline 0.002 -22"><span class='ocrx_word' id='word_1_299' title='bbox 333 3867 726 3939; x_wconf 87' lang='lat' dir='ltr'>propagatum</span> <span class='ocrx_word' id='word_1_300' title='bbox 781 3863 857 3920; x_wconf 88' lang='lat' dir='ltr'>iri</span> <span class='ocrx_word' id='word_1_301' title='bbox 913 3863 1356 3941; x_wconf 88' lang='lat' dir='ltr'>amicturosque</span> <span class='ocrx_word' id='word_1_302' title='bbox 1420 3860 1725 3923; x_wconf 90' lang='lat' dir='ltr'>scombros</span> <span class='ocrx_word' id='word_1_303' title='bbox 1785 3863 2149 3922; x_wconf 89' lang='lat' dir='ltr'>uaticinatur</span> <span class='ocrx_word' id='word_1_304' title='bbox 2193 3862 2635 3923; x_wconf 79' lang='lat' dir='ltr'>Antimachum·</span> 
     </span>
     <span class='ocr_line' id='line_1_36' title="bbox 334 3956 2633 4042; baseline 0.002 -24"><span class='ocrx_word' id='word_1_305' title='bbox 334 3975 448 4035; x_wconf 91' lang='lat' dir='ltr'>que</span> <span class='ocrx_word' id='word_1_306' title='bbox 506 3956 802 4018; x_wconf 87' lang='lat' dir='ltr'>tumidum</span> <span class='ocrx_word' id='word_1_307' title='bbox 855 3968 1103 4038; x_wconf 90' lang='lat' dir='ltr'>propter</span> <span class='ocrx_word' id='word_1_308' title='bbox 1147 3959 1574 4020; x_wconf 89' lang='lat' dir='ltr'>uerbositatem</span> <span class='ocrx_word' id='word_1_309' title='bbox 1622 3977 1760 4020; x_wconf 92' lang='lat' dir='ltr'>eum</span> <span class='ocrx_word' id='word_1_310' title='bbox 1808 3958 2081 4038; x_wconf 87' lang='lat' dir='ltr'>appellat.</span> <span class='ocrx_word' id='word_1_311' title='bbox 2164 3959 2305 4020; x_wconf 89' lang='lat' dir='ltr'>hinc</span> <span class='ocrx_word' id='word_1_312' title='bbox 2350 3959 2633 4042; x_wconf 81' lang='lat' dir='ltr'>MuretuS,</span> 
     </span>
     <span class='ocr_line' id='line_1_37' title="bbox 335 4053 2633 4136; baseline 0.002 -21"><span class='ocrx_word' id='word_1_313' title='bbox 335 4053 624 4135; x_wconf 82' lang='lat' dir='ltr'>Hauptius</span> <span class='ocrx_word' id='word_1_314' title='bbox 683 4057 719 4130; x_wconf 90' lang='lat'><em>(</em></span> <span class='ocrx_word' id='word_1_315' title='bbox 717 4059 754 4116; x_wconf 86' lang='grc'>1.</span> <span class='ocrx_word' id='word_1_316' title='bbox 793 4060 890 4136; x_wconf 58' lang='lat' dir='ltr'>a),</span> <span class='ocrx_word' id='word_1_317' title='bbox 943 4056 1011 4118; x_wconf 87' lang='lat' dir='ltr'>R.</span> <span class='ocrx_word' id='word_1_318' title='bbox 1060 4057 1257 4136; x_wconf 81' lang='lat' dir='ltr'>Vnger</span> <span class='ocrx_word' id='word_1_319' title='bbox 1303 4053 1462 4131; x_wconf 80' lang='lat' dir='ltr'>(‘De</span> <span class='ocrx_word' id='word_1_320' title='bbox 1515 4059 1661 4119; x_wconf 82' lang='lat' dir='ltr'>Tan.</span> <span class='ocrx_word' id='word_1_321' title='bbox 1708 4059 1772 4118; x_wconf 79' lang='lat' dir='ltr'>G.</span> <span class='ocrx_word' id='word_1_322' title='bbox 1812 4059 2131 4118; x_wconf 78' lang='lat' dir='ltr'>annalium</span> <span class='ocrx_word' id='word_1_323' title='bbox 2185 4055 2512 4134; x_wconf 81' lang='lat' dir='ltr'>scriptore’</span> <span class='ocrx_word' id='word_1_324' title='bbox 2570 4065 2633 4121; x_wconf 81' lang='lat' dir='ltr'>in</span> 
     </span>
    </p>
   </div>
   <div class='ocr_carea' id='block_1_4' title="bbox 365 4245 2631 4382">
    <p class='ocr_par' dir='ltr' id='par_1_5' title="bbox 365 4245 2631 4382">
     <span class='ocr_line' id='line_1_38' title="bbox 513 4245 2631 4317; baseline 0.002 -19"><span class='ocrx_word' id='word_1_325' title='bbox 513 4248 564 4308; x_wconf 86' lang='lat'>1)</span> <span class='ocrx_word' id='word_1_326' title='bbox 600 4245 688 4298; x_wconf 76' lang='lat' dir='ltr'>Fr.</span> <span class='ocrx_word' id='word_1_327' title='bbox 720 4251 772 4312; x_wconf 83' lang='lat'>4,</span> <span class='ocrx_word' id='word_1_328' title='bbox 811 4245 860 4300; x_wconf 83' lang='lat' dir='ltr'>si</span> <span class='ocrx_word' id='word_1_329' title='bbox 897 4247 986 4300; x_wconf 73' lang='lat' dir='ltr'>est</span> <span class='ocrx_word' id='word_1_330' title='bbox 1020 4245 1255 4300; x_wconf 74' lang='lat' dir='ltr'>Tanusii</span> <span class='ocrx_word' id='word_1_331' title='bbox 1293 4249 1425 4316; x_wconf 89' lang='lat' dir='ltr'>(non</span> <span class='ocrx_word' id='word_1_332' title='bbox 1463 4245 1647 4317; x_wconf 79' lang='lat' dir='ltr'>cingii</span> <span class='ocrx_word' id='word_1_333' title='bbox 1684 4246 1777 4302; x_wconf 87' lang='lat' dir='ltr'>uel</span> <span class='ocrx_word' id='word_1_334' title='bbox 1816 4245 2036 4316; x_wconf 88' lang='lat' dir='ltr'>Cincii),</span> <span class='ocrx_word' id='word_1_335' title='bbox 2075 4245 2303 4300; x_wconf 78' lang='lat' dir='ltr'>uidetur</span> <span class='ocrx_word' id='word_1_336' title='bbox 2346 4247 2405 4301; x_wconf 90' lang='lat' dir='ltr'>in</span> <span class='ocrx_word' id='word_1_337' title='bbox 2452 4251 2631 4302; x_wconf 77' lang='lat' dir='ltr'>trans-</span> 
     </span>
     <span class='ocr_line' id='line_1_39' title="bbox 365 4325 1605 4382; baseline 0.005 -6"><span class='ocrx_word' id='word_1_338' title='bbox 365 4341 498 4380; x_wconf 76' lang='lat' dir='ltr'>ursu</span> <span class='ocrx_word' id='word_1_339' title='bbox 534 4325 918 4379; x_wconf 78' lang='lat' dir='ltr'>nundinarum</span> <span class='ocrx_word' id='word_1_340' title='bbox 954 4325 1295 4380; x_wconf 81' lang='lat' dir='ltr'>mentionem</span> <span class='ocrx_word' id='word_1_341' title='bbox 1329 4325 1605 4382; x_wconf 85' lang='lat' dir='ltr'>iniecisse.</span> 
     </span>
    </p>
   </div>
   <div class='ocr_carea' id='block_1_5' title="bbox 435 4415 2200 4487">
    <p class='ocr_par' dir='ltr' id='par_1_6' title="bbox 435 4415 2200 4487">
     <span class='ocr_line' id='line_1_40' title="bbox 435 4415 2200 4487; baseline 0.002 -14"><span class='ocrx_word' id='word_1_342' title='bbox 435 4433 556 4474; x_wconf 68' lang='lat' dir='ltr'>Eiet.</span> <span class='ocrx_word' id='word_1_343' title='bbox 584 4433 716 4474; x_wconf 78' lang='lat' dir='ltr'>Rom.</span> <span class='ocrx_word' id='word_1_344' title='bbox 743 4434 906 4487; x_wconf 80' lang='lat' dir='ltr'>reLH,</span> <span class='ocrx_word' id='word_1_345' title='bbox 935 4436 1005 4475; x_wconf 82' lang='lat' dir='ltr'>ed.</span> <span class='ocrx_word' id='word_1_346' title='bbox 1031 4433 1212 4476; x_wconf 80' lang='lat' dir='ltr'>Peter.</span> <span class='ocrx_word' id='word_1_347' title='bbox 2150 4415 2200 4469; x_wconf 80' lang='lat' dir='ltr'><strong>V</strong></span> 
     </span>
    </p>
   </div>
  </div>
 </body>
</html>
