3234 5034
603 296 801 343 xxxx
1096 274 1193 328 DE
1233 273 1699 331 SCRIPTORVM
1734 274 1923 331 VITIS
1960 273 2055 329 ΕΤ
2092 272 2407 329 SCRIPTIS

605 444 703 513 hic
768 442 1074 522 colligere,
1140 461 1289 523 quae
1357 442 1430 503 de
1492 444 1616 504 uita
1682 461 1789 504 sua
1839 442 2159 506 Varronem
2226 441 2539 503 tradidisse
2604 443 2909 521 cognitum

605 540 978 621 haberemus,
1027 540 1133 602 sed
1180 542 1294 601 etsi
1340 541 1627 621 quaedam
1674 544 1735 602 in
1784 540 1955 601 libris
1998 540 2119 601 illis
2166 541 2360 602 locum
2408 559 2581 602 suum
2627 538 2909 601 habuisse

605 639 1017 719 concedimus»,
1073 638 1372 701 noluimus
1429 638 1582 700 hanc
1628 658 1868 720 operam
1914 638 2233 701 admodum
2276 639 2670 723 periculosam
2719 640 2908 699 susci-

603 755 766 817 pere,
814 738 1092 817 quoniam
1139 736 1394 798 libenter
1441 756 1577 799 eum
1625 740 1935 799 occasione
1982 741 2141 799 uitae
2180 756 2321 799 suae
2360 736 2909 799 commemorandae

606 837 671 895 in
720 835 852 897 aliis
898 834 1068 897 libris
1115 854 1290 903 usum
1337 854 1470 897 esse
1517 843 1765 897 constat.
1813 838 2011 915 itaque
2056 855 2126 897 ea
2172 836 2498 917 supersedi.

1312 1244 1849 1320 CORNELIVS
1904 1246 2214 1321 NEPOS

784 1425 870 1487 De
917 1424 1177 1487 Cornelii
1222 1424 1468 1505 Nepotis
1513 1426 1637 1487 uita
1685 1428 1813 1488 siue
1853 1426 1924 1486 ab
1960 1428 2092 1506 ipso
2131 1428 2260 1487 siue
2299 1426 2371 1487 ab
2410 1426 2541 1488 aliis
2578 1427 2726 1487 haec
2774 1434 2917 1488 sunt

609 1526 929 1586 memoriae
975 1523 1225 1603 prodita.
1298 1523 1443 1585 Padi
1489 1543 1626 1585 eum
1676 1524 1933 1585 accolam
1981 1525 2166 1586 fuisse
2216 1526 2401 1598 (Ptin.
2432 1544 2489 1586 n.
2519 1528 2574 1586 h.
2608 1526 2723 1587 III
2752 1526 2911 1599 127)

608 1625 1091 1703 municipemque
1138 1622 1203 1682 T.
1244 1620 1394 1683 Catii
1439 1622 1710 1683 Insubris
1758 1624 1946 1697 (Plin.
1983 1643 2072 1701 ep.
2114 1624 2219 1685 IV
2246 1623 2349 1699 28,
2382 1624 2439 1685 1.
2496 1624 2618 1685 Cic.
2648 1626 2735 1685 ad
2762 1623 2913 1701 fam.

609 1724 680 1783 X
688 1723 740 1783 V
772 1722 874 1797 16,
906 1722 963 1797 1,
1002 1738 1076 1781 ex
1113 1720 1330 1800 quibus
1367 1721 1725 1782 testimoniis
1763 1723 2097 1783 coniunctis
2125 1720 2333 1782 Ticino
2372 1740 2507 1784 eum
2544 1729 2741 1783 ortum
2780 1740 2913 1782 esse

610 1819 937 1881 Mommsen
982 1818 1235 1898 collegit,
1282 1820 1486 1881 Herm.
1518 1820 1563 1880 3
1589 1838 1656 1895 p.
1697 1820 1830 1895 62),
1869 1820 1998 1880 eius
2045 1826 2233 1880 aetate
2271 1819 2581 1881 Eudoxum
2620 1819 2913 1899 quendam

609 1917 1010 1979 Ptolemaeum
1047 1916 1328 1997 Latyrum
1361 1908 1442 2000 (a.
1472 1912 1553 1979 81
1561 1911 1590 1998 s
1597 1912 1727 1978 673
1774 1911 2105 2002 mortuum)
2145 1918 2366 1997 fugisse
2414 1920 2715 1995 (Exempl.
2737 1919 2823 1996 fr.
2855 1919 2913 1979 6.

614 2017 770 2078 Ptin.
800 2035 859 2077 n.
887 2017 945 2076 h.
979 2016 1057 2075 II
1087 2015 1265 2091 169),
1312 2034 1360 2075 a.
1400 2008 1657 2095 65s689
1715 2014 2013 2076 audiuisse
2070 2015 2418 2077 Ciceronem
2473 2034 2585 2095 pro
2640 2015 2915 2077 Cornelio

615 2114 1019 2175 defensionem
1065 2120 1444 2193 perorantem
1483 2114 1603 2187 (De
1642 2117 1777 2174 uita
1822 2115 1943 2175 Cic.
1966 2114 2051 2191 fr.
2082 2114 2171 2189 2),
2220 2132 2290 2175 eo
2336 2116 2553 2175 iuuene
2572 2113 2915 2176 uiolaceam

613 2230 937 2293 purpuram
991 2212 1284 2290 uiguisse,
1339 2229 1456 2271 non
1516 2210 1701 2272 multo
1746 2219 1883 2290 post
1928 2212 2291 2272 successisse
2332 2208 2729 2292 Tarentinam,
2775 2212 2916 2272 huic

615 2308 927 2390 dibapham
974 2308 1236 2390 Tyriam,
1289 2328 1403 2389 qua
1447 2308 1510 2369 P.
1549 2307 1837 2370 Lentulus
1884 2308 2166 2388 Spinther
2220 2309 2428 2371 aedilis
2483 2309 2709 2371 curulis
2756 2304 2823 2392 (i.
2866 2329 2915 2371 e.

613 2428 662 2469 a.
704 2401 988 2493 (53s691)
1035 2408 1268 2487 primus
1321 2408 1385 2468 in
1441 2414 1746 2487 praetexta
1791 2425 1937 2469 usus
1985 2414 2144 2469 esset
2190 2410 2336 2483 (Ex.
2359 2409 2446 2486 fr.
2479 2406 2611 2487 18),
2660 2408 2915 2487 denique

615 2508 968 2585 scriptorem
1021 2505 1372 2567 historicum
1429 2504 1656 2566 clarum
1710 2504 1976 2567 habitum
2034 2523 2165 2567 esse
2213 2526 2261 2566 a.
2299 2499 2557 2586 40s714
2605 2508 2803 2580 (Hier.
2833 2510 2922 2567 ad

616 2624 672 2667 α.
711 2605 859 2666 Abr.
901 2604 1076 2664 1977
1109 2622 1177 2682 p.
1219 2605 1350 2665 139
1393 2605 1580 2683 Sela),
1637 2603 1833 2664 obisse
1892 2604 2016 2665 diui
2071 2603 2321 2683 Augusti
2375 2605 2711 2684 principatu
2769 2606 2916 2677 (Est.

610 2704 696 2781 fr.
737 2702 838 2763 18.
879 2703 1012 2779 19),
1051 2709 1212 2763 certe
1251 2710 1388 2782 post
1423 2701 1681 2763 Atticum
1720 2704 1875 2777 (uid.
1906 2703 2078 2780 infra
2104 2722 2171 2780 p.
2202 2722 2373 2763 xxxx
2384 2706 2557 2778 mn).
2614 2702 2685 2761 Vt
2720 2720 2919 2764 mores

616 2802 1004 2879 institutaque
1061 2819 1485 2880 cognoscamus
1494 2847 1513 2880 ,
1563 2798 1943 2860 exordiemur
1988 2819 2019 2860 a
2068 2799 2513 2880 consuetudine,
2560 2819 2735 2879 quam
2783 2820 2917 2861 cum

617 2898 681 2960 T.
729 2898 1050 2978 Pomponio
1097 2896 1318 2959 habuit.
1379 2904 1538 2959 totus
1586 2898 1745 2958 enim
1794 2904 1921 2958 erat
1966 2900 2029 2957 in
2078 2916 2147 2959 eo
2193 2897 2555 2978 admirando,
2604 2898 2921 2977 diligendo,

617 2996 927 3075 laudando,
974 3014 1109 3057 cum
1156 2998 1341 3056 uitam
1388 2997 1516 3057 eius
1565 2994 1879 3075 scribebat,
1926 3004 1993 3057 ut
2036 2998 2234 3057 minor
2279 2998 2342 3055 in
2389 2998 2613 3057 maiore
2660 2988 2920 3079 (Atticus

620 3116 667 3157 a.
713 3088 1008 3175 109s645
1055 3101 1232 3155 natus
1279 3088 1454 3179 erat),
1499 3094 1781 3173 idemque
1828 3095 1958 3156 eius
2014 3093 2351 3174 exemplum
2406 3096 2671 3155 imitatus
2717 3113 2748 3154 a
2796 3095 2921 3155 uita

617 3192 856 3274 publica
903 3211 966 3252 se
1015 3190 1302 3254 abstinuit
1346 3200 1405 3253 et
1453 3199 1653 3271 spreta
1691 3191 1974 3272 dignitate
2014 3194 2307 3253 senatoria
2336 3194 2521 3267 (Ptin.
2550 3212 2640 3270 ep.
2677 3194 2730 3251 V
2758 3192 2819 3267 3,
2849 3193 2917 3266 6)

619 3309 794 3353 omne
850 3298 1084 3369 tempus
1141 3291 1203 3350 in
1261 3308 1326 3350 re
1383 3289 1660 3351 familiari
1714 3290 1974 3351 curanda
2029 3290 2361 3370 litterisque
2413 3290 2735 3352 tractandis
2782 3310 2919 3351 con·

621 3390 889 3470 sumpsit.
964 3408 1080 3468 quo
1135 3406 1289 3449 anno
1345 3395 1542 3449 autem
1597 3388 1751 3449 hanc
1806 3390 2125 3449 amicitiam
2191 3390 2475 3468 iunxerit,
2541 3408 2657 3449 non
2718 3388 2922 3469 liquet,

622 3496 784 3549 certe
832 3486 1053 3565 aliquot
1099 3487 1270 3547 annis
1315 3494 1627 3566 postquam
1675 3486 1903 3547 Atticus
1939 3485 2185 3548 Athenis
2221 3486 2469 3547 Romam
2507 3504 2789 3548 reuersus
2832 3494 2925 3548 est

623 3579 704 3669 (a.
743 3577 1058 3668 65s689)‚
1123 3601 1317 3663 neque
1383 3587 1542 3645 enim
1607 3586 1942 3645 accuratius
2016 3587 2145 3646 eius
2218 3586 2505 3665 temporis
2570 3586 2926 3647 meminerat

625 3686 760 3757 (uit.
789 3683 912 3744 Ate.
942 3683 1003 3758 3,
1032 3684 1120 3755 5).
1194 3690 1320 3743 tum
1358 3699 1504 3743 uero
1542 3681 1770 3743 Atticus
1808 3700 1945 3743 eum
1984 3682 2227 3761 dignum
2264 3682 2567 3759 iudicauit,
2606 3684 2707 3761 qui
2746 3684 2923 3744 etiam

624 3779 854 3842 tabulas
899 3781 1144 3859 expensi
1191 3782 1517 3859 inspiceret
1553 3782 1634 3853 (c,
1667 3780 1769 3857 13,
1800 3782 1843 3841 6
1854 3783 1970 3856 sq.)
2008 3780 2405 3859 undecimque
2445 3780 2752 3841 Ciceronis
2800 3782 2925 3860 epi-

625 3879 914 3940 stularum
959 3876 1261 3941 uolumina
1299 3884 1565 3939 ceterum
1611 3879 1783 3939 anxie
1831 3885 2059 3939 secreta
2104 3878 2493 3957 perlustraret
2531 3880 2611 3953 (c.
2653 3879 2755 3939 16.
2803 3878 2926 3939 uid.

625 3977 812 4055 Brief
847 3980 912 4038 in
960 3978 1017 4037 d.
1054 3983 1202 4038 rom.
1243 3976 1383 4038 Litt.
1409 3995 1476 4053 p.
1515 3976 1598 4036 41
1619 3979 1794 4053 sqq).
1877 3976 2163 4038 uersiculi
2224 3994 2435 4056 parum
2491 3977 2716 4056 seueri,
2777 3995 2929 4056 quos

628 4074 857 4136 deliciis
911 4073 1072 4135 illius
1129 4075 1336 4135 aetatis
1391 4072 1711 4135 ohsecutus
1766 4073 1933 4153 lusit,
1989 4076 2117 4135 eius
2172 4093 2405 4135 morum
2454 4075 2751 4134 sanctitati
2804 4092 2929 4135 non

629 4172 948 4233 obfuerunt
994 4173 1181 4246 (Ptin.
1220 4190 1309 4249 ep.
1353 4174 1408 4230 V
1436 4173 1495 4248 4,
1526 4172 1615 4251 6),
1661 4173 1843 4232 immo
1880 4173 2009 4251 ipse
2049 4171 2277 4233 Atticus
2315 4190 2451 4232 eum
2497 4171 2767 4232 hortatus
2818 4180 2931 4251 est,

627 4277 696 4331 ut
732 4271 908 4331 etiam
939 4269 1010 4331 de
1038 4268 1113 4332 Μ.
1144 4268 1382 4330 Catonis
1409 4271 1534 4330 uita
1563 4277 1623 4330 et
1650 4268 1915 4330 moribus
1944 4268 2163 4331 librum
2190 4270 2414 4331 faceret
2440 4272 2577 4345 (uit.
2607 4270 2735 4331 Cat.
2754 4271 2818 4345 3,
2838 4271 2936 4349 5),
