3234 5034
1088 383 1099 396 .
1177 348 1251 402 Μ.
1291 347 1598 402 TVLLrvs
1637 347 1810 404 Tmo
2578 351 2620 416 5

974 552 1071 624 M.
1120 551 1409 624 TVLLI
1463 549 1964 676 QICERONIS

870 712 1267 773 EPISTVLA
1316 712 1424 772 AD
1475 712 1595 774 GN.
1638 711 2062 774 POMPEIVM

492 867 559 936 l.
616 874 740 935 Cic.
769 890 895 951 pro
944 875 1117 934 Sulla
1154 873 1259 949 24,
1298 873 1387 934 67
1430 871 1542 933 Hic
1587 881 1651 934 tu
1700 873 2013 954 epistulam
2061 893 2254 936 meam
2303 893 2480 956 saepe
2529 894 2622 938 re-

306 972 483 1050 citas,
545 989 722 1051 quam
779 989 887 1050 ego
944 969 1017 1032 ad
1065 971 1168 1032 Gn.
1210 970 1558 1050 Pompeium
1619 971 1690 1032 de
1745 973 1899 1034 meis
1955 972 2135 1035 rebus
2191 975 2377 1050 gestis
2434 983 2495 1034 et
2549 975 2620 1036 de

304 1087 539 1130 summa
596 1086 662 1129 re
717 1068 955 1149 publica
1014 1069 1177 1149 misi,
1232 1077 1293 1129 et
1348 1087 1419 1130 ex
1476 1087 1545 1130 ea
1600 1070 1830 1131 crimen
1886 1069 2122 1150 aliquod
2178 1073 2240 1131 in
2293 1071 2355 1132 P.
2395 1071 2618 1133 Sullam

302 1169 547 1246 quaeris
596 1174 680 1246 et,
734 1168 787 1226 si
834 1167 1095 1227 furorem
1143 1166 1558 1228 incredibilem
1606 1167 1849 1229 biennio
1896 1178 2032 1229 ante
2081 1177 2434 1249 conceptum
2481 1188 2617 1231 eru-

250 1287 275 1329 s
302 1266 468 1344 pisse
513 1267 577 1324 in
614 1283 750 1325 meo
796 1263 1107 1326 consulatu
1155 1267 1389 1346 scripsi,
1434 1283 1532 1326 me
1569 1265 1684 1326 hoc
1723 1265 2163 1328 demonstrasse
2204 1266 2353 1328 dicis
2392 1267 2617 1329 Sullam

302 1363 367 1422 in
412 1361 513 1422 illa
562 1363 747 1424 fuisse
795 1365 1105 1442 superiore
1153 1365 1577 1424 coniuratione.

1022 1676 1119 1748 M.
1170 1653 1457 1749 TVLLI
1512 1675 1899 1750 TIRONIS

842 1837 951 1896 DE
997 1837 1195 1897 VITA
1241 1839 1319 1900 M.
1358 1837 1602 1898 TVLLI
1647 1837 2071 1899 CICERONIS

485 1989 595 2060 1*.
648 1998 791 2059 Gell.
813 1997 917 2058 IV
935 1997 1039 2076 10,
1060 1997 1103 2057 5
1141 1997 1202 2058 C.
1226 1995 1445 2058 Caesar
1470 1999 1533 2058 in
1563 1997 1891 2078 consulatu,
1921 2017 2100 2078 quem
2129 2017 2266 2060 cum
2305 1999 2376 2061 M.
2399 1999 2608 2062 Bibulo

300 2096 505 2176 gessit,
540 2102 821 2176 quattuor
858 2094 1015 2156 solos
1054 2105 1219 2156 extra
1256 2095 1528 2156 ordinem
1568 2114 1810 2176 rogasse
1849 2100 2203 2159 sententiam
2244 2098 2477 2159 dicitur.
2535 2117 2607 2160 ex

300 2192 395 2254 his
440 2200 723 2274 quattuor
764 2194 1100 2274 principem
1148 2193 1392 2273 rogabat
1434 2193 1509 2254 Μ.
1552 2192 1860 2274 Crassum,
1917 2195 2021 2256 sed
2065 2204 2377 2276 postquam
2427 2196 2608 2258 filiam

222 2317 273 2356 ιο
300 2290 403 2352 Cn.
430 2291 713 2372 Pompeio
753 2290 1165 2372 desponderat,
1201 2293 1462 2372 primum
1501 2300 1781 2374 coeperat
1816 2293 2163 2374 Pompeium
2203 2313 2429 2374 rogare.
2478 2297 2608 2357 eius

300 2391 387 2451 rei
447 2391 736 2451 rationem
798 2389 1131 2451 reddidisse
1192 2408 1329 2451 eum
1390 2392 1624 2453 senatui
1679 2391 1819 2452 Tiro
1865 2390 2127 2471 Tullius,
2186 2393 2260 2453 Μ.
2300 2392 2606 2456 Ciceronis

298 2485 567 2567 libertus,
621 2488 806 2549 refert
858 2489 1059 2567 itaque
1106 2506 1171 2549 se
1218 2507 1287 2548 ex
1335 2495 1583 2569 patrono
1633 2505 1740 2550 suo
1789 2489 2027 2551 audisse
2074 2490 2300 2552 scribit.

478 2579 547 2649 2.
565 2586 803 2674 fiscon.
826 2591 890 2649 in
921 2587 1131 2648 Milon.
1145 2605 1215 2665 p.
1236 2587 1325 2648 43
1348 2587 1515 2648 K-S.
1561 2587 1646 2648 De
1676 2595 2010 2668 oppugnata
2040 2588 2213 2650 domo
2237 2587 2330 2667 [L.
2349 2590 2604 2669 Caecili]

296 2701 591 2764 nusquam
636 2683 831 2746 adhuc
875 2683 1013 2764 legi.
1104 2684 1421 2765 Pompeius
1468 2692 1693 2766 tamen,
1749 2705 1885 2748 cum
1934 2685 2281 2749 defenderet
2325 2686 2604 2750 Milonem

221 2809 269 2849 ιε.
297 2781 453 2862 apud
496 2781 809 2864 populum,
867 2781 938 2845 de
983 2784 1050 2844 ui
1094 2789 1411 2845 accusante
1459 2781 1681 2864 Clodio,
1736 2783 1983 2860 obiecit,
2035 2793 2106 2846 ut
2149 2784 2403 2866 legimus
2449 2787 2604 2867 apud

296 2880 597 2962 Tironem,
640 2881 921 2942 libertum
960 2880 1282 2962 CiceroniS,
1328 2883 1393 2942 in
1438 2881 1591 2943 libro
1619 2881 1726 2968 llll
1767 2882 1838 2944 de
1885 2884 2008 2945 uita
2057 2885 2205 2964 eiuS,
2251 2901 2604 2964 oppressum

294 2998 335 3039 α
379 2978 586 3040 Clodio
632 2977 697 3040 L.
736 2978 1057 3041 Caecilium
1104 2987 1458 3059 praetorem.

292 3131 594 3188 incitatum
628 3131 823 3187 multis
870 3133 1178 3188 amicorum
1214 3132 1619 3188 monitionibus
1659 3151 1695 3188 a.
1730 3133 1980 3190 facinore
2014 3133 2264 3189 noluisse
2309 3133 2601 3202 desistere,

292 3203 502 3258 mutari
546 3203 776 3259 modum
826 3205 1116 3288 praecepit
1161 3207 1333 3274 atque
1383 3204 1468 3259 ita
1512 3204 1752 3260 furentis
1799 3205 2048 3261 animum
2097 3204 2474 3261 adulescentis
2527 3207 2600 3260 ad

294 3279 508 3330 statum
533 3273 740 3330 mentis
766 3275 1167 3347 pacatissimae
1195 3275 1551 3346 temperavit.
1611 3277 1763 3345 quod
1791 3277 2012 3332 scilicet
2038 3277 2114 3332 M.
2141 3276 2414 3332 Tullius
2451 3295 2600 3333 com-

292 3349 570 3401 memorat
604 3345 665 3401 in
702 3362 769 3401 eo
803 3346 968 3416 libre,
1011 3363 1177 3416 quem
1216 3347 1287 3401 de
1324 3346 1575 3403 consiliis
1614 3347 1730 3402 suis
1769 3348 2110 3419 composuit,
2149 3348 2317 3403 aliter
2352 3347 2599 3418 quidem,

292 3417 390 3472 sed.
426 3418 535 3473 hoc
582 3417 775 3474 modo:
833 3418 943 3472 Sed
982 3422 1047 3473 ut
1091 3418 1285 3487 aliqua.
1331 3417 1704 3474 similitudine
1741 3420 2020 3475 adductus
2066 3417 2327 3475 maximis
2363 3419 2600 3475 minima.

291 3489 595 3558 conferam,
629 3490 696 3543 ut
732 3507 858 3543 cum
894 3489 1173 3545 uinolenti
1212 3489 1602 3545 adulescentes
1642 3523 1708 3532 -—
1747 3490 2125 3562 petulantiam
2163 3490 2495 3547 consedisse.

471 3559 532 3616 1.
573 3561 656 3628 C'f.
684 3561 831 3617 Suet.
866 3561 1015 3618 Gaea.
1043 3566 1115 3616 21
1164 3561 1279 3616 Sub
1316 3560 1468 3616 idem
1514 3563 1738 3632 tempus
1777 3595 1844 3604 —
1882 3579 2042 3617 suam
2085 3563 2347 3635 [filiamfi
2393 3562 2598 3617 Iuliam

291 3630 385 3687 Cn.
414 3630 685 3702 Pompeio
723 3631 1056 3687 conlocauit.
1096 3664 1163 3673 —
1203 3649 1272 3687 ac
1310 3635 1444 3703 post
1486 3649 1697 3688 nouam
1734 3633 2073 3688 affinitatem
2110 3633 2439 3705 Pompeium
2483 3635 2597 3705 pri-

288 3719 444 3758 mum
478 3719 681 3773 rogare
717 3702 1058 3759 sententiam
1093 3702 1305 3774 coepit,
1354 3721 1481 3759 cum
1518 3703 1781 3760 Crassum
1817 3704 2025 3759 soleret
2069 3709 2329 3774 essetque
2365 3722 2596 3761 consue-

290 3775 447 3842 tudo,
476 3777 543 3828 ut
568 3791 737 3843 quem
762 3774 1015 3829 ordinem
1042 3774 1433 3846 interrogandi
1460 3777 1774 3831 sententias
1803 3775 2000 3832 consul
2027 3775 2288 3831 kalendis
2315 3777 2596 3835 Ianuariis

290 3844 650 3916 instituisset,
686 3862 814 3901 eum
850 3849 973 3903 toto
1011 3863 1159 3901 anno
1197 3849 1566 3902 conseruaret.

473 3990 541 4078 l,
588 3999 648 4056 4.
693 3997 798 4058 ubi
842 3999 897 4058 si
942 4000 1061 4058 cod.
1100 3998 1427 4073 Rusbequii

473 4078 541 4168 l,
597 4081 657 4147 8.
704 4080 893 4168 solos]
948 4088 1289 4149 consulares
1334 4089 1666 4148 Mommsen
1957 4093 2053 4149 11.
2109 4090 2406 4151 rationem
2460 4109 2590 4150 eam

290 4176 449 4236 roda.
486 4177 819 4236 Mommsen
998 4170 1161 4255 eum]
1209 4172 1241 4233 ὁ
1289 4175 1467 4252 (coa.)
1486 4176 1810 4252 mouens.)
2031 4181 2131 4238 12.
2177 4179 2259 4239 ita
2305 4175 2344 4254 fl
2380 4179 2441 4238 R

470 4259 547 4346 2,
609 4267 706 4326 15.
754 4265 994 4326 obstitit
1039 4269 1101 4325 et
1144 4269 1214 4325 ut
1258 4266 1380 4326 cod.
1426 4285 1531 4327 em.
1568 4268 1826 4342 Maduiy
1872 4271 1924 4326 et
1968 4267 2179 4328 Baiter
2407 4272 2506 4327 17.
2553 4290 2590 4328 a

291 4355 423 4416 aaa.
469 4355 629 4432 ωαρ.

2647 1981 2754 2060 ΕΞ

2648 2071 2752 2120 695

2642 2573 2730 2650 ἡ57

2643 2662 2748 2711 697
