3234 5034
1007 342 1066 398 C.
1105 339 1510 397 CORNELIVS
1547 339 1876 396 Boccnvs
2372 359 2595 408 cxxnl

285 512 464 572 etiam
513 513 580 574 in
627 510 812 572 rebus
858 509 1266 590 geographicis
1274 557 1292 589 ,
1349 509 1423 572 ad
1471 529 1618 589 quas
1666 511 1861 571 omnia
1916 510 2047 572 eius
2095 509 2421 588 fragmenta
2456 528 2597 590 per-

285 611 506 689 tinent,
571 609 976 689 digressiones
1038 608 1260 688 largam
1325 610 1631 670 uariarum
1687 627 1888 670 rerum
1944 609 2252 669 materiam
2316 606 2594 688 suppedi-

287 702 650 793 tauerunt.¹)

951 937 1418 1012 AGRIPPIN
1419 938 1486 1011 A
1542 937 1930 1012 CLAVDII

467 1120 636 1182 Hanc
675 1113 901 1204 (natam
941 1137 990 1179 a.
1039 1114 1267 1200 14s767
1309 1118 1406 1180 uel
1449 1115 1702 1200 15s‘168,
1752 1127 2046 1180 mortuam
2084 1112 2352 1203 59s812)
2386 1116 2594 1180 ‘uitam

289 1237 458 1281 suam
520 1226 583 1281 et
641 1235 816 1280 casus
877 1235 1120 1280 suorum
1180 1219 1436 1297 posteris
1483 1215 1869 1280 memorasse'
1926 1217 2167 1279 Tacitus
2224 1236 2358 1278 ann.
2398 1217 2473 1278 IV
2511 1213 2598 1278 53

289 1317 581 1399 prodidit,
647 1318 749 1397 qui
805 1318 948 1377 item
1005 1314 1363 1396 colloquium
1421 1313 1718 1395 quoddam
1774 1318 1982 1377 matris
2049 1335 2182 1376 cum
2240 1318 2597 1395 imperatore

289 1416 534 1477 Tiberio
581 1414 910 1476 secundum
955 1415 1065 1475 hos
1111 1411 1618 1476 ‘commentarios'
1667 1422 1897 1495 narrat3
1956 1421 2194 1494 praeter
2251 1432 2387 1475 eum
2437 1414 2600 1474 solus

290 1515 522 1576 Plinius
557 1517 622 1575 in
660 1513 916 1576 naturali
953 1513 1198 1574 historia
1237 1515 1366 1574 eius
1403 1515 1680 1574 meminit
1715 1521 1783 1574 ut
1820 1515 2187 1574 certissimae
2229 1511 2301 1574 de
2342 1511 2598 1572 Neronis

291 1616 571 1694 genitura
617 1615 805 1674 testis,
899 1613 1068 1672 cuius
1115 1630 1250 1672 cum
1297 1619 1510 1673 natura
1567 1621 1627 1673 et
1682 1611 1909 1672 indoles
1968 1613 2111 1672 satis
2158 1619 2329 1672 notae
2378 1617 2597 1690 essent,

291 1711 469 1774 multi
507 1711 688 1772 multa
725 1713 788 1771 in
827 1712 914 1771 eis
945 1712 1164 1790 scripta
1203 1710 1388 1772 fuisse
1428 1713 1934 1790 excogitauerunt,
1972 1709 2077 1771 sed
2115 1727 2266 1789 quae
2296 1708 2363 1770 R.
2393 1707 2597 1788 Rafl'ay

293 1813 444 1882 (Die
509 1811 848 1871 Memot'ren
914 1812 1028 1870 der
1091 1811 1384 1871 Kaiserin
1451 1810 1819 1887 Aqrippina,
1900 1811 2067 1872 Wien
2136 1807 2367 1884 1884),
2430 1809 2593 1868 omni

295 1907 684 1970 fundamento
723 1917 944 1988 carent,
991 1915 1167 1988 atque
1205 1925 1282 1968 ne
1317 1907 1582 1968 Rankius
1622 1907 1880 1988 quidem,
1928 1906 2085 1988 quod
2122 1906 2409 1986 Tacitum,
2448 1924 2597 1986 quae

295 2007 370 2069 de
418 2015 612 2068 morte
660 2005 995 2067 Germanici
1044 2005 1357 2084 declamat,
1414 2025 1486 2066 ex
1544 2007 1632 2067 eis
1690 2006 1960 2067 hausisse
2016 2007 2357 2085 suspicatur
2402 2005 2597 2079 (Ana-

293 2107 496 2168 lelcten
531 2123 600 2182 p.
633 2105 809 2183 299),
857 2107 1133 2185 cuiquam
1180 2105 1294 2166 hoc
1339 2105 1723 2184 persuaserit,
1771 2111 1872 2165 aut
1916 2103 2242 2164 Mommsen
2284 2104 2601 2176 (Berichte

297 2207 356 2266 d.
380 2223 488 2282 pr.
527 2206 644 2265 Alc.
681 2202 982 2264 XXXIX
1011 2199 1249 2285 [1904]
1273 2221 1340 2281 p.
1373 2204 1595 2278 1155),
1654 2201 1811 2283 quod
1859 2201 2215 2282 colloquium
2262 2199 2493 2262 Tiberii
2540 2208 2602 2262 et

299 2303 658 2383 Agrippinae
713 2302 956 2362 maioris
1003 2297 1177 2384 (ann.
1217 2303 1320 2362 IV
1351 2303 1437 2363 52
1464 2320 1568 2379 sq„
1626 2300 1835 2381 quidni
1879 2300 2036 2384 ‚haee
2090 2302 2221 2380 ipse
2276 2307 2343 2362 ut
2399 2299 2601 2362 rhetor

299 2401 574 2482 pluribus
629 2393 1100 2485 exornauerit?).
1192 2399 1338 2461 illud
1388 2407 1616 2461 constat
1666 2418 1795 2460 eam
1842 2417 1959 2460 non
2016 2400 2257 2460 ueritati
2306 2397 2409 2459 sed
2458 2417 2599 2460 suae

301 2499 611 2579 cupiditati
648 2496 988 2579 indulsisse,
1025 2499 1275 2579 uerique
1313 2505 1407 2560 est
1443 2497 1635 2559 simile
1674 2499 1833 2558 uiam
1866 2497 1985 2558 tilio
2024 2516 2132 2558 suo
2170 2496 2242 2558 ad
2280 2497 2599 2577 imperium

303 2596 752 2678 adipiscendum
799 2615 928 2658 eam
975 2599 1210 2659 munire
1257 2597 1548 2676 uoluisse,
1599 2603 1915 2678 postquam
1962 2598 2310 2676 imperatori
2358 2595 2601 2657 Claudio

301 2697 529 2776 nupsit,
586 2697 622 2755 i.
663 2713 714 2756 e.
753 2703 888 2775 post
933 2715 1154 2756 annum
1199 2691 1467 2776 49s8023
1523 2713 1717 2774 neque
1776 2697 1935 2756 enim
1983 2694 2305 2776 quidquam
2354 2695 2600 2775 spreuit,

298 2794 460 2875 quod
507 2792 774 2855 consiliis
821 2797 947 2855 suis
993 2794 1366 2856 commodum
1415 2802 1591 2873 esset,
1639 2792 2029 2874 habebatque,
2078 2811 2187 2854 cur
2232 2791 2452 2854 Neroni
2490 2794 2600 2853 im-

297 2895 560 2974 peratori
617 2891 970 2972 obsequium
1025 2895 1088 2954 in
1143 2897 1396 2954 matrem
1452 2894 1693 2954 exuenti
1748 2894 2079 2954 minaretur
2140 2887 2283 2952 ‘non
2339 2890 2599 2953 abnuere

299 3011 390 3072 se,
447 2994 596 3072 quin
643 2998 856 3053 cuncta
904 2991 1159 3053 infelicis
1208 2990 1416 3053 domus
1463 2990 1614 3053 mala
1659 2991 2037 3071 patefierent,
2094 3009 2235 3052 suae
2282 2991 2345 3051 in
2389 2991 2601 3070 primis

299 3093 562 3170 nuptiae,
609 3109 784 3151 suum
833 3087 1211 3152 ueneficium'
1262 3092 1436 3164 (Tac.
1477 3109 1618 3152 ann.
1659 3090 1841 3151 XI·II
1880 3091 2012 3163 14).
2105 3107 2241 3150 nam
2299 3090 2359 3149 si'
2397 3094 2601 3150 contra

301 3189 490 3251 tilium
535 3190 959 3268 imperatorem
1007 3190 1461 3250 commentarios
1517 3190 1981 3269 composuisset,
2046 3187 2108 3249 id
2164 3187 2320 3268 quod
2372 3205 2483 3267 per
2536 3205 2601 3247 se

299 3307 438 3349 cum
504 3289 636 3348 eius
699 3287 1076 3368 prouidentia
1135 3294 1194 3348 et
1259 3289 1532 3348 cautione
1587 3293 1829 3367 pugnat,
1897 3286 2071 3347 facile
2118 3305 2219 3348 eos
2279 3304 2417 3347 cum
2469 3287 2601 3365 ipsa

301 3393 492 3448 matre
541 3385 900 3447 sustulisset.
1628 3389 1633 3394 ’

891 3751 963 3826 c,
1003 3752 1534 3826 CORNELIVS
1587 3750 2014 3852 Boocflvs

487 3931 597 3992 Hic
673 3931 983 3994 Cornelius
1057 3931 1326 3994 Bocchus
1399 3938 1533 4011 post
1606 3930 1959 3992 Mommseni
2032 3929 2353 3992 editionem
2419 3929 2604 3991 Solini

307 4023 393 4114 (p.
439 4029 518 4091 XI
548 4025 708 4115 sqq.)
773 4033 932 4092 inter
995 4031 1312 4092 historicos
1374 4029 1671 4090 Romanos
1736 4035 2102 4090 numeratur.
2214 4030 2606 4090 inueniuntur

305 4130 468 4190 enim
513 4129 576 4189 in
615 4131 746 4190 eius
785 4127 1164 4191 collectaneis
1201 4137 1374 4203 notae
1413 4127 1704 4208 quaedam
1741 4127 2281 4207 chronographie-ae
2318 4127 2604 4188 Plinianis

490 4286 540 4354 1)
579 4283 846 4338 Muenzer
883 4283 1054 4354 Quen.
1085 4285 1137 4339 d.
1169 4283 1320 4338 Ptin.
1349 4301 1404 4353 p.
1436 4287 1541 4337 390
1561 4300 1681 4352 sqq.
1712 4282 1885 4336 etiam
1918 4281 2021 4334 VH
2060 4287 2128 4335 74
2148 4299 2227 4350 sq.
2268 4279 2396 4335 XIII
2434 4287 2497 4335 91
2522 4297 2601 4349 sq.

309 4363 360 4418 V
391 4371 458 4419 14
505 4362 806 4420 Claudium
843 4364 1071 4418 subesse
1113 4363 1447 4434 suspicatur.
