3234 5034
1068 370 1127 431 C.
1167 370 1454 431 PLINIVS
1493 368 1871 431 SECVNDVS
2430 372 2617 425 CLVII

319 544 548 609 ratione
595 560 820 609 usurus
865 552 1040 625 esset,
1089 544 1350 625 apertius
1396 544 1725 625 proposuit,
1770 562 1945 624 quam
1990 539 2113 604 ullo
2170 539 2283 604 alio
2338 541 2615 623 idemque

317 644 534 706 samam
583 644 656 706 de
705 642 938 706 Nerone
983 642 1160 724 paulo
1212 650 1347 723 post
1403 644 1532 704 eius
1577 651 1831 705 mortem
1889 641 1999 703 sub
2047 640 2269 703 Flauiis
2325 643 2441 703 iam
2488 660 2615 703 cer-

319 752 436 804 tam
467 761 932 824 expressamque
971 744 1156 804 fuisse
1195 742 1571 821 significauit,
1599 741 1664 802 id
1700 740 1857 821 quod
1896 742 2073 803 etiam
2104 740 2339 821 losephi
2378 739 2617 801 iudiciis

318 841 388 903 de
452 840 918 921 imperatoribus
981 840 1147 902 Iuliis
1207 848 1268 902 et
1325 839 1588 902 Claudiis
1649 839 2035 901 confirmatur
2100 841 2344 913 (Ge-ich.
2392 839 2533 901 Lite.
2583 840 2625 899 I

315 940 448 1002 397
465 959 594 1017 sqq.
641 940 820 1015 319).
914 939 1019 1001 sed
1077 946 1266 1001 restat
1309 940 1596 1019 quaestio,
1644 957 1761 1017 quo
1806 936 2015 999 ordine
2053 957 2155 999 eos
2194 939 2615 999 aestimauerit.

317 1057 604 1101 numerus
659 1038 808 1099 nihil
861 1038 1026 1100 ualet
1072 1030 1240 1121 (nam
1287 1036 1532 1099 Cluuius
1579 1046 1641 1099 et
1684 1036 1913 1099 Plinius
1960 1034 2117 1097 binis
2165 1036 2339 1115 locis,
2398 1034 2616 1097 Fabius

319 1136 510 1199 tribus
555 1138 894 1199 nominatus
940 1130 1062 1221 est)
1109 1154 1220 1197 uec
1256 1134 1478 1197 iudicio
1516 1136 1661 1197 satis
1700 1135 2003 1214 discreuit,
2044 1137 2323 1215 quoniam
2358 1133 2617 1196 Plinium

295 1242 564 1315 ¹propter
621 1234 1044 1297 absurditatem
1092 1236 1200 1313 (fr.
1240 1236 1300 1314 6,
1357 1235 1436 1312 cf.
1476 1237 1677 1314 adn),
1741 1233 1987 1296 Fabium
2054 1241 2295 1313 propter
2358 1233 2616 1294 Senecae

319 1336 638 1395 amicitiam
705 1334 1073 1413 uituperauit
1145 1336 1318 1407 (ann.
1370 1334 1482 1409 13,
1545 1334 1637 1393 20
1692 1336 1769 1394 de
1822 1334 2005 1395 Fabii
2042 1333 2129 1410 fr.
2178 1333 2275 1408 1),
2340 1330 2615 1393 Cluuium

319 1432 512 1493 solum
559 1432 802 1512 reliquit
847 1434 1150 1511 intactum,
1197 1434 1280 1493 ita
1328 1440 1543 1511 tamen,
1582 1439 1650 1492 ut
1695 1449 1831 1492 eum
1880 1449 2119 1511 semper
2152 1449 2271 1492 una
2310 1448 2447 1491 cum
2484 1429 2616 1491 aliis

319 1530 669 1592 nominaret.
743 1530 854 1591 alia
899 1532 1084 1610 igitur
1119 1529 1384 1592 subsidia
1423 1528 1957 1609 circumspicienda
1997 1535 2151 1591 sunt.
2227 1537 2401 1609 atque
2438 1528 2617 1589 Fabia

321 1627 562 1708 quidem
607 1631 693 1706 (p.
720 1630 855 1691 390
867 1648 992 1706 sqq.
1030 1630 1211 1709 398),
1249 1628 1410 1709 quod
1445 1628 1705 1707 TacituS‚
1754 1646 1903 1709 quae
1960 1630 2111 1689 ratio
2168 1627 2615 1690 consuetudinis

321 1729 478 1788 inter
532 1726 852 1808 Othonem,
906 1727 1236 1807 Poppaeam
1297 1726 1602 1806 Sabinam,
1668 1724 1962 1788 Neronem
2024 1727 2489 1805 intercessisset,
2553 1727 2615 1786 in

321 1824 630 1887 annalibus
707 1827 848 1903 (13,
904 1827 991 1886 45
1009 1829 1124 1903 sq.)
1201 1826 1374 1887 aliter
1437 1826 1711 1905 exposuit
1774 1834 1950 1905 atque
2016 1827 2347 1886 communis
2413 1832 2619 1885 auctor

321 1924 702 1985 historiarum
751 1925 824 1997 (I
852 1925 986 2004 13),
1034 1924 1300 1985 Suetonii
1348 1924 1514 1997 (oth.
1553 1925 1645 2003 3),
1690 1923 1990 1985 Plutarchi
2038 1925 2242 1998 (Galb.
2282 1924 2416 2003 19),
2472 1941 2615 2002 quo·

321 2024 480 2083 niam
523 2022 688 2083 hunc
731 2022 990 2083 Plinium
1037 2022 1222 2083 fuisse
1269 2022 1414 2101 uult,
1469 2023 1533 2084 in
1581 2020 1893 2083 annalibus
1942 2040 2078 2082 eum
2128 2021 2200 2082 de
2247 2024 2441 2101 primo
2487 2020 2615 2081 loco

323 2123 692 2183 auctoritatis
740 2120 1050 2183 detrusum
1097 2140 1230 2181 esse
1279 2114 1536 2205 sumit.¹)
1632 2129 1691 2181 at
1742 2121 1883 2181 huic
1940 2120 2207 2201 opinioni
2262 2138 2437 2181 omne
2484 2118 2615 2179 fun-

323 2218 664 2282 damentum
709 2221 828 2280 iam
877 2218 1246 2281 subtractum
1292 2228 1399 2280 est.
1465 2220 1689 2280 certius
1736 2221 1851 2279 erit
1898 2218 2142 2279 annales
2189 2237 2324 2279 cum
2362 2217 2617 2279 naturali

321 2317 566 2379 historia
629 2336 998 2398 comparare,
1070 2336 1247 2397 quam
1317 2320 1477 2379 uiam
1537 2317 1838 2378 Detlel'sen
1893 2320 1930 2378 l.
1976 2336 2022 2379 s.
2056 2335 2125 2395 p.
2165 2318 2250 2377 45
2316 2325 2375 2378 et
2437 2316 2615 2379 Fabia

313 2436 378 2493 p.
414 2416 546 2477 398
593 2418 852 2497 ingressi
899 2423 1054 2478 sunt.
1129 2434 1485 2497 quamquam
1532 2416 1631 2477 hic
1668 2434 1766 2476 res
1813 2416 1893 2476 ita
1943 2434 2007 2477 se
2044 2414 2239 2495 habet,
2286 2423 2354 2476 ut
2389 2415 2617 2477 Plinius

323 2515 600 2575 minutias
648 2533 720 2576 ex
767 2520 974 2577 tenore
1020 2516 1377 2577 narrationis
1423 2522 1735 2595 excerptas
1772 2513 1881 2575 sub
1920 2533 2029 2575 suo
2066 2532 2285 2594 genere
2324 2514 2467 2575 alias
2506 2514 2615 2576 suh

325 2612 434 2673 alio
496 2616 726 2674 inserat
786 2632 1040 2693 raroque
1111 2631 1222 2693 per
1285 2613 1620 2693 complures
1698 2614 2009 2674 continuas
2082 2614 2411 2675 sententias
2480 2631 2615 2675 cum

327 2710 526 2773 Tacito
573 2713 892 2773 concinere
939 2713 1144 2792 possit.
1236 2710 1400 2772 uelut
1445 2711 1544 2773 hic
1592 2710 1889 2773 Neronem
1935 2712 1997 2772 iu
2044 2710 2288 2773 lasciuia
2326 2720 2617 2772 nocturna

330 2806 544 2890 ‘ipsum
589 2828 828 2891 quoque
875 2812 1182 2891 excepisse
1218 2812 1374 2871 ictus
1414 2819 1474 2872 et
1509 2828 1612 2871 ore
1652 2805 2028 2891 praetulisse’
2072 2810 2204 2887 (13,
2242 2810 2357 2884 25)
2397 2817 2617 2889 narrat,

373 3026 499 3081 XIV
535 3034 600 3082 51
633 3030 824 3097 plures
868 3030 1024 3083 iussu
1069 3028 1311 3083 Neronis
1347 3058 1412 3068 —
1452 3026 1677 3083 inlitum
1724 3028 1980 3097 palat-um
2034 3027 2152 3082 eius
2196 3026 2399 3098 (Burri)
2447 3028 2617 3083 noxio

639 3108 996 3164 medicamine
1031 3108 1445 3165 adseverabant.

535 3192 604 3241 59
639 3192 770 3241 sum
805 3188 908 3257 qui
931 3218 1000 3227 —
1027 3187 1212 3255 ferant
1239 3218 1322 3242 -.

385 3264 479 3319 XV
515 3270 602 3335 (38
639 3284 774 3321 nam
807 3273 1098 3337 utrumque
1131 3274 1376 3325 auctores
1406 3270 1697 3339 prodidere
1736 3268 1826 3339 (de
1862 3268 2124 3323 incendio
2160 3268 2355 3333 urbis).

536 3352 602 3400 41
641 3347 825 3403 Fuere
859 3349 959 3417 qm·
993 3348 1320 3404 adnotarent
1355 3349 1448 3417 (de
1485 3348 1577 3403 die
1615 3348 1903 3419 incendii).
1930 3380 2004 3389 —
2040 3350 2147 3405 alii
2180 3366 2240 3404 eo
2276 3366 2443 3419 usqae
2480 3367 2617 3405 cura

633 3428 912 3497 propre-sei
944 3434 1091 3493 sunt,
1127 3436 1192 3483 ut
1219 3460 1286 3469 -
1315 3435 1612 3483 numerent.

536 3514 602 3561 52
633 3508 881 3576 plerique
916 3508 1264 3563 crediderunt
1298 3508 1390 3579 (de
1429 3509 1649 3565 Pisonis
1686 3508 2109 3580 coniuratione).

535 3592 601 3641 53
639 3594 704 3642 ut
738 3588 846 3642 alii
879 3588 1155 3643 tradidere
1191 3588 1384 3659 (item).
2218 3612 2264 3645 s

535 3671 603 3719 54
639 3673 702 3723 ut
728 3669 978 3737 plerique
1015 3669 1290 3723 tradidere
1326 3670 1519 3738 (item).

537 3750 602 3800 73
645 3746 888 3803 Ceteram
923 3755 1164 3817 coeptam
1199 3749 1552 3819 adultamque
1588 3758 1638 3805 et
1674 3755 1937 3807 reuictam
1974 3754 2406 3807 coniurationem
2447 3770 2618 3823 neque

639 3834 772 3883 tunc
805 3826 1142 3895 dubitantem,
1179 3830 1376 3899 quibus
1411 3848 1604 3887 amm
1640 3833 1901 3887 noscendi
1943 3850 2079 3887 eura
2115 3838 2250 3899 erat,
2286 3840 2337 3889 et
2367 3834 2619 3900 fatentur

639 3909 740 3977 qai
767 3915 895 3977 post
927 3910 1208 3965 interitum
1247 3911 1490 3965 Neronis
1525 3913 1588 3966 in
1624 3914 1812 3967 urbem
1844 3914 2075 3983 repressi
2106 3918 2253 3968 eunt.

381 3984 500 4040 XVI
571 3992 603 4042 8
645 3986 886 4058 Quidam
919 3990 1170 4045 uinctum
1205 3989 1566 4060 (Caesellium
1606 3991 1861 4063 Bassum)
1890 4023 1957 4034 —
1986 3994 2279 4048 tradidere.

572 4074 604 4122 θ
640 4084 810 4138 neque
845 4072 990 4124 enim
1020 4086 1290 4126 uenenum
1317 4071 1641 4127 crediderim
1668 4072 1761 4142 (de
1788 4074 1967 4127 morte
1996 4071 2334 4143 Poppaeae),
2364 4075 2619 4144 quamuis

639 4149 868 4219 quidam
901 4152 1192 4219 scriptores
1225 4152 1472 4218 tradant,
1509 4153 1637 4207 odio
1671 4153 1851 4223 magis
1886 4170 2051 4222 quam
2086 4171 2155 4208 ex
2189 4154 2309 4220 fide.

505 4230 556 4299 1)
587 4228 766 4283 Immo
801 4227 972 4285 facile
1008 4229 1136 4299 quis
1173 4230 1360 4285 Taciti
1395 4230 1649 4286 futurum
1684 4232 1859 4287 fuisse
1896 4232 2157 4301 coniciat‚
2192 4237 2261 4288 ut
2296 4233 2469 4287 Plinii
2505 4234 2617 4287 dis-

341 4306 672 4376 crepantiam
715 4308 775 4363 in
819 4308 1122 4365 annalibus
1169 4312 1484 4380 adnotaret,
1523 4312 1571 4365 si
1607 4329 1821 4367 memor
1855 4312 2058 4367 fuisset
2092 4312 2355 4383 promissi
2394 4312 2520 4368 XIII
2547 4319 2616 4367 20

341 4384 678 4457 Pliniumque
715 4390 787 4444 de
823 4405 893 4445 ea
927 4406 988 4447 re
1025 4389 1086 4445 in
1122 4390 1375 4446 historiis
1414 4396 1639 4447 secutus
1676 4397 1837 4449 esset.
