3234 5034
2467 330 2611 390 vu*

301 487 476 571 ipsas
517 487 794 567 spectat,
840 482 1034 567 idque
1083 482 1342 567 parcius
1391 481 1462 546 in
1503 481 1763 548 Graecis
1812 505 2006 567 quam
2053 483 2122 547 in
2158 484 2427 570 Latinis,
2478 508 2603 550 om·

297 582 452 647 nino
506 581 806 668 neglecta
861 579 1332 666 orthographia
1385 580 1864 665 uerborumque
1926 581 2347 647 collocatione
2412 588 2609 668 atque

294 680 352 745 si
410 701 538 764 qua
598 683 933 764 praeterea
993 679 1076 744 ad
1137 678 1568 742 aestimandas
1632 677 1953 743 librorum
2020 680 2611 765 manuscriptorum

297 776 722 842 auctoritates
769 777 836 842 in
885 776 1282 842 editionibus
1319 775 1534 840 adlata
1571 781 1772 841 erant.
1848 777 2016 863 sigla
2054 778 2404 844 secundum
2442 780 2610 864 opti-

303 897 472 940 mam
531 897 855 960 quamque
911 874 1264 940 editionem
1319 874 1687 961 significata
1742 879 1923 962 sunt,
1979 897 2019 950 ς
2073 875 2323 942 codices
2387 899 2609 942 omnes

302 973 538 1057 reliqui
585 973 689 1039 uel
737 972 1030 1058 plerique
1079 974 1185 1038 uel
1234 971 1600 1038 deteriores.

479 1069 558 1137 In
621 1070 1173 1136 adnotatione
1237 1093 1382 1134 rara
1445 1069 1514 1134 in
1579 1069 1705 1135 hoc
1768 1070 2100 1136 uolumine
2166 1073 2417 1137 occasio
2484 1073 2610 1138 fuit

297 1169 546 1234 auulsis
593 1170 1079 1234 enuntiatorum
1124 1168 1376 1233 laciniis
1433 1173 1724 1233 tenorem
1780 1191 1970 1234 suum
2022 1170 2425 1254 restituendi,
2476 1193 2611 1236 sae-

302 1267 450 1352 pius
499 1289 640 1332 eam
687 1266 1012 1332 similibus
1055 1266 1218 1332 locis
1264 1266 2049 1352 interpretationibusque
2096 1268 2361 1352 repleui.

480 1363 883 1430 Indicibus
932 1369 1246 1449 quantum
1297 1364 1484 1449 potui
1539 1364 2047 1449 locupletissime
2102 1366 2185 1430 ad
2240 1368 2610 1451 exemplum

297 1463 538 1549 prioris
582 1462 933 1528 uoluminis
980 1463 1291 1528 confectis
1335 1462 1485 1527 usui
1531 1462 1821 1528 uirorum
1860 1463 2197 1528 doctorum
2236 1465 2609 1548 prospicere

296 1560 542 1644 studui,
589 1560 683 1625 ita
725 1565 962 1646 tamen,
1007 1565 1082 1626 ut
1129 1583 1276 1626 cum
1323 1561 1586 1626 omnino
1635 1561 1926 1645 exceptis
1973 1562 2430 1648 grammaticis,
2479 1563 2605 1628 nisi

298 1663 520 1724 certae
558 1659 870 1742 quaedam
908 1681 1136 1724 causae
1177 1658 1536 1744 subessent,
1572 1658 1655 1722 ad
1691 1658 1965 1723 uerbum
2002 1659 2369 1745 fragmenta
2405 1665 2610 1726 trans-

297 1759 438 1823 lata
505 1778 639 1822 non
703 1778 844 1821 esse
908 1756 1290 1840 arbitrarer,
1346 1760 1486 1820 tum
1541 1756 1800 1842 singula
1854 1757 2057 1822 uerba
2103 1779 2249 1822 cum
2296 1757 2607 1823 Hadriani

299 1859 516 1920 aetate
581 1875 955 1921 enumerare
1021 1854 1390 1919 desinerem.
1475 1877 1626 1918 nam
1694 1858 1848 1938 post
1910 1877 2048 1919 eam
2116 1855 2384 1942 longum
2445 1855 2611 1920 illud

299 1952 610 2017 historiae
657 1951 928 2016 Latinae
965 1952 1294 2018 silentium
1331 1974 1538 2036 usque
1577 1952 1660 2016 ad
1697 1951 1971 2018 Seueros
2007 1952 2163 2037 hiat,
2202 1953 2325 2018 sub
2366 1954 2610 2038 quibus

307 2049 524 2133 eisque
570 2050 684 2135 qui
730 2050 936 2114 secuti
983 2056 1135 2116 sunt
1180 2050 1687 2135 imperatoribus
1731 2073 1936 2135 paene
1982 2051 2147 2116 nihil
2204 2051 2329 2116 nisi
2375 2051 2609 2119 aulico-

301 2168 527 2212 corum
588 2148 976 2234 biographia
1041 2149 1218 2213 culta
1279 2153 1396 2232 est,
1461 2148 1643 2212 cuius
1699 2149 2011 2214 memoria
2066 2148 2164 2213 dis
2222 2148 2469 2233 placuit
2535 2159 2611 2215 ut

300 2245 446 2310 sola
507 2245 779 2310 historia
843 2246 1145 2332 Augusta
1165 2244 1214 2333 ²)
1281 2245 1703 2311 contineatur.
1796 2246 1999 2311 uerba
2061 2251 2279 2312 autem
2345 2247 2398 2313 si
2465 2247 2611 2332 quis

299 2342 612 2428 requirat,
659 2343 796 2409 eius
843 2343 1166 2409 uoluntati
1210 2343 1273 2408 C.
1313 2343 1633 2430 Lessingii
1683 2343 2000 2410 industria
2045 2344 2453 2410 satisfactum
2489 2350 2607 2410 est.

302 2463 384 2505 ex
431 2463 561 2506 una
604 2441 806 2527 igitur
851 2442 1335 2527 adclamatione,
1383 2442 1460 2507 de
1507 2442 1690 2508 cuius
1737 2443 1864 2507 fide
1909 2442 2235 2508 dubitatio
2272 2443 2452 2508 nulla
2492 2448 2609 2530 est,

304 2539 619 2623 quasdam
664 2540 1012 2604 uerborum
1059 2544 1279 2625 partes
1327 2539 1633 2624 excerpsi.

487 2739 536 2801 1)
575 2731 855 2798 Quoniam
893 2749 1102 2803 magna
1137 2733 1580 2802 fragmentorum
1617 2733 1926 2788 multitudo
1964 2750 2033 2788 ex
2070 2749 2138 2788 ea
2174 2735 2233 2788 in
2270 2733 2378 2790 hoc
2407 2751 2607 2804 corpus

309 2811 628 2880 recipienda
684 2812 813 2880 fuit,
869 2814 1040 2869 semel
1095 2813 1189 2869 hic
1239 2830 1439 2868 moneo
1489 2831 1639 2868 nunc
1693 2831 1783 2868 me
1838 2817 1897 2870 et
1940 2815 2002 2868 in
2048 2813 2339 2884 scripturis
2398 2815 2607 2870 codicis

307 2890 556 2947 Palatini
601 2892 984 2948 exscribendis
1033 2894 1384 2963 acquieuisse
1433 2894 1625 2949 codice
1672 2893 2079 2965 Bambergensi
2115 2897 2322 2966 spreto,
2360 2895 2473 2949 nisi
2510 2895 2608 2949 ubi

303 2989 372 3026 eo
419 2971 494 3025 ad
539 2973 996 3028 constituendam
1041 2992 1237 3029 ueram
1283 2974 1619 3043 scripturam
1665 2973 1821 3028 illius
1858 2991 1998 3044 opus
2036 2979 2199 3042 esset,
2238 2977 2297 3030 et
2332 2975 2393 3028 in
2430 2976 2607 3030 nomi-

301 3052 512 3106 nandis
554 3053 692 3108 uiris
741 3053 942 3120 doctis,
989 3053 1086 3124 qui
1134 3055 1204 3109 de
1247 3054 1641 3108 emendatione
1677 3054 1827 3109 bene
1862 3054 2050 3109 meriti
2091 3059 2294 3123 essent,
2332 3055 2471 3110 locis
2510 3055 2609 3109 ubi

299 3133 730 3202 proposuissent
765 3132 1007 3201 omissis,
1055 3133 1103 3188 si
1139 3136 1198 3188 in
1237 3134 1486 3189 editione
1521 3150 1650 3188 mea
1689 3133 1870 3190 altera
1907 3135 2064 3204 (anni
2105 3140 2263 3206 1884)
2302 3134 2607 3208 significati

299 3215 510 3266 essent.

483 3373 756 3439 Misniae
802 3399 1023 3440 mense
1069 3377 1423 3444 Februario
1471 3401 1522 3443 a.
1565 3395 1998 3446 Clonccccvl.
