3234 5034
925 1243 1020 1316 M.
1061 1241 1467 1316 TVLLIVS
1524 1241 1861 1316 CICERO
1880 1237 1933 1327 ¹)

630 1397 832 1468 (Natus
871 1414 921 1452 a.
955 1397 1218 1468 106s648,
1258 1413 1367 1452 cos.
1399 1397 1629 1470 essem,
1667 1400 1921 1452 mortuus
1957 1398 2211 1470 43s‘111.)

451 1565 524 1626 Μ.
573 1565 805 1626 Tullius
866 1561 1104 1626 Cicero'
1129 1563 1224 1625 bis
1284 1583 1395 1645 per
1452 1567 1641 1626 uitam
1703 1565 1883 1627 rebus
1943 1565 2276 1627 scribendis
2337 1584 2579 1644 operam

275 1663 461 1742 dedit,
523 1671 593 1724 ut
654 1663 725 1724 ab
782 1665 1171 1744 occupatione
1226 1665 1386 1724 uitae
1442 1662 1716 1743 publicae
1782 1673 2046 1726 remotus
2099 1664 2347 1744 gloriam
2408 1683 2580 1725 sene-

275 1771 540 1823 scentem
581 1761 677 1822 uel
718 1762 928 1823 alienis
968 1760 1234 1822 consiliis
1277 1769 1337 1822 et
1371 1761 1599 1823 inuidia
1638 1761 2011 1824 obscuratam
2050 1761 2486 1841 redintegraret
2523 1771 2583 1823 et

274 1862 332 1919 in
381 1863 612 1921 ciuium
659 1868 890 1921 mentes
938 1868 998 1921 et
1052 1878 1360 1920 sermones
1418 1868 1754 1939 reuocaret,
1809 1862 2070 1940 primum
2126 1880 2176 1920 a.
2216 1857 2473 1940 62s692
2494 1879 2581 1941 sq.

273 1977 405 2018 nam
445 1958 808 2038 simulatque
846 1957 1155 2020 consulatu
1196 1957 1470 2037 decessit,
1509 1957 1742 2038 ssuctuS,
1780 1967 1849 2019 ut
1893 1960 1975 2020 ait
2012 1961 2118 2032 (de
2153 1967 2309 2020 orat.
2342 1960 2385 2019 I
2413 1960 2471 2035 1,
2491 1960 2582 2036 3),

273 2057 342 2117 ab
400 2076 471 2118 eo
534 2076 566 2117 a
623 2059 924 2118 communi
977 2065 1146 2138 peste
1206 2055 1440 2137 depulsi
1493 2059 1556 2117 in
1613 2077 1749 2119 eum
1811 2059 2009 2137 ipsum
2075 2056 2581 2118 redundauerunt.

272 2155 489 2236 itaque,
541 2174 678 2216 cum
723 2157 991 2216 omnium
1039 2155 1197 2216 oculi
1234 2157 1296 2215 in
1334 2155 1699 2236 Pompeium,
1740 2159 1843 2236 qui
1880 2155 2054 2217 modo
2092 2155 2314 2216 bellum
2352 2155 2581 2216 Mithri-

272 2253 538 2315 daticum
584 2273 815 2314 summa
862 2273 996 2314 cum
1042 2253 1229 2332 gloria
1268 2254 1623 2333 confecerat,
1664 2257 1941 2316 conuersi
1979 2261 2197 2334 essent,
2234 2253 2411 2335 paulo
2446 2262 2585 2333 post

273 2354 750 2414 coniurationem
813 2351 1105 2412 detectam
1163 2347 1576 2430 ‘epistulam
1644 2369 1763 2412 non
1830 2351 2191 2412 mediocrem
2258 2351 2330 2412 ad
2394 2354 2586 2412 instar

271 2450 601 2511 uoluminis
657 2447 963 2528 scriptam’
1013 2445 1120 2509 ‘de
1177 2447 1394 2510 rebus
1451 2451 1604 2509 suis
1662 2452 1733 2510 in
1782 2450 2160 2511 consulatu
2208 2447 2460 2528 gestis’
2510 2448 2583 2509 ad

273 2567 408 2608 eum
456 2550 522 2607 in
571 2549 768 2607 Asiam
817 2547 1026 2607 Cicero
1073 2549 1237 2607 misit
1284 2546 1651 2627 eandemque
1702 2547 1879 2607 simul
1937 2551 2115 2608 etiam
2160 2547 2383 2628 publici
2430 2549 2583 2608 iuris

271 2647 436 2726 fecit,
485 2654 558 2707 ut
603 2644 665 2704 L.
703 2643 1040 2725 Torquatus
1087 2647 1205 2706 iam
1252 2663 1389 2706 cum
1438 2645 1661 2706 Sullam
1711 2655 2021 2708 accusaret
2068 2639 2147 2729 (a.
2179 2639 2467 2731 62s692),
2516 2665 2583 2706 ea

271 2747 358 2805 uti
405 2752 617 2824 posset
662 2746 700 2817 (
701 2746 820 2805 Cic.
845 2762 970 2821 pro
1012 2745 1182 2805 Sulla
1219 2744 1323 2820 24,
1356 2745 1489 2820 67),
1536 2745 1804 2804 imitatus
1844 2745 2177 2826 exemplum
2220 2743 2585 2824 Scipionum,

270 2845 370 2922 qui
420 2843 496 2904 de
547 2840 728 2902 rebus
773 2841 1005 2902 bellicis
1053 2841 1338 2923 epistulas
1387 2841 1776 2904 confecerunt
1822 2842 2257 2922 edideruntque
2306 2835 2583 2918 (Fraqm.

269 2943 405 3002 hist.
445 2943 624 3002 Rom.
648 2959 715 3018 p.
757 2941 1074 3016 113sqq.).
1167 2959 1380 3001 uerum
1437 2948 1653 3020 tamen,
1712 2959 1849 3002 cum
1895 2937 2174 3021 ‘quadam
2231 2938 2581 3020 superbiore

269 3041 555 3100 iactantia
602 3036 878 3099 omnibus
926 3057 991 3098 se
1037 3038 1314 3116 gloriosis
1354 3037 1604 3100 ducibus
1649 3036 2076 3118 anteponeret',
2121 3039 2233 3101 hac
2271 3039 2583 3100 insolentia

270 3136 521 3218 Pompei
573 3136 942 3197 stomachum
979 3133 1159 3197 ‘haud
1196 3135 1600 3198 mediocriter'
1645 3139 1833 3198 mouit
1871 3139 2099 3211 (Schol.
2139 3139 2284 3199 Bob.
2323 3141 2411 3198 ad
2460 3139 2583 3199 Cic.

266 3253 382 3312 pro
423 3237 642 3297 Plane.
667 3254 735 3313 p.
765 3235 899 3296 270
915 3254 1001 3312 sq.
1043 3235 1192 3314 On),
1231 3237 1333 3315 qui
1379 3253 1584 3296 mense
1622 3235 1947 3297 Februario
1997 3244 2251 3297 exeunte
2297 3235 2396 3297 uel
2432 3234 2583 3296 Mar-

272 3337 353 3396 tio
400 3336 654 3396 ineunte
701 3353 750 3394 a.
791 3329 1050 3415 611693
1097 3335 1161 3395 in
1206 3333 1426 3395 litteris
1474 3333 1546 3394 ad
1593 3341 1865 3395 senatum
1916 3333 2067 3396 datis
2115 3353 2282 3414 spem
2330 3335 2435 3394 otii
2478 3353 2584 3394 sua

271 3451 452 3512 opera
502 3433 770 3494 restituti
823 3431 1086 3493 ostendit
1139 3439 1315 3511 atque
1369 3433 1625 3512 priuatis
1672 3432 1947 3493 Ciceroni
2001 3431 2369 3494 uoluntatem
2418 3450 2583 3492 suam

271 3529 550 3592 breuiter
605 3531 981 3610 significauit,
1037 3527 1142 3591 sed
1201 3529 1657 3609 gratulationem
1716 3549 1920 3591 rerum
1978 3530 2049 3590 ab
2104 3530 2219 3590 hoc
2265 3537 2586 3609 gestarum,

273 3648 454 3708 quam
495 3635 932 3709 expectauerat,
970 3630 1212 3689 omnino
1240 3629 1650 3708 praetermisit
1678 3636 1853 3708 atque
1884 3629 2235 3689 Ciceronem
2274 3647 2345 3688 ex
2376 3646 2585 3706 magna

274 3747 378 3807 spe
427 3724 778 3788 deturbauit
824 3729 942 3800 (ad
977 3727 1126 3804 fam.
1171 3727 1331 3800 V7).
1425 3745 1636 3806 parum
1693 3728 1877 3805 igitur
1922 3726 2179 3787 feliciter
2222 3726 2335 3786 hoc
2387 3724 2584 3786 libello

273 3825 568 3886 historiae
618 3843 758 3884 suae
805 3824 1076 3904 prolusit,
1125 3824 1231 3885 sed
1279 3826 1454 3885 etiam
1505 3844 1663 3906 speS,
1710 3844 1855 3905 quas
1903 3827 1967 3885 in
2014 3825 2145 3885 aliis
2194 3823 2585 3904 scriptoribus

275 3929 590 4003 posuerat,
648 3941 785 3984 eum
841 3922 1196 3985 fefellerunt.
1271 3941 1408 3984 nam
1455 3941 1649 4003 neque
1702 3923 1968 4003 Archias,
2016 3940 2192 4003 quem
2241 3942 2289 3983 a.
2330 3917 2583 4002 62s692

277 4021 434 4101 apud
472 4021 708 4082 iudices
747 4020 1108 4101 defenderat,
1148 4030 1248 4083 aut
1283 4021 1551 4102 Thyillus
1600 4031 1807 4101 poetae
1854 4021 2065 4083 Graeci
2112 4023 2243 4082 eius
2290 4022 2585 4081 amicitiae

277 4121 736 4201 patrocinioque
790 4122 1042 4199 gratiam
1097 4119 1483 4199 rettulerunt,
1530 4121 1645 4181 etsi
1692 4120 1943 4200 polliciti
1992 4128 2159 4181 erant
2207 4122 2349 4196 (pro
2395 4121 2583 4180 Arch.

462 4315 519 4380 1)
557 4309 685 4363 Vid.
725 4309 810 4364 W.
847 4309 914 4363 H.
951 4271 1017 4364 DJ
1052 4310 1337 4382 Suringar,
1381 4311 1469 4365 De
1519 4311 1793 4366 Romanis
1838 4309 2288 4381 autobioqraphis
2320 4307 2585 4377 (Leyden,

283 4397 444 4460 1846)
483 4409 540 4461 p.
572 4397 800 4445 21—28.

2098 4479 2160 4532 Ι*
