3234 5034
641 320 828 369 CLXX
1139 299 1236 355 DE
1275 299 1735 357 SCRIPTORVM
1774 300 1963 356 VI'I'IS
2001 300 2095 355 ET
2133 298 2448 355 SCRIPTIS

1354 486 1672 561 IVLIVS
1730 486 2224 561 SECVNDVS

817 668 1094 750 Aequalis
1148 668 1248 729 hic
1305 668 1414 729 fuit
1459 666 1813 738 Quintiliani
1858 660 2013 750 (nati
2059 660 2374 751 35s788)‚
2430 666 2808 728 familiariter
2866 666 2937 729 ab

641 788 710 831 eo
776 776 1005 829 amatus
1069 774 1128 829 et
1191 769 1254 827 in
1317 768 1692 829 institutione
1758 768 2012 827 oratoria
2076 774 2211 846 post
2276 774 2527 827 mortem
2584 758 2653 849 (i.
2704 784 2753 827 c.
2802 774 2937 827 ante

639 886 690 929 a.
729 861 1014 952 90s843)
1063 873 1308 947 propter
1361 867 1572 927 miram
1630 864 1963 926 facundiam
2020 863 2316 943 laudatuS,
2364 866 2445 925 ita
2490 872 2719 944 tamen,
2764 873 2833 925 ut
2876 866 2939 927 in

639 965 844 1028 uerbis
899 964 1188 1046 eligendis
1244 965 1488 1025 nimiam
1553 982 1759 1026 curam
1826 970 2228 1045 consumeret3
2292 963 2441 1025 baec
2505 965 2665 1025 enim
2732 963 2807 1025 de
2868 982 2939 1025 eo

639 1063 864 1128 iudicat
924 1065 986 1125 in
1041 1065 1227 1125 instit.
1279 1059 1379 1143 10,
1431 1060 1486 1143 l,
1542 1058 1701 1125 12οε
1765 1064 1926 1125 Iulio
1984 1064 2291 1140 Secundo,
2345 1067 2402 1124 si
2454 1066 2699 1139 lonqior
2744 1068 2939 1125 conti-

635 1169 824 1241 yisset
869 1170 1056 1240 aetas,
1105 1166 1508 1225 clarissimum
1539 1163 1826 1241 profecto
1872 1179 2087 1223 nomen
2134 1166 2402 1224 oratoris
2453 1164 2625 1240 apud
2650 1170 2941 1240 posteros

634 1263 829 1340 foret:
866 1264 1190 1325 adiecisset
1227 1266 1386 1323 enim
1423 1269 1606 1338 atque
1643 1263 1955 1323 adiciebat
1991 1265 2215 1323 ceteris
2251 1263 2585 1322 uirtutibus
2618 1265 2749 1323 suis
2778 1263 2946 1337 quoa

641 1364 988 1423 desiderari
1018 1368 1240 1438 potest,
1287 1364 1356 1423 ia
1398 1368 1488 1423 est
1533 1370 1751 1438 autem,
1798 1367 1866 1421 ut
1912 1368 2065 1422 esset
2108 1362 2292 1421 multo
2338 1363 2535 1436 mayis
2563 1378 2839 1438 puqnax
2884 1368 2945 1422 et

638 1463 886 1538 saepias
921 1462 1008 1521 ad
1041 1478 1255 1521 curam
1293 1477 1501 1520 rerum
1539 1461 1618 1520 ab
1656 1461 1995 1520 elocutione
2030 1462 2383 1535 respiceret.
2440 1466 2713 1520 ceterum
2749 1464 2939 1521 inter-

639 1567 848 1637 ceptus
902 1575 1140 1635 quoque
1193 1575 1477 1633 maqnum
1530 1558 1650 1619 sibi
1703 1560 1983 1619 uindicat
2040 1560 2271 1619 locum.-
2336 1574 2412 1619 ea
2476 1565 2564 1618 est
2611 1558 2941 1635 facundia,

641 1664 814 1719 tanta
860 1661 924 1718 in
972 1658 1338 1734 explicando
1386 1658 1552 1733 quod
1593 1659 1741 1718 uelit
1782 1658 2013 1731 qratia,
2062 1664 2183 1717 tam
2230 1658 2565 1717 candidum
2604 1664 2663 1718 ct
2698 1660 2836 1719 lene
2882 1668 2941 1719 et

637 1761 974 1833 speciosum
1019 1757 1269 1817 dicendi
1307 1773 1521 1832 oenus,
1569 1761 1743 1816 tanta
1790 1756 2117 1817 uerborum
2171 1758 2355 1817 etiam
2402 1773 2562 1832 quae
2615 1758 2943 1835 adsumpta

638 1864 780 1915 sunt
821 1857 1207 1931 proprietas,
1255 1860 1431 1915 tanta
1477 1858 1540 1914 in
1587 1854 1949 1929 quibusdam
1995 1872 2077 1914 ex
2119 1856 2407 1930 periculo
2439 1858 2660 1932 petitis
2702 1859 2940 1931 signifi-

642 1957 852 2015 cantia
891 1953 1000 2030 (cf.
1042 1970 1092 2013 c.
1131 1952 1192 2031 3,
1223 1951 1326 2012 12.
1374 1951 1477 2025 12,
1518 1952 1620 2027 10,
1653 1952 1786 2027 11).
1860 1953 2059 2031 itaque
2107 1949 2267 2031 quod
2313 1959 2373 2012 et
2418 1951 2517 2013 hic
2562 1958 2623 2013 et
2668 1952 2743 2013 Μ.
2782 1952 2945 2033 Aper

638 2059 706 2113 ut
743 2048 1155 2113 ‘celeberrima
1193 2057 1317 2111 tum
1357 2043 1426 2133 (i.
1457 2068 1506 2111 e.
1536 2068 1585 2111 a.
1620 2044 1902 2134 74s827)
1940 2052 2177 2129 ingenia
2224 2045 2362 2111 fori’
2400 2068 2433 2111 a
2468 2048 2691 2130 Tacito,
2728 2068 2941 2113 eorum

641 2148 908 2211 auditore
955 2156 1016 2209 et
1062 2148 1371 2228 discipulo,
1415 2149 1478 2209 in
1529 2147 1759 2227 dialogo
1796 2151 1878 2223 (c.
1918 2150 1988 2224 2)
2028 2149 2091 2210 in
2136 2146 2591 2211 similitudinem
2638 2148 2703 2211 L.
2738 2148 2943 2212 Crassi

641 2256 700 2309 et
743 2247 817 2309 Μ.
855 2247 1120 2325 Antonii,
1176 2245 1380 2327 quales
1435 2256 1576 2308 sunt
1629 2250 1693 2308 in
1740 2247 2045 2309 Ciceronis
2098 2246 2271 2309 libris
2327 2246 2399 2309 de
2446 2255 2708 2328 oratore,
2756 2248 2945 2310 efficti

641 2353 700 2407 et
755 2344 1080 2407 introducti
1135 2354 1300 2423 sunt,
1357 2347 1436 2407 ita
1485 2364 1586 2407 eos
1634 2364 1871 2408 causam
1920 2346 2299 2409 distribuisse
2352 2344 2661 2426 probabile
2707 2354 2826 2426 est,
2874 2357 2946 2409 ut

638 2451 775 2525 post
822 2444 1228 2506 defensionem
1284 2462 1425 2505 suae
1473 2447 1682 2505 aetatis
1730 2464 1801 2506 ex
1848 2445 2097 2507 historia
2144 2444 2217 2506 ab
2265 2446 2421 2524 Apro
2467 2446 2785 2525 repetitam
2832 2445 2942 2507 Se·

641 2541 872 2605 cundus
919 2541 993 2604 de
1031 2542 1364 2604 elocutione
1401 2542 1757 2625 disputaret;
1804 2562 1937 2605 nam
1976 2545 2173 2624 ipsum
2213 2546 2343 2605 eius
2380 2560 2713 2605 sermonem
2750 2545 2944 2605 inter·

642 2641 858 2704 cidisse
906 2648 1151 2703 constat.
1227 2644 1422 2704 omnia
1472 2643 1657 2722 igitur
1710 2660 1781 2703 eo
1840 2642 2092 2719 ducunt,
2140 2649 2206 2703 ut
2253 2661 2389 2703 cum
2434 2640 2649 2704 Ottone
2694 2640 2947 2704 Hirsch-

641 2739 762 2803 feld
825 2742 1300 2815 (Friedlaendcr
1363 2743 1761 2817 Sittenqesch.
1802 2734 1873 2801 15
1914 2760 1981 2818 p.
2032 2741 2191 2815 162)
2258 2738 2513 2802 eundem
2578 2738 2797 2801 Othoni
2866 2741 2945 2803 ab

642 2838 914 2920 epistulis
977 2838 1162 2903 fuisse
1229 2856 1604 2918 censeamuS,
1669 2838 1743 2899 ad
1798 2838 1955 2919 quod
2010 2858 2229 2900 munus
2284 2845 2528 2918 propter
2582 2838 2943 2918 elegantiam

641 2938 990 2999 elocutionis
1046 2939 1362 3018 praecipue
1420 2938 1669 2999 idoneus
1726 2945 1854 2998 erat
1908 2945 1975 2999 ut
2028 2939 2209 2999 etiam
2263 2936 2337 2998 ad
2385 2935 2807 3018 disputandum
2869 2937 2945 3000 de

638 3037 752 3099 hac
816 3043 943 3097 arte
1005 3038 1068 3096 in
1136 3035 1383 3116 dialogo,
1447 3036 1823 3116 eundemque
1876 3036 2218 3115 Plutarcho,
2274 3037 2376 3116 qui
2434 3054 2571 3097 eum
2637 3036 2945 3099 rhetorem

644 3134 810 3215 dicit,
845 3134 971 3195 'uel
1037 3135 1168 3195 eius
1233 3136 1460 3195 auctori
1525 3134 1596 3196 de
1662 3134 1911 3198 Othonis
1963 3141 2098 3196 ante
2161 3152 2421 3215 pugnam
2476 3132 2943 3197 Bedriacensem

641 3232 1040 3294 sollicitudine
1105 3235 1286 3295 animi
1350 3233 1641 3314 quaedam
1704 3250 1997 3294 narrasse.
2090 3232 2248 3313 quod
2314 3240 2512 3295 tamen
2575 3232 2675 3294 bic
2737 3232 2941 3297 locum

641 3350 816 3393 suum
871 3331 1072 3411 habet,
1129 3351 1246 3393 non
1303 3332 1442 3393 huic
1499 3334 1822 3394 narrationi
1880 3331 1985 3394 sed
2020 3334 2199 3393 ⁴uitae
2252 3330 2387 3393 Iulii
2432 3330 2691 3393 Africani
2739 3331 2945 3413 debet,

641 3448 820 3509 quam
873 3429 946 3491 ab
1007 3448 1078 3491 eo
1133 3431 1416 3510 scriptam
1473 3448 1604 3491 esse
1650 3430 1893 3492 Tacitus
1939 3431 2001 3491 in
2050 3429 2181 3491 dial.
2224 3448 2276 3492 c.
2318 3430 2403 3491 14
2448 3432 2621 3491 testis
2668 3437 2785 3508 est,
2834 3430 2947 3493 ubi

639 3528 987 3608 Vipstanum
1023 3528 1358 3590 Messallam
1395 3527 1735 3591 laudantem
1774 3530 1929 3610 facit,
1976 3528 2135 3609 quod
2173 3528 2484 3592 Secundus
2522 3537 2583 3590 et
2616 3530 2773 3610 Aper
2816 3549 2943 3592 non

642 3627 980 3689 forensibus
1038 3636 1264 3689 tantum
1321 3630 1574 3706 negotiis
1631 3635 1691 3688 et
1748 3627 2163 3689 declamatorio
2226 3628 2423 3691 studio
2483 3627 2588 3690 sed
2642 3628 2945 3691 eiusmodi

643 3727 818 3787 etiam
878 3725 1376 3806 disputationibus
1407 3744 1495 3787 ·se
1545 3725 1787 3806 dedant,
1835 3744 1987 3807 quae
2034 3734 2093 3788 et
2140 3728 2443 3807 ingenium
2490 3726 2649 3791 alant
2694 3734 2753 3788 ct
2802 3746 2943 3790 eru·

645 3821 886 3885 ditionis
925 3842 992 3884 ac
1028 3824 1358 3885 litterarum
1407 3824 1905 3887 iucundissimum
1952 3823 2449 3887 oblectamentum
2496 3824 2761 3904 afferant,
2808 3833 2944 3887 tum

641 3922 726 3983 ita
778 3930 1122 4001 pergentem
1170 3925 1251 3997 (c.
1292 3924 1438 3997 14).·
1501 3927 1710 4000 itaque
1762 3926 1971 3986 hercle
2022 3941 2143 3985 non
2198 3928 2397 3986 minas
2438 3926 2707 4003 probari
2754 3927 2947 3987 uideo

644 4024 708 4080 in
765 4028 848 4099 te,
906 4022 1210 4100 Secunde,
1265 4024 1432 4098 quod
1490 4024 1640 4084 Iulii
1692 4023 1985 4100 Africani
2048 4026 2239 4084 uitam
2301 4024 2709 4101 componendo
2771 4042 2945 4101 spem

643 4120 982 4180 hominibus
1013 4118 1220 4196 fecisti
1234 4124 1514 4198 plurium
1539 4124 1675 4183 eius
1699 4123 1865 4183 modi
1894 4123 2191 4183 librorum
2217 4138 2399 4197 quam
2436 4124 2499 4181 in
2528 4123 2697 4198 Apro
2727 4129 2788 4182 et
2816 4139 2876 4198 q.
2894 4140 2944 4183 s.

645 4213 720 4276 ad
773 4214 931 4277 hun‘c
988 4224 1182 4278 autem
1239 4220 1438 4279 uirum
1497 4218 1807 4281 Secundus
1862 4221 1950 4280 eis
2006 4220 2201 4280 causis
2259 4216 2549 4280 deductus
2598 4226 2717 4297 est,
2776 4219 2945 4298 quod

645 4316 786 4375 item
835 4332 868 4374 e
917 4312 1100 4376 Gallia
1147 4324 1211 4377 ut
1262 4319 1390 4396 ipse
1437 4320 1611 4392 (dial.
1656 4318 1757 4377 10.
1797 4316 1911 4387 28)
1960 4319 2251 4396 originem
2301 4315 2553 4378 ducebat
2607 4316 2945 4398 eodemque
