3234 5034
633 323 747 371 cvt
1116 321 1212 375 DE
1252 321 1719 376 SCRIPTORVM
1748 321 1936 376 VITIS
1972 321 2067 376 ΕΤ
2106 319 2421 376 SCRIPTIS

630 492 972 551 memoriali
1003 508 1072 566 p.
1111 490 1197 550 35
1216 493 1394 567 sqq),
1432 488 1501 549 H.
1541 487 1978 550 llildesheimer
2015 491 2138 562 (De
2182 491 2341 551 libro
2380 491 2473 550 De
2510 493 2667 550 uiris
2713 491 2797 550 ill.
2836 506 2937 548 ur-

630 589 722 649 bis
761 589 994 649 Romae
1023 606 1092 664 p.
1133 587 1221 648 23
1237 605 1362 664 sqq.
1411 587 1499 648 63
1516 590 1695 665 sqq),
1740 585 1911 668 Opitz
1960 589 2282 660 (Fleckeis.
2320 606 2464 648 ann.
2507 586 2635 648 123
2669 604 2739 663 p.
2779 586 2937 660 203)

631 703 768 746 eum
823 687 1174 765 primarium
1232 695 1534 746 auctorem
1594 684 1685 744 illi
1731 685 1917 746 fuisse
1965 688 2368 765 coniecerunt,
2414 684 2570 745 ult-ra
2617 682 2938 764 probahili-

629 791 812 845 tatem
867 785 1234 863 processisse
1287 782 1588 845 uidentur.
1666 782 1922 862 denique
1978 782 2376 862 Hieronymus
2431 801 2495 842 se
2561 781 2634 843 ad
2696 780 2937 845 Eusebii

630 883 910 944 chronica
956 881 1213 961 plurima
1261 879 1562 942 addidisse
1611 879 1710 942 uel
1757 883 2091 960 miscuisse,
2139 877 2315 960 ‘quae
2365 880 2437 942 de
2482 880 2829 960 Tranquillo
2880 889 2940 940 et

630 982 848 1042 ceteris
887 979 1240 1042 inlustribus
1254 973 1304 1063 1)
1344 979 1649 1040 historicis
1692 980 2099 1040 curiosissime
2147 975 2570 1059 excerpsisset'
2618 977 2937 1040 adfirmans

631 1081 722 1156 (p.
739 1079 784 1138 3
799 1079 967 1152 Sch.)
981 1080 1082 1139 uix
1109 1076 1414 1138 dubitatur
1432 1078 1576 1156 quin
1603 1075 1797 1138 solum
1817 1075 2232 1156 Tranquillum
2257 1079 2319 1138 in
2344 1077 2619 1138 manibus
2641 1075 2937 1137 habuerit.

805 1175 890 1236 De
955 1175 1238 1236 Italicis
1300 1173 1607 1236 urbibus
1668 1175 1781 1236 hoc
1825 1177 2235 1236 testimonium
2284 1174 2570 1236 habemus
2617 1174 2819 1237 Seruii
2865 1173 2935 1234 ad

627 1275 770 1336 Aen.
799 1273 900 1334 v11
937 1269 1096 1336 678:
1145 1275 1237 1334 De
1285 1275 1645 1334 ciuitatibus
1690 1277 1875 1334 totius
1920 1275 2087 1334 orbis
2131 1277 2307 1335 multi
2351 1275 2595 1349 quidem
2640 1292 2723 1334 ex
2746 1281 2937 1350 parte

625 1376 1026 1449 scripserunt,
1066 1374 1154 1433 ad
1173 1375 1427 1448 plenum
1465 1380 1667 1432 tamen
1704 1373 2089 1433 Ptolomaeus
2133 1373 2384 1448 Graece,
2422 1372 2645 1433 Latine
2683 1373 2936 1432 Plinius,

628 1472 705 1532 de
743 1471 982 1531 Italicis
1028 1475 1212 1530 eliam
1259 1471 1512 1531 urbibus
1561 1470 1841 1545 quinus
1875 1472 2229 1546 plenissime
2272 1474 2523 1546 scripsit
2569 1479 2629 1531 et
2674 1471 2825 1532 Cato
2872 1474 2931 1530 in

626 1570 988 1644 oriyinibus.
1065 1570 1236 1644 apud
1277 1585 1483 1628 omnes
1529 1575 1749 1643 tamen,
1795 1571 1852 1628 si
1894 1570 2223 1642 diligenter
2260 1570 2573 1643 aduertas,
2612 1569 2689 1629 de
2726 1575 2934 1629 aucto-

627 1669 802 1728 ribus
847 1668 1238 1728 conditarum
1295 1668 1537 1726 urbium
1595 1667 1891 1726 dissensio
1949 1670 2282 1740 inuenitur,
2332 1668 2486 1726 adeo
2534 1676 2600 1726 ul
2644 1684 2724 1727 ne
2770 1667 2937 1726 urbis

627 1766 870 1842 quidem
908 1766 1141 1826 Romae
1188 1769 1364 1838 oriyo
1399 1767 1601 1840 possit
1648 1766 1980 1839 diliqenter
2026 1768 2297 1839 agnosci.
2373 1781 2549 1842 quam
2599 1763 2931 1843 inscriptio-

624 1881 764 1924 nem
811 1861 1014 1940 Unger
1059 1864 1146 1939 (p.
1184 1862 1345 1935 211)
1393 1869 1642 1941 propter
1688 1861 1758 1921 fr.
1799 1857 1839 1922 8
1888 1860 1961 1921 ad
2007 1879 2191 1922 unum
2240 1860 2489 1937 librum,
2537 1880 2655 1941 quo
2704 1859 2777 1922 de
2824 1861 2931 1922 lta-

627 1961 760 2022 licis
807 1959 978 2021 libris
1026 1962 1266 2039 egisset,
1312 1961 1617 2039 pertinere
1666 1961 1917 2038 censuit,
1966 1967 2153 2020 totum
2201 1966 2398 2020 autem
2445 1977 2597 2039 opus
2644 1958 2717 2020 ad
2753 1958 2932 2020 urbes

627 2058 791 2118 orbis
846 2067 1170 2138 terrarum,
1228 2064 1286 2118 at
1341 2055 1606 2135 neglexit.
1662 2065 1721 2117 et
1778 2056 1974 2117 Seruii
2031 2059 2440 2118 testimonium
2486 2057 2932 2136 fragmentaque

628 2155 896 2217 eiusdem
945 2157 1127 2216 certis
1184 2153 1677 2234 inscriptionibus
1728 2154 1969 2216 definita
2009 2156 2117 2232 (fr.
2156 2156 2216 2216 9.
2257 2155 2359 2216 11.
2400 2155 2502 2216 12.
2546 2155 2658 2230 13)
2706 2164 2767 2216 et
2812 2163 2933 2216 stu-

631 2253 792 2314 dium
847 2253 1063 2332 Hygini
1129 2271 1223 2332 ea,
1290 2271 1441 2332 quae
1496 2251 1831 2314 Alexander
1888 2252 1959 2313 de
2014 2251 2289 2332 pluribus
2353 2254 2534 2314 terris
2600 2251 2933 2332 collegerat,

628 2355 783 2412 intra
849 2352 997 2412 lines
1061 2350 1262 2411 Italiae
1330 2352 1663 2412 coercentis
1671 2397 1689 2429 ,
1746 2352 2050 2430 mirorque
2106 2349 2541 2428 Muenzerum,-
2573 2349 2732 2431 quod
2798 2369 2931 2411 eum

627 2456 870 2511 secutus
917 2458 1011 2510 est
1057 2449 1340 2522 (Ouellen
1390 2451 1447 2509 d.
1488 2451 1645 2510 Plin.
1672 2467 1739 2526 p.
1782 2449 1958 2522 130).
2026 2456 2294 2509 ceterum
2331 2451 2605 2528 magistri
2644 2450 2930 2509 rationem

628 2545 969 2628 disputandi
1037 2548 1310 2626 retinuit,
1375 2565 1512 2608 cum
1579 2556 1639 2607 et
1705 2565 1803 2607 res
1875 2545 2109 2607 Italicas
2174 2565 2247 2608 ex
2314 2547 2562 2608 Graecia
2636 2554 2935 2626 repeteret

629 2645 736 2722 (fr.
777 2647 835 2706 5.
878 2646 933 2705 7.
973 2644 1032 2706 8.
1072 2645 1130 2704 9.
1172 2645 1285 2718 12)
1335 2652 1396 2706 et
1440 2653 1733 2723 auctoreS,
1781 2646 1939 2706 inter
1986 2663 2134 2724 quos
2180 2644 2542 2705 Protarchus
2580 2642 2933 2722 TrallianuS,

625 2743 828 2821 Varro,
875 2741 1016 2802 Cato
1065 2742 1324 2821 fuerunt,
1371 2743 1707 2803 nominaret
1754 2749 1811 2803 et
1859 2741 2088 2804 fabulas
2140 2740 2475 2804 delectandi
2521 2761 2701 2804 causa
2749 2744 2931 2803 inter·

625 2849 878 2922 poneret
940 2858 1161 2919 easque
1226 2839 1430 2901 multis
1491 2839 1695 2901 uerbis
1752 2848 2068 2901 exornaret
2116 2840 2225 2917 (fr.
2264 2840 2355 2919 8),
2401 2859 2549 2920 quas
2605 2838 2929 2920 arripiendi

627 2941 971 3000 occasiones
1041 2957 1112 2999 ex
1173 2939 1404 3016 origine
1471 2937 1639 2999 urbis
1712 2937 2059 3020 explicanda
2130 2937 2426 3018 capiebat,
2489 2956 2641 3017 quae
2706 2955 2805 2998 res
2868 2945 2933 2998 ut

627 3038 804 3098 etiam
851 3035 1206 3116 polyhistori
1253 3054 1440 3115 paene
1489 3053 1729 3116 semper
1773 3035 2098 3098 infeliciter
2136 3039 2192 3097 ei
2231 3037 2431 3114 cessit,
2478 3037 2759 3115 quoniam
2800 3034 2933 3097 doc-

627 3136 782 3196 trina
829 3137 959 3195 eius
1007 3136 1202 3194 omnia
1251 3133 1324 3194 ad
1373 3136 1662 3195 rationem
1713 3134 2199 3213 intellectumque
2248 3151 2539 3196 reuocans
2584 3151 2932 3214 peruersam

626 3231 990 3294 Graecorum
1029 3230 1424 3311 Varronisque
1473 3234 1866 3294 imitationem
1907 3234 2062 3311 sapit
2100 3240 2276 3311 atque
2316 3250 2492 3312 saepe
2532 3231 2787 3292 absurda
2827 3241 2931 3293 est.

627 3332 935 3392 materiam
1003 3329 1260 3408 denique
1327 3331 1408 3390 ita
1476 3328 1707 3408 diuisit,
1773 3337 1839 3390 ut
1894 3331 2155 3410 propriis
2220 3328 2516 3410 capitibus
2574 3328 2645 3391 de
2704 3331 2931 3408 origine

627 3430 734 3507 (fr.
775 3429 845 3503 9)
893 3435 954 3488 et
1002 3426 1074 3489 de
1123 3429 1242 3487 situ
1290 3428 1406 3504 (fr.
1447 3429 1549 3489 10.
1590 3429 1704 3502 13)
1754 3435 1973 3507 ageret.
2050 3429 2379 3507 fragmenta
2428 3430 2557 3488 eius
2606 3427 2744 3488 libri
2792 3427 2933 3488 solis

627 3525 922 3588 debentur
958 3525 1170 3587 Seruio
1210 3526 1326 3602 (fr.
1369 3527 1426 3586 5.
1460 3526 1516 3584 7.
1547 3526 1606 3586 9.
1648 3525 1940 3600 10-13)
1981 3534 2041 3586 et
2078 3525 2373 3586 Macrobio
2413 3525 2521 3603 (fr.
2562 3525 2619 3586 6.
2660 3525 2751 3602 8),
2790 3545 2932 3605 quo·

625 3643 758 3686 rum
805 3633 1060 3704 uterque
1109 3621 1426 3684 scholiasta
1473 3623 1671 3703 aliquo
1709 3622 2044 3703 Vergiliano
2092 3641 2225 3684 esse
2272 3642 2418 3685 usus
2464 3622 2722 3684 uidetur.

803 3721 1071 3801 Denique
1099 3721 1366 3801 Hyginus
1395 3722 1575 3782 etiam
1606 3721 1687 3782 de
1718 3721 2020 3782 familiis
2048 3720 2385 3782 Troianis
2416 3723 2659 3802 scripsit
2678 3722 2786 3798 (sr.
2802 3723 2931 3798 14),

623 3821 802 3882 Attici
838 3821 1238 3900 Varronisque
1295 3817 1562 3898 exempla
1609 3820 1981 3899 Augustique
2036 3817 2407 3880 uoluntatem
2454 3827 2725 3900 secutus3
2782 3836 2932 3900 quae

624 3917 824 3979 addidi
884 3918 1207 3996 fragmenta
1262 3912 1550 3995 15—-17,
1607 3919 1849 3978 omnino
1906 3919 2132 3978 incerta
2190 3925 2356 3997 sunt,
2414 3919 2669 3978 maxime
2717 3917 2789 3978 fr.
2834 3913 2931 3995 16,

625 4015 782 4098 quod
838 4017 1088 4076 forsitan
1147 4015 1362 4076 melius
1419 4015 1492 4076 ad
1551 4014 1769 4076 librum
1830 4013 1937 4076 ‘De
1992 4014 2459 4094 proprietatibus
2520 4011 2789 4075 deorum’
2842 4033 2929 4074 re·

624 4114 867 4176 feratur.

804 4325 856 4392 1)
893 4321 980 4376 his
1015 4321 1138 4376 hist.
1180 4319 1300 4375 cod.
1333 4320 1703 4390 Amandinus‚
1744 4325 1805 4376 in
1840 4323 1963 4376 hist.
1998 4320 2097 4374 alii
2136 4319 2316 4386 codd.,
2354 4321 2441 4376 his
2479 4319 2681 4374 deleui.
