3234 5034
1108 329 1449 388 AVFIDIVS
1488 329 1756 388 BASSVS
2341 355 2580 405 cxxvn

278 504 692 564 auctoritatem
748 501 962 562 melius
1018 520 1151 562 eum
1208 502 1577 580 praestitisse
1635 521 1811 582 quam
1869 501 2192 564 Seruilium
2240 501 2577 566 Nonianum

278 608 453 680 atque
518 602 779 662 maxime
842 601 907 660 in
980 597 1148 660 libris
1219 598 1364 660 belli
1426 599 1765 660 Germanici
1827 599 2226 671 Quintilianus
2291 601 2581 664 iudicauit

279 700 349 772 (l.
384 700 485 774 s.),
534 717 715 778 quam
762 715 897 759 cum
943 699 1007 758 in
1054 717 1123 759 eo
1170 699 1424 777 positam
1472 716 1603 760 esse
1649 698 1812 777 uelit,
1859 706 1926 760 ut
1972 717 2178 779 pressa
2226 701 2306 761 sit
2351 710 2578 762 currat-

278 815 391 876 que
440 815 511 857 ac
550 799 779 857 feratur
824 796 959 870 (IX
987 796 1047 874 4,
1086 795 1199 870 18)
1256 814 1451 876 neque
1509 814 1574 857 se
1633 795 2102 876 digressionibus
2148 797 2458 878 impediat,
2515 801 2578 860 in

274 895 367 955 his
414 893 761 973 diligentius
806 895 1212 973 intentiusque
1274 894 1367 955 his
1426 897 1764 974 praeceptis
1823 913 2064 976 operam
2122 894 2358 960 dedisse
2413 898 2578 958 uide-

275 1001 372 1054 tur
419 1001 601 1073 atque
645 995 711 1052 in
756 991 1003 1053 historia
1048 992 1147 1053 hic
1192 991 1315 1053 illic
1362 995 1757 1073 expectationi
1802 993 2109 1056 hominum
2157 1000 2286 1056 tum
2324 994 2577 1056 delecta-

274 1093 455 1152 tionis
504 1089 825 1152 admodum
872 1090 1170 1152 studiosae
1218 1090 1497 1152 defuisse.
1552 1091 1740 1153 nihilo
1787 1094 1986 1153 minus
2025 1090 2395 1172 eloquentiae
2433 1113 2578 1158 suae

274 1191 485 1251 aetatis
554 1190 726 1268 quasi
782 1189 1051 1268 exempla
1106 1199 1535 1269 proponentem
1583 1208 1686 1250 eos
1733 1189 1875 1252 facit
1927 1189 2001 1251 M.
2057 1190 2282 1270 Aprum
2336 1191 2578 1255 Tacitus

272 1291 335 1348 in
380 1287 619 1367 dialogo
666 1289 748 1364 (c.
785 1287 922 1368 23),
968 1286 1072 1348 ubi
1120 1305 1221 1348 eos
1260 1286 1497 1367 irridet,
1544 1284 1671 1368 ‘qui
1720 1287 2015 1350 Lucilium
2059 1307 2170 1369 pro
2215 1289 2458 1352 Horatio
2519 1301 2578 1353 et

274 1386 621 1448 Lucretium
680 1405 789 1466 pro
844 1384 1103 1464 Vergilio
1162 1385 1391 1466 legunt,
1457 1386 1674 1466 quibus
1737 1385 2070 1467 eloquentia
2131 1387 2349 1448 Aufidii
2407 1388 2577 1451 Bassi

273 1493 370 1546 aut
418 1483 669 1546 Seruilii
716 1483 969 1545 Noniani
1026 1502 1097 1545 ex
1154 1486 1593 1564 comparatione
1642 1483 1928 1547 Sisennae
1975 1493 2078 1547 aut
2121 1487 2401 1548 Varronis
2449 1505 2575 1550 sor-

274 1581 411 1644 det'.
508 1583 575 1644 in
632 1582 978 1662 fragmentis
1036 1589 1235 1643 tamen
1291 1582 1463 1644 nobis
1519 1581 1753 1644 traditis
1810 1586 1956 1644 artis
2003 1584 2228 1665 studio,
2283 1594 2350 1646 ut
2403 1585 2576 1646 nobis

270 1681 533 1760 uidetur,
580 1682 833 1742 nimium
878 1680 1141 1760 indulsit,
1188 1689 1256 1742 ut
1300 1683 1361 1741 in
1410 1680 1716 1743 Ciceronis
1761 1689 1952 1744 morte
2009 1682 2346 1744 exornanda
2397 1686 2572 1746 etiam

272 1778 551 1841 absurdis
610 1778 1070 1840 declamatorum
1126 1780 1387 1841 inuentis
1442 1788 1740 1860 uteretur,
1797 1789 1972 1861 atque
2026 1781 2209 1842 uerba
2264 1801 2450 1861 paene
2509 1785 2572 1844 in

272 1877 701 1940 obscuritatem
752 1877 1014 1939 detorsit.

450 1975 572 2037 Sed
618 1977 736 2036 iam
785 1983 921 2037 ante
966 1975 1237 2038 Tacitum
1284 1975 1837 2056 Quintilianumque
1881 1977 2112 2039 Plinius
2160 1980 2402 2057 triginta
2450 1980 2572 2041 sere

270 2077 444 2136 annis
505 2073 739 2135 Aufidio
784 2077 985 2135 minor
1039 2093 1173 2136 eum
1222 2075 1553 2155 principem
1598 2075 1883 2138 historiae
1941 2094 2084 2138 suae
2141 2079 2350 2138 aetatis
2407 2076 2576 2139 duxit

271 2173 365 2234 uel
394 2191 427 2234 a
457 2175 679 2234 ceteris
720 2171 855 2234 duci
894 2175 1273 2253 existimauit,
1308 2181 1377 2234 ut
1414 2173 1622 2235 eadem
1658 2175 1787 2254 ipse
1826 2174 2092 2236 scribere
2129 2173 2330 2254 nollet,
2367 2194 2572 2256 quam-

271 2290 447 2350 quam
494 2273 563 2332 in
608 2269 867 2332 naturali
912 2271 1159 2332 historia
1206 2271 1391 2332 semel
1437 2290 1573 2333 eum
1613 2273 1822 2333 citauit
1868 2265 2037 2355 (nam
2076 2272 2146 2335 de
2187 2291 2302 2353 quo
2340 2274 2572 2336 Aufidio

270 2370 339 2430 Vl
376 2367 462 2430 27
514 2369 731 2431 melius
779 2371 1104 2448 cogitamus
1150 2389 1327 2450 quam
1377 2369 1448 2431 de
1494 2364 1708 2455 hoc‘P),
1765 2371 1828 2432 in
1883 2370 2181 2433 indicibus
2227 2391 2570 2452 numquam.

269 2485 343 2529 ne
382 2468 631 2529 Tacitus
668 2467 907 2547 quidem
956 2486 1092 2528 eum
1128 2469 1476 2547 nominauit,
1522 2487 1716 2548 neque
1753 2487 1900 2529 uero
1935 2469 2048 2531 hoc
2083 2471 2388 2550 miramur,
2435 2491 2570 2533 cum

270 2567 331 2626 in
384 2564 705 2627 annalibus
762 2574 895 2627 ante
957 2564 1255 2627 Neronem
1300 2567 1601 2628 neminem
1659 2573 1961 2629 auctorem
2015 2577 2254 2648 praeter
2311 2569 2570 2632 Plinium

270 2666 559 2726 maiorem
616 2664 689 2738 (I
717 2665 805 2725 69
856 2666 1359 2726 Germanicorum
1412 2667 1705 2727 bellorum
1757 2669 2146 2744 scriptorem)
2211 2686 2284 2729 eo
2347 2669 2570 2730 bonore

274 2755 687 2846 diguauerit.¹)
780 2761 994 2842 quodsi
1038 2781 1244 2824 omnes
1292 2763 1417 2824 sere
1464 2764 1583 2824 uiri
1633 2761 1789 2824 docti
1838 2757 2062 2847 (nuper
2095 2768 2350 2828 maxime
2389 2766 2568 2828 Fabia

258 2879 324 2938 p.
352 2855 519 2945 407)
578 2879 715 2921 eum
770 2861 925 2939 parti
980 2859 1215 2922 cuidam
1270 2860 1571 2922 annalium
1627 2879 1746 2922 non
1800 2880 1976 2941 posse
2031 2863 2277 2926 subesse
2333 2873 2570 2944 negant,

270 2977 388 3020 nou
432 2960 681 3020 omnino
727 2957 921 3019 abnuo
932 2951 1013 3042 ²),
1070 2977 1265 3039 neque
1313 2967 1535 3038 tamen,
1591 2977 1710 3039 quo
1755 2961 1853 3021 hic
1898 2979 2044 3022 usus
2089 2964 2411 3042 pertineat,
2469 2962 2568 3024 de-

272 3057 443 3118 linire
481 3057 689 3136 aude0,
729 3075 905 3136 quem
943 3057 1044 3117 alii
1079 3075 1269 3137 usque
1308 3057 1381 3118 ad
1416 3057 1670 3134 Tiberii,
1719 3057 1821 3118 alii
1857 3051 2188 3141 (Detlefsen
2239 3062 2451 3123 Philol.
2481 3062 2569 3122 34

260 3173 326 3233 p.
361 3156 467 3216 48.
527 3154 877 3216 Gutschmid
924 3157 1023 3217 Kl.
1062 3157 1239 3217 Schr.
1282 3157 1337 3216 V
1360 3175 1427 3233 p.
1464 3149 1626 3239 357)
1683 3174 1875 3235 usque
1932 3156 2005 3218 ad
2061 3155 2356 3237 Caligulae
2411 3178 2569 3221 mor-

270 3261 389 3314 tem
446 3254 841 3333 pertinuisse,
900 3252 1001 3314 alii
1065 3255 1445 3332 (Nipperdey
1486 3254 1697 3332 praes.
1755 3258 1847 3317 ed.
1913 3255 2052 3317 Tac.
2093 3274 2160 3333 p.
2211 3256 2328 3331 28)
2391 3258 2566 3318 etiam

272 3350 501 3412 Claudii
546 3353 785 3430 imperii
828 3358 1058 3431 partem
1104 3351 1203 3412 uel
1238 3359 1425 3414 totum
1466 3353 1742 3425 (Urlichs
1795 3355 2118 3416 Chrestom.
2161 3356 2314 3416 Ptin.
2340 3374 2408 3432 p.
2448 3359 2567 3431 ιιι)
2685 3347 2691 3351 ’

272 3450 649 3530 complexum
694 3467 829 3510 esse
872 3457 1101 3529 putant.
1192 3452 1511 3512 auctoritas
1558 3452 1688 3512 eius
1745 3453 1920 3513 etiam
1978 3451 2134 3513 ultra
2185 3453 2374 3514 Taciti
2421 3461 2568 3515 tem-

268 3567 411 3626 pora
478 3548 735 3626 durauit,
800 3555 869 3608 ut
932 3566 1066 3609 cum
1124 3547 1535 3610 Cassiodorius
1589 3549 1689 3610 uel
1746 3567 1922 3629 quem
1979 3553 2293 3630 excerpsit,
2361 3570 2566 3613 eorum

270 3663 581 3726 annorum,
628 3665 779 3726 quos
817 3665 997 3726 supra
1036 3645 1310 3725 diximus,
1356 3655 1424 3708 ut
1458 3649 1810 3727 primarium
1849 3657 2150 3710 auctorem
2189 3657 2432 3711 secutus
2471 3651 2565 3711 sit.

450 3881 504 3949 1)
568 3878 871 3934 Suetonius
935 3896 1063 3935 eum
1126 3882 1355 3951 propter
1426 3879 1609 3950 ipsam
1675 3880 2055 3950 eloquentiam
2126 3885 2566 3952 ornamentaque

268 3959 552 4028 spreuisse
587 3959 831 4016 uidetur.

450 4041 505 4108 2)
542 4039 627 4094 De
654 4038 895 4095 Seruilio
922 4039 1183 4096 Noniano
1211 4059 1265 4095 u.
1288 4060 1343 4111 p.
1365 4061 1573 4096 cxxvm
1594 4059 1695 4111 sq„
1725 4043 1794 4097 de
1823 4042 1999 4098 Fabio
2028 4043 2260 4098 Rustico
2288 4061 2343 4114 p.
2367 4062 2562 4100 cnxvn.
