3234 5034
662 367 701 412 C
1159 363 1256 417 DE
1296 363 1763 418 SCRIPTORVM
1798 361 1990 416 VITIS
2026 361 2122 416 ΕΤ
2161 360 2477 416 SCRIPTIS

661 529 853 609 qualis
911 531 1115 609 suerit,
1175 549 1294 592 non
1350 531 1494 592 satis
1542 536 1802 611 constat3
1858 548 1995 592 nam
2043 529 2233 609 Lipsii
2278 529 2680 606 coniecturae,
2729 529 2835 608 qui
2881 547 2977 589 co-

664 627 863 690 dicum
909 633 1094 691 etiam
1139 633 1492 690 memoriam
1537 633 1670 690 eius
1717 630 1987 708 speciose
2026 625 2373 689 emendauit
2406 645 2449 688 a
2484 630 2782 690 memoria
2828 632 2977 700 eius,

661 725 724 786 id
762 727 975 806 obstat,
1014 725 1173 807 quod
1210 728 1324 788 hoc
1359 745 1580 788 munus
1617 744 1737 787 non
1777 729 2084 788 inuenitur
2125 726 2245 786 nisi
2280 733 2417 805 post
2454 726 2837 804 imperatoris
2870 724 2977 786 Ca-

663 823 913 885 racallae
980 833 1232 886 aetatem
1299 821 1779 903 (Fr-iedlaender
1834 826 2235 899 Sittenyesch.
2273 817 2354 883 1⁵
2392 843 2459 900 p.
2498 823 2645 884 169.
2724 823 2976 884 Hirsch-

657 923 792 1000 feld
832 924 1112 984 Verwalt.
1134 917 1159 956 ²
1191 943 1259 1000 Ρ.
1289 921 1469 998 334),
1517 927 1583 984 in
1630 927 1923 984 memoria
1960 927 2093 984 eius
2130 929 2348 999 autem,
2396 919 2553 1001 quod
2592 918 2980 982 casaubonus

662 1019 881 1101 uoluit,
928 1039 1122 1098 nuper
1167 1019 1238 1080 ab
1287 1019 1623 1081 Hillschero
1662 1017 1985 1100 (Fleckeis.
2019 1022 2225 1098 Suppl.
2252 1020 2495 1080 XVIII
2509 1039 2576 1096 Ρ.
2606 1016 2770 1098 385)
2822 1037 2980 1080 com-

663 1117 1029 1197 mendatum,
1083 1117 1182 1179 uel
1237 1123 1302 1180 in
1359 1122 1653 1180 memoria
1709 1123 1879 1180 uitae
1932 1122 2089 1192 eius,
2147 1116 2307 1197 quod
2343 1116 2526 1194 Wolf,
2582 1119 2785 1177 minus
2832 1116 2979 1178 mihi

663 1216 887 1296 placet,
954 1215 1113 1296 quod
1176 1215 1498 1278 Suetonius
1561 1233 1809 1295 perraro
1876 1217 2105 1278 auctori
2170 1217 2625 1294 inscriptionem
2681 1213 2827 1276 libri
2882 1212 2981 1276 ad·

665 1315 928 1393 scripsit.
995 1313 1102 1374 sed
1139 1322 1274 1376 utut
1312 1321 1422 1394 est,
1467 1322 1628 1376 totus
1674 1315 1738 1375 in
1784 1316 2019 1394 patroni
2066 1315 2161 1375 sui
2200 1314 2467 1374 fauorem
2513 1330 2853 1392 propensus
2900 1313 2981 1374 sa·

665 1411 804 1473 bula
843 1411 1218 1474 diuinitatem
1257 1415 1388 1474 eius
1427 1413 1784 1474 confirmare
1821 1410 1938 1472 sibi
1974 1412 2233 1492 uidetur,
2261 1409 2764 1492 quemadmodum
2804 1412 2983 1472 etiam

665 1512 728 1570 is
776 1511 896 1589 qui
945 1512 1306 1589 sequitur,
1360 1510 1613 1571 fortasse
1660 1509 1887 1572 Tiberii
1934 1511 2118 1572 frater
2164 1503 2282 1592 (sic
2329 1509 2483 1570 Roth
2531 1507 2878 1571 dubitanter
2922 1510 2983 1570 in

666 1607 866 1668 indice
911 1627 978 1684 Ρ.
1019 1601 1199 1691 334),
1261 1610 1381 1669 nisi
1439 1626 1659 1669 nomen
1720 1615 2067 1688 corruptum
2132 1617 2250 1689 est3
2310 1626 2450 1670 nam
2516 1601 2683 1687 (cum
2750 1606 2983 1686 Eggero

665 1707 820 1768 Hist.
862 1707 1197 1783 d'Auquste
1230 1726 1298 1783 Ρ.
1337 1701 1452 1790 89)
1505 1706 1577 1766 de
1636 1705 1813 1766 Drusi
1869 1706 2003 1768 Iulii
2059 1705 2331 1766 Caesaris
2395 1708 2663 1766 oratione
2726 1704 2983 1782 funebri,

669 1821 784 1884 qua
843 1820 951 1882 pro
1019 1805 1233 1863 rostris
1288 1805 1620 1882 Augustum
1679 1803 1945 1865 laudauit
1981 1801 2131 1884 (Dio
2168 1806 2271 1879 56,
2302 1801 2439 1884 34),
2493 1811 2742 1882 propter
2796 1801 2982 1864 uerba

668 1909 736 1962 ut
779 1904 1077 1977 scriptum
1124 1904 1296 1978 apud
1345 1902 1405 1964 0.
1446 1904 1714 1964 Drusum
1762 1911 1965 1964 exstat
2008 1904 2108 1964 uix
2158 1904 2381 1981 poterit
2422 1902 2689 1980 cogitari.
2764 1899 2981 1961 Contra

669 1997 900 2060 lulius
949 1991 1067 2080 (sic
1114 1995 1534 2083 Memmianus)
1583 1999 2023 2061 Saturninus
2080 2003 2249 2061 testis
2308 1997 2679 2061 crudelitatis
2732 1999 2985 2078 Augusti

669 2094 1003 2175 inducitur,
1051 2115 1230 2176 quem
1286 2099 1417 2158 sine
1463 2096 1583 2158 ulla
1641 2116 1817 2159 causa
1864 2097 2167 2159 Burmann
2216 2097 2291 2158 ad
2336 2096 2374 2157 l.
2414 2116 2461 2159 s.
2500 2095 2790 2157 Hadriani
2836 2105 2985 2157 tem-

669 2192 918 2274 poribus
974 2194 1160 2256 fuisse
1216 2197 1521 2275 opinatur,
1567 2195 1902 2276 Aquilius
1951 2193 2171 2274 Niger
2224 2204 2424 2256 autem
2473 2187 2753 2276 (fortasse
2802 2193 2989 2274 Niger

671 2291 915 2352 Antonii
961 2293 1191 2352 amicus
1239 2311 1330 2372 ap.
1366 2291 1750 2354 Plutarchum
1790 2295 1930 2354 Ant.
1969 2313 2020 2354 e.
2060 2289 2177 2377 53)
2224 2311 2421 2372 pugna
2478 2291 2805 2354 Mutinensi
2850 2291 2986 2354 ffir-

673 2391 823 2450 tium
870 2389 1122 2451 Pansam
1173 2390 1478 2451 consulem
1526 2389 1599 2451 ab
1648 2409 1719 2452 eo
1768 2392 1897 2471 ipso
1954 2391 2338 2452 interfectum
2387 2407 2521 2452 esse
2568 2391 2839 2452 finxerat.
2906 2391 2985 2450 ita

672 2485 994 2548 Suetonius
1033 2486 1262 2550 fabulas
1298 2487 1562 2567 Augusto
1602 2496 1664 2550 et
1700 2487 2058 2551 adulatorias
2106 2496 2166 2549 et
2212 2489 2487 2550 inimicas
2532 2489 2794 2567 miscuit,
2840 2505 2991 2567 quas

673 2587 792 2646 iam
839 2603 910 2646 eo
957 2587 1100 2646 uiuo
1138 2584 1356 2647 litteris
1393 2586 1703 2647 mandatas
1740 2605 1875 2648 esse
1912 2586 1985 2649 Μ.
2016 2586 2213 2666 Haupt
2241 2582 2365 2664 (οΡ.
2396 2587 2439 2647 I
2469 2587 2571 2647 72.
2610 2589 2735 2648 uid.
2772 2588 2988 2648 Geson-

676 2682 893 2744 Litter.
926 2684 967 2743 I
992 2701 1058 2759 Ρ.
1101 2683 1261 2762 471)
1311 2683 1749 2746 animaduertit.

1427 2950 1840 3024 BAEBIVS
1902 2951 2234 3024 MAOER

857 3127 1236 3207 Separandus
1292 3128 1390 3188 hic
1446 3137 1539 3190 est
1593 3129 1665 3189 ab
1728 3128 1845 3190 illis
1903 3137 2183 3209 quattuor
2238 3131 2343 3208 qui
2399 3127 2787 3207 antecedunt,
2846 3147 2992 3209 quo·

677 3226 857 3302 niam,
905 3227 1019 3286 etsi
1067 3243 1165 3286 res
1213 3224 1286 3287 ab
1335 3245 1405 3286 eo
1453 3225 1705 3288 traditae
1754 3225 1829 3288 ad
1865 3228 2197 3306 Augustum
2242 3229 2565 3307 pertinent,
2610 3235 2809 3287 utram
2856 3244 2995 3308 par·

679 3331 798 3384 tem
846 3325 910 3382 in
950 3321 1266 3384 scribendo
1305 3333 1548 3385 secutus
1587 3327 1683 3404 sit,
1722 3325 2072 3404 fragmentis
2109 3342 2229 3386 non
2266 3325 2654 3404 significatur.
2722 3333 2995 3386 ceterum

679 3421 861 3481 etiam
907 3420 1003 3480 bic
1052 3419 1184 3482 aliis
1232 3421 1305 3484 de
1351 3440 1423 3482 eo
1472 3424 1831 3484 testimoniis
1879 3435 2179 3504 caremu83
2226 3441 2365 3485 nam
2411 3422 2569 3502 quod
2616 3441 2754 3484 cum
2794 3421 2995 3484 Macro

678 3516 926 3597 Pompei
981 3520 1173 3578 amico
1230 3519 1514 3581 confusus
1571 3528 1689 3600 est,
1747 3520 1843 3581 hir-
1900 3521 2144 3600 Pompei
2196 3521 2438 3581 nomine
2494 3539 2639 3583 usus
2686 3529 2797 3596 est,
2872 3519 2997 3582 uid.

683 3617 932 3677 Schanz
982 3617 1059 3677 II
1096 3611 1188 3692 1²,
1219 3637 1284 3693 p.
1316 3618 1464 3680 246.

1532 3865 1612 3938 Τ.
1670 3867 2152 3940 LABIENVS

862 4042 1032 4104 Hunc
1105 4051 1406 4104 oratorem
1480 4062 1587 4106 sua
1653 4053 1843 4107 aetate
1909 4044 2367 4107 celeberrimum
2433 4064 2569 4106 cum
2635 4045 2831 4126 legato
2898 4046 3000 4108 illo

685 4139 958 4202 Caesaris
1006 4143 1390 4206 coniunctum
1438 4143 1629 4204 fuisse
1672 4161 1969 4226 nusquam
2016 4145 2338 4206 memoriae
2384 4142 2669 4205 traditum
2712 4153 2822 4206 est.
2892 4143 3001 4206 sed

683 4238 1000 4319 uiolentia,
1047 4258 1163 4320 qua
1219 4242 1283 4300 in
1337 4242 1670 4319 Augustum
1726 4240 2125 4303 inuebebatur
2178 4240 2687 4326 Pompeianosque
2746 4245 3001 4323 spiritus

685 4335 998 4415 retinebat,
1047 4339 1351 4418 conspirat
1405 4356 1542 4399 cum
1599 4337 1735 4399 odio
1782 4338 1944 4400 illius
1992 4340 2053 4398 iu
2102 4347 2350 4420 patrem,
2398 4347 2574 4428 atque
2623 4341 2739 4400 etsi
2786 4348 3001 4436 natura
