3234 5034
1136 349 1194 404 P.
1225 348 1330 404 AN
1331 348 1542 404 TEIVS
1993 398 1999 404 .
2346 371 2560 419 CXXXI

261 524 480 595 pareat.
577 525 705 578 tum
751 536 896 578 uero
942 518 1216 579 meminit
1260 516 1548 596 CaesariS,
1593 527 1661 579 ut
1708 521 1810 599 qui
1846 518 2090 580 Munatii
2138 520 2350 580 offensi
2395 521 2560 580 testi-

259 617 530 676 monium
578 623 781 677 contra
828 615 1110 677 Catonem
1157 617 1476 695 arripuerit
1524 618 1604 690 (c.
1644 617 1779 696 36),
1836 619 2383 697 criminationisque
2432 618 2561 679 eius

259 732 310 772 e.
348 709 436 774 52
487 722 548 774 et
595 709 708 792 54,
771 722 830 775 et
885 715 1125 784 nomine
1181 716 1400 776 omisso
1447 714 1737 794 quaedam
1786 717 1844 776 ei
1889 715 2241 796 exprobrata
2288 734 2447 796 esse,
2495 723 2563 777 ut

259 811 582 890 redarguat
607 812 706 874 uel
733 814 979 893 minuat,
1009 813 1180 874 affert
1208 815 1289 887 (c.
1310 813 1414 876 39.
1443 814 1530 874 44
1541 823 1637 876 ter
1646 836 1671 886 ;
1699 833 1835 876 cum
1866 818 2041 877 initio
2072 833 2205 892 cap.
2228 816 2305 892 cf.
2338 816 2395 876 6.
2427 815 2559 890 50),

259 929 412 990 quae
439 913 658 991 partim
687 910 958 974 Caesaris
997 912 1247 973 crimina
1285 912 1471 973 fuisse
1509 911 1641 973 aliis
1681 914 2035 974 testimoniis
2075 921 2305 974 constat
2334 913 2559 988 (Ouell.

259 1011 317 1070 d.
357 1010 427 1068 P.
451 1028 522 1086 p.
563 1010 651 1070 66
667 1010 804 1086 sq).
896 1009 1152 1091 denique
1217 1009 1288 1072 de
1343 1010 1548 1072 multis
1605 1009 1785 1072 rebus
1830 1011 2181 1072 Plutarchus
2238 1010 2396 1072 idem
2446 1019 2561 1072 tra·

261 1106 414 1168 didit
459 1106 621 1187 quod
666 1106 934 1170 Valerius
981 1108 1269 1170 Maximus
1276 1154 1295 1189 ,
1352 1111 1455 1190 qui
1503 1128 1641 1171 cum
1688 1111 1749 1170 in
1796 1109 2139 1172 auctoribus
2184 1108 2561 1172 nominandis

259 1223 480 1285 parcus
528 1213 715 1285 esset,
771 1206 1098 1268 Munatium
1147 1208 1354 1269 citauit
1400 1209 1507 1285 (fr.
1540 1209 1629 1287 1),
1684 1225 1879 1288 neque
1926 1227 1959 1269 a
2004 1207 2320 1270 Plutarcho
2365 1209 2562 1288 ipsum

258 1302 560 1366 Valerium
633 1306 971 1386 inspectum
1051 1323 1182 1367 esse
1246 1305 1641 1367 demonstrari
1712 1315 1925 1386 potest.
2006 1308 2067 1368 V.
2132 1307 2320 1380 Ouell.
2378 1309 2434 1370 d.
2494 1309 2559 1369 P.

253 1421 316 1480 p.
356 1404 446 1464 67
462 1421 548 1480 sq.

439 1501 641 1564 Multis
689 1521 830 1564 sane
887 1505 1084 1566 causis
1131 1503 1392 1565 Thrasea
1439 1502 1695 1564 Neronis
1753 1505 2014 1565 animum
2072 1505 2401 1566 constantia
2456 1525 2561 1566 sua

262 1609 322 1661 et
375 1599 650 1663 libertate
704 1602 1044 1664 irritauerat
1099 1611 1160 1664 et
1204 1601 1651 1682 sollicitauerat,
1709 1620 1903 1682 neque
1950 1609 2146 1664 tamen
2194 1621 2337 1665 num
2385 1606 2562 1665 etiam

259 1699 406 1761 haec
453 1699 694 1762 Catonis
739 1703 865 1761 uita
909 1700 982 1761 ad
1027 1709 1280 1762 mortem
1329 1703 1458 1762 eius
1503 1700 1915 1762 maturandam
1961 1700 2294 1781 contulerit,
2340 1721 2563 1763 memo-

262 1800 384 1860 riae
429 1797 736 1879 proditum
781 1806 889 1879 est,
936 1819 1112 1880 quam
1160 1820 1192 1860 a
1228 1799 1577 1862 Cossutiano
1626 1799 1909 1880 Capitone
1958 1811 2017 1860 et
2061 1799 2242 1881 Eprio
2280 1799 2560 1862 Marcello

263 1915 402 1958 reus
457 1898 787 1958 maiestatis
853 1897 1044 1959 factus
1109 1899 1259 1978 ipse·
1304 1897 1421 1960 sihi
1493 1917 1649 1960 anno
1711 1905 1848 1979 post
1912 1899 2195 1959 Senecam
2270 1900 2565 1962 consciuit

264 1987 604 2080 (66s819).

1153 2219 1232 2292 P.
1269 2219 1691 2292 ANTEIVS

441 2397 596 2459 Huic
644 2394 819 2477 ‘quae
867 2397 940 2458 de
987 2406 1122 2460 ortu
1168 2400 1410 2478 uitaque
1449 2393 1582 2483 (M.)
1633 2399 1853 2460 Ostorii
1903 2399 2187 2479 Scapulae
2238 2402 2561 2479 composita

266 2494 454 2558 erant’
493 2504 748 2558 mortem
784 2507 1260 2576 properauerunt
1295 2498 1470 2571 (Tac.
1501 2517 1645 2559 ann.
1674 2499 1843 2558 XVI
1874 2499 2006 2572 14).
2071 2517 2207 2559 113111
2236 2498 2298 2558 P.
2328 2498 2564 2576 Ostorio

265 2593 562 2656 consulari
609 2593 918 2675 legatoque
955 2594 1296 2657 Britanniae
1343 2597 1579 2675 genitus
1626 2595 1737 2657 suh
1782 2605 1951 2675 patre
1992 2615 2269 2658 coronam
2308 2599 2559 2658 ciuicam

263 2700 565 2755 meruerat
610 2694 786 2768 (Tac.
824 2694 1004 2755 XIII
1032 2694 1136 2754 22.
1184 2695 1352 2755 XVI
1382 2695 1496 2770 15)
1545 2703 1605 2755 et
1650 2715 1699 2755 3.
1736 2689 1976 2776 59J812
2025 2695 2231 2757 consul
2278 2696 2563 2757 suffectus

265 2793 452 2854 suerat
485 2794 766 2870 (Pr-osop.
797 2792 950 2869 IIp.
979 2793 1114 2853 440
1139 2811 1199 2854 n.
1231 2793 1408 2867 112).
1476 2792 1684 2854 eodem
1721 2799 1920 2854 tamen
1947 2811 2119 2872 anno,
2158 2813 2273 2872 quo
2303 2794 2563 2856 Thrasea

264 2890 480 2952 Paetus
543 2891 606 2952 in
662 2893 848 2952 uitam
911 2891 1206 2970 priuatam
1271 2894 1520 2952 secessit
1578 2883 1907 2975 (62s815)‚
1972 2890 2126 2970 apud
2193 2910 2258 2952 se
2318 2889 2563 2952 ‘celebri

267 2985 566 3049 conuiuio’
615 2981 738 3072 (P.)
794 2989 1114 3050 Antistium
1173 2987 1481 3068 ‘probrosa
1537 2988 1825 3050 aduersus
1881 2991 2215 3069 principem
2275 2988 2559 3051 carmina'

267 3088 520 3148 recitare
565 3105 780 3167 passus
828 3094 921 3149 est
966 3094 1025 3149 et
1069 3095 1315 3167 propter
1358 3087 1677 3149 militarem
1716 3088 1928 3148 famam
1965 3089 2220 3149 maxime
2258 3107 2291 3148 a
2328 3087 2563 3150 Nerone

265 3184 586 3248 timebatur
631 3186 807 3259 (Tac.
846 3186 1016 3247 XIV
1042 3185 1148 3248 48.
1195 3187 1364 3248 XVI
1394 3188 1480 3247 14
1488 3208 1514 3260 ;
1559 3188 1693 3261 15).
1785 3185 1933 3247 haec
1988 3188 2174 3266 igitur
2228 3205 2404 3248 causa
2450 3187 2565 3248 fuit

266 3292 324 3344 et
367 3282 428 3344 P.
472 3283 708 3364 Anteio,
751 3285 855 3364 qui
900 3303 1036 3345 cum
1084 3283 1314 3363 legatus
1350 3303 1460 3364 pro
1505 3292 1781 3374 praetore
1826 3284 2147 3346 Dalmatiae
2206 3285 2565 3365 praefuisset

267 3383 544 3460 (Prosop.
567 3383 610 3443 I
622 3401 693 3460 p.
721 3381 808 3443 81
847 3401 906 3444 n.
945 3383 1126 3458 568),
1173 3385 1286 3444 etsi
1324 3401 1476 3444 anno
1514 3379 1753 3466 55s808
1792 3385 1848 3443 ei
1886 3383 2052 3463 Syria
2092 3384 2381 3445 destinata
2418 3392 2561 3464 erat⁷

269 3477 474 3542 ‘uariis
521 3479 750 3542 artibus
798 3479 1002 3542 elusus
1048 3480 1121 3542 ad
1167 3488 1535 3560 postremum
1580 3483 1645 3541 in
1691 3480 1841 3541 urhe
1889 3479 2181 3542 retentus'
2219 3490 2347 3543 erat
2385 3482 2559 3556 (Tac,

265 3579 441 3639 XIII
469 3579 606 3654 22),
651 3587 720 3640 ut
745 3581 931 3640 uitam
963 3577 1184 3640 Ostorii
1215 3587 1512 3659 tamquam
1551 3579 1859 3659 speculum
1874 3581 2129 3646 ,uirtutis
2164 3579 2459 3641 Romanae
2497 3582 2559 3640 in

265 3675 505 3738 circulis
561 3679 814 3757 priuatis
861 3675 1082 3738 Neroni
1139 3687 1468 3757 opponeret
1522 3686 1875 3757 tempusque
1922 3685 2277 3758 expectaret,
2333 3697 2449 3758 quo
2498 3680 2559 3738 in

263 3774 568 3854 publicum
607 3777 924 3854 emitteret,
969 3783 1031 3836 et
1067 3778 1428 3857 imperatori,
1467 3778 1566 3837 cui
1603 3779 1721 3837 iam
1761 3775 1983 3836 dudum
2021 3776 2269 3837 Anteius
2305 3778 2559 3836 maxime

265 3879 510 3954 propter
545 3875 852 3935 caritatem
887 3874 1246 3954 Agrippinae
1281 3876 1516 3936 inuisus
1555 3882 1700 3954 erat⁷
1745 3880 1812 3934 ut
1851 3881 1911 3934 et
1945 3873 2105 3934 hunc
2145 3881 2204 3935 et
2240 3873 2560 3954 Ostorium,

267 3973 434 4032 cuius
477 3973 668 4032 uitam
714 3971 942 4034 delator
987 3972 1141 4052 apud
1186 3973 1464 4034 Anteium
1511 3981 1764 4052 eruerat,
1813 3991 1887 4032 ue
1935 3970 2115 4032 rebus
2161 3973 2560 4052 imminerent,

267 4071 416 4130 mori
462 4077 706 4150 cogeret
752 4063 834 4154 (a.
864 4065 1152 4155 66s819).
