3234 5034
646 340 816 386 LXVI
1139 319 1237 372 DE
1276 317 1740 374 SCRIPTORVM
1777 317 1966 373 Vrrls
2003 318 2096 372 ET
2135 317 2452 374 SCRIP'I'IS

634 505 857 565 proyr.
893 505 1098 564 aymn.
1136 489 1493 548 Friedland.
1525 486 1728 559 1855)
1745 480 1815 570 ¹),
1854 487 1916 546 L.
1949 485 2230 547 Schwabe
2261 488 2386 563 (ap.
2417 486 2788 546 Fleckeisen.
2822 483 2954 543 129

635 605 705 664 p.
735 585 896 659 380)
946 584 1235 664 multique
1292 584 1418 663 alii,
1476 586 1694 663 partim
1742 584 2108 664 dubitanter,
2163 586 2380 664 partim
2437 582 2719 644 fidentius
2765 601 2796 642 a
2845 581 2956 642 Ca-

650 682 796 744 tullo
835 683 1161 744 Tanusium
1202 682 1423 744 Volusii
1460 685 1720 762 nomine,
1767 683 1926 762 quod
1963 682 2174 744 eodem
2211 681 2487 743 uocabuli
2525 683 2705 758 exitu,
2743 679 2956 741 eadem

648 800 932 843 mensura
977 790 1267 860 uteretur,
1315 780 1537 842 dictum
1586 799 1720 842 esse
1767 781 2206 860 concluserunt,
2253 789 2509 860 suntque
2551 778 2754 858 multa,
2801 797 2958 858 quae

650 879 791 941 huic
848 882 1223 940 coniecturae
1280 880 1555 958 faueant,
1580 881 1853 959 maxime,
1901 879 2060 960 quod
2107 879 2368 941 Senecae
2415 878 2704 939 iudicium
2749 879 2960 938 nanci-

650 981 841 1038 scitur
905 996 1021 1057 quo
1087 977 1435 1058 explicetur.
1519 995 1733 1039 uerum
1797 985 1994 1039 tamen
2062 977 2308 1038 historia
2363 977 2608 1038 Tanusii
2677 994 2962 1037 sermone

651 1075 919 1156 pedestri
964 1078 1203 1155 scripta,
1250 1094 1367 1155 quo
1415 1093 1545 1136 rem
1591 1094 1642 1136 a.
1680 1071 1953 1156 55s699,
2001 1095 2192 1154 usque
2234 1076 2307 1136 ad
2345 1094 2523 1155 quem
2561 1074 2775 1136 Catulli
2813 1093 2962 1134 con-

652 1173 905 1235 suetudo
962 1193 1099 1234 cum
1154 1173 1367 1234 Lesbia
1422 1192 1541 1234 non
1598 1173 1862 1252 durauit,
1918 1174 2134 1235 factam
2187 1176 2472 1253 narrauit,
2523 1173 2595 1234 ab
2641 1172 2964 1234 annalibus

655 1269 927 1351 ‘pessimi
982 1269 1211 1351 poetae’
1264 1271 1680 1351 distinguenda
1735 1291 1848 1333 nec
1904 1272 2162 1334 eundem
2205 1271 2648 1333 adulescentem
2696 1289 2793 1332 res
2837 1270 2964 1330 no-

652 1389 858 1431 manas
903 1369 1208 1449 uersibuS,
1256 1377 1447 1430 aetate
1484 1378 1836 1449 prouectum
1879 1372 2146 1431 oratione
2183 1378 2564 1449 persecutum
2611 1388 2744 1431 esse
2790 1371 2966 1430 ueri·

652 1467 849 1528 simile
878 1476 985 1528 est.
1034 1476 1197 1529 recte
1234 1469 1420 1546 igitur
1453 1468 1516 1528 P.
1546 1467 1610 1527 E.
1641 1467 2038 1548 Sonnenburg
2049 1462 2100 1552 ²)
2133 1467 2631 1547 adstipulantibus
2659 1470 2722 1528 A.
2751 1465 2966 1528 Riesio

652 1575 715 1627 et
742 1567 903 1627 Aem.
932 1565 1295 1627 Baehrensio
1324 1565 1540 1626 Catulli
1576 1567 2006 1646 interpretibus
2043 1568 2287 1627 omnino
2322 1585 2444 1626 uon
2481 1566 2760 1626 habuisse
2797 1583 2968 1644 eum,

654 1682 765 1725 cur
808 1664 1052 1724 Tanusii
1108 1682 1327 1724 nomen
1381 1663 1758 1743 obscuraret,
1815 1667 2044 1726 monuit
2101 1673 2420 1743 ceteraque
2473 1664 2968 1726 aduersariorum

654 1769 1003 1841 argumenta
1059 1761 1388 1822 infirmiora
1444 1781 1577 1823 esse
1634 1781 1812 1841 quam
1867 1765 1996 1824 uisa
2045 1770 2261 1823 essent.
2337 1781 2488 1842 quae
2544 1781 2680 1823 cum
2727 1779 2825 1823 res
2869 1763 2970 1822 ita

654 1862 793 1939 sint,
842 1879 914 1921 ex
962 1861 1205 1920 testium
1251 1859 1497 1920 Tanusii
1543 1859 1828 1922 historiae
1873 1879 2125 1922 numero
2171 1859 2437 1921 Catullus
2493 1859 2798 1921 eiciendus
2845 1868 2970 1938 est,

656 1957 945 2018 Senecam
1002 1964 1199 2018 autem
1256 1965 1357 2018 aut
1410 1958 1570 2019 aliud
1624 1958 1696 2018 de
1741 1959 2002 2020 Tanusio
2051 1957 2276 2019 dictum
2321 1960 2386 2018 in
2431 1965 2632 2019 mente
2677 1957 2972 2018 habuisse

654 2055 1047 2133 censendum,
1105 2055 1165 2116 id
1222 2055 1380 2135 quod
1436 2055 1804 2135 probabilius
1861 2063 1976 2135 est,
2025 2066 2127 2117 aut
2172 2055 2334 2116 illius
2381 2065 2642 2117 cat-,atam
2691 2055 2971 2116 chartam

655 2173 727 2215 ex
777 2154 1123 2215 confusione
1171 2172 1204 2214 a
1241 2153 1478 2216 Volusio
1526 2154 1598 2214 ad
1646 2174 1783 2216 eum
1830 2154 2224 2216 transtulisse.

766 2529 861 2602 M.
918 2525 1248 2599 IVNIVS
1302 2526 1683 2600 BRVTVS
1740 2526 2149 2612 EIVSQVE
2207 2525 2838 2600 LAVDATORES

838 2707 909 2766 vt
947 2723 1105 2766 nunc
1144 2704 1217 2765 ad
1254 2723 1357 2766 eos
1394 2723 1657 2784 pergam,
1704 2707 1804 2785 qui
1845 2705 2119 2766 Caesaris
2156 2725 2396 2767 causam
2437 2707 2974 2786 impugnauerunt,

661 2807 890 2885 primus
919 2804 1084 2864 locus
1104 2801 1287 2864 Bruto
1306 2797 1598 2885 (praetori
1627 2805 1688 2863 in
1710 2802 1893 2863 Gallia
1923 2800 2418 2884 cisalp.46l708‚
2445 2803 2673 2866 urbano
2701 2799 2976 2884 42s712,

662 2910 833 2964 mort.
853 2895 1141 2985 42s712)
1173 2899 1401 2962 dandus
1440 2907 1547 2980 est,
1586 2919 1944 2981 quamquam
1982 2900 2317 2964 litterarum
2355 2902 2474 2963 telo
2513 2922 2630 2963 non
2669 2912 2762 2964 est
2793 2921 2976 2964 usus,

662 3001 957 3061 continuit
993 3001 1151 3059 enim
1195 3017 1260 3059 se
1298 2999 1615 3060 historicae
1654 3002 1996 3080 scriptionis
2034 3019 2223 3079 genus
2273 3003 2428 3062 intra
2479 3003 2766 3081 epitomas
2812 3019 2978 3080 quas

663 3099 823 3176 fecit,
858 3096 1104 3176 Polybii,
1141 3095 1329 3157 Coelii
1356 3098 1670 3177 Antipatri,
1707 3097 1936 3178 Fannii,
1976 3097 2365 3178 amplitudine
2393 3098 2717 3160 uerborum
2746 3098 2818 3159 ad
2857 3117 2976 3162 eos

665 3194 910 3275 delatuS,
957 3214 1111 3274 cum,
1158 3213 1308 3275 quae
1348 3203 1475 3256 erat
1512 3197 1643 3256 eius
1678 3195 1909 3256 indoles
1946 3195 2259 3258 breuitatis
2297 3196 2580 3276 studiosa,
2627 3200 2816 3276 magis
2862 3216 2974 3260 res

662 3312 840 3374 quam
868 3292 1053 3354 uerba
1080 3299 1394 3372 spectaret,
1422 3293 1494 3354 ad
1520 3293 1784 3355 Coelium
1811 3294 2064 3355 sortasse
2088 3297 2268 3356 etiam
2293 3297 2441 3356 iuris
2467 3297 2752 3357 scientiae
2773 3297 2972 3358 socie-

664 3401 782 3454 tate
813 3393 970 3466 (Cic.
1005 3393 1173 3452 Brut.
1203 3392 1307 3466 26,
1339 3393 1515 3467 102).
1572 3393 1636 3451 in
1673 3391 1784 3452 hac
1822 3399 2018 3453 autem
2057 3410 2121 3452 re
2159 3401 2318 3454 tauta
2357 3392 2652 3454 industria
2688 3402 2972 3456 uersatus

665 3497 773 3570 est,
818 3499 887 3551 ut
915 3489 1006 3550 ‘ne
1054 3491 1116 3549 in
1165 3488 1375 3550 militia
1421 3489 1664 3569 quidem
1720 3509 1850 3550 eam
1896 3492 2320 3552 intermitteret
2367 3498 2543 3572 atque
2591 3499 2726 3553 ante
2773 3495 2970 3572 ipsam

663 3607 923 3668 pugnam
970 3587 1352 3667 Pharsaliam,
1408 3606 1544 3649 cum
1600 3587 1702 3648 alii
1757 3597 2000 3668 propter
2057 3587 2314 3650 calorem
2369 3608 2620 3670 corpora
2667 3599 2971 3670 curarent,

666 3705 855 3766 usque
902 3685 976 3746 ad
1021 3703 1341 3765 uesperum
1387 3685 1615 3765 Polybii
1671 3689 1963 3767 epitomae
2021 3686 2461 3767 componendae
2507 3707 2750 3767 operam
2798 3689 2975 3750 daret

668 3785 854 3857 (plut.
894 3786 1067 3844 Brut.
1107 3786 1196 3859 4).
1272 3783 1554 3846 Notitiam
1608 3783 1819 3846 harum
1877 3787 2270 3864 epitomarum
2329 3785 2613 3847 debemus
2659 3786 2971 3848 Coeliano·

668 3900 802 3942 rum
832 3882 1093 3942 ——baec
1139 3885 1299 3943 enim
1336 3900 1482 3943 uera
1519 3883 1831 3962 inscriptio
1871 3883 1986 3944 fuit
2021 3916 2093 3927 -
2129 3881 2421 3962 Ciceroni,
2468 3887 2572 3964 qui
2620 3903 2670 3944 a.
2707 3880 2974 3966 45s709

851 4071 902 4139 1)
940 4069 1094 4124 Haec
1124 4070 1353 4140 copiosa
1382 4071 1696 4140 disputatio
1731 4071 1974 4126 maxime
2013 4073 2086 4126 ad
2123 4071 2407 4127 Catullum
2447 4073 2788 4127 coniecturis
2825 4077 2977 4129 tem·

668 4151 947 4220 ptandum
984 4153 1043 4204 et
1076 4151 1471 4220 explicandum
1507 4151 1771 4220 pertinet.

850 4235 903 4301 2)
939 4233 1060 4286 Der
1096 4231 1411 4287 Historn‘ker
1444 4233 1502 4286 T.
1535 4233 1603 4288 G.
1632 4232 1755 4286 und
1789 4232 1878 4287 die
1913 4235 2146 4288 annales
2175 4235 2388 4289 Volusii
2419 4233 2481 4287 in
2520 4233 2738 4290 Hister.
2781 4235 2980 4292 Unter-

668 4312 983 4383 suchunqen
1020 4313 1160 4367 Arn.
1191 4313 1416 4380 Schc‘ifer
1448 4313 1732 4384 qewidmet
1765 4331 1819 4382 p.
1853 4317 2150 4368 158—165.
