3234 5034
1142 317 1546 373 CORNELIVS
1584 314 1818 371 NEPOS
2505 334 2627 381 LIII

319 488 460 547 titae
509 494 702 563 erant,
741 485 1028 546 adrisisse
1068 504 1139 546 ex
1177 484 1397 545 Velleio
1436 486 1509 558 (I
1538 504 1588 547 c.
1625 484 1824 557 1—8)
1865 494 2133 562 apparet,
2182 483 2397 562 quihus
2436 483 2628 543 simile

318 603 488 663 epm,
537 602 658 644 non
699 582 946 663 Nepotis
991 585 1182 662 ipsius
1200 578 1270 667 ¹),
1317 582 1538 644 subest.
1605 590 1731 643 tum
1768 600 1914 643 uero
1953 580 2180 642 Plinius
2230 584 2287 641 in
2336 589 2451 642 nat.
2494 582 2627 641 hist.

321 700 392 742 ex
439 684 574 743 eius
619 689 960 761 temporum
1008 685 1236 741 ratione
1285 691 1339 742 et
1389 682 1627 742 Solinus
1672 680 1770 742 uel
1808 699 1985 759 quem
2024 687 2265 741 secutus
2304 687 2394 740 est
2432 688 2629 739 aucto-

323 798 448 840 rem
461 774 516 863 2)
557 779 824 859 pendent
854 780 1189 851 (Muenzer
1213 800 1280 857 Ρ.
1311 782 1444 839 334
1461 799 1584 855 sqq.
1628 781 1842 840 Rohde
1878 782 1915 839 Ι.
1944 798 1991 837 S.
2009 798 2075 854 p.
2098 779 2228 837 535
2246 781 2381 853 δᾳ),
2418 776 2630 837 deinde

319 879 416 938 usi
463 885 611 938 sunt
657 878 958 938 chronicis
997 876 1220 939 Gellius
1259 878 1374 955 (fr.
1407 879 1464 938 2.
1504 881 1574 952 5)
1615 886 1676 939 et
1721 877 2013 937 Minucius
2060 876 2221 936 Felix
2263 878 2371 953 (sr.
2402 878 2490 953 1),
2532 875 2629 935 de-

321 978 502 1055 nique
554 976 796 1036 saec-ulo
843 984 1052 1054 quarto
1093 995 1124 1036 a
1163 976 1628 1055 chronographis
1676 975 2014 1035 christianis
2060 984 2119 1036 et
2154 978 2398 1054 paganis
2439 974 2630 1035 denuo

321 1076 384 1134 in
433 1073 630 1135 lucem
679 1082 977 1153 protracta
1017 1081 1157 1135 sunt
1194 1077 1348 1146 (uid.
1379 1078 1605 1135 Auson.
1646 1094 1735 1151 ep.
1764 1078 1801 1135 l.
1830 1092 1875 1134 s.
1916 1081 1973 1133 et
2012 1077 2153 1133 adn.
2194 1077 2281 1134 ad
2317 1075 2402 1150 [ν.
2444 1076 2499 1134 1.
2540 1075 2631 1147 2).

503 1171 652 1233 Aliis
702 1171 886 1249 libris,
935 1172 1430 1251 exemplorum
1486 1174 1800 1232 minimum
1848 1174 2108 1251 quinque
2158 1172 2273 1247 (sr.
2316 1172 2384 1245 2)
2436 1170 2631 1250 Nepos

323 1278 384 1331 et
439 1272 780 1331 curiositati
833 1268 1122 1331 lectorum
1179 1273 1322 1331 satis
1381 1270 1575 1330 facere
1634 1277 1710 1349 et,
1755 1269 1858 1330 ubi
1904 1278 2123 1348 posset,
2169 1271 2461 1330 maiorum
2507 1288 2631 1330 mo-

323 1377 512 1429 ratam
561 1370 877 1429 sanitatem
922 1366 1181 1446 laudare,
1229 1370 1507 1446 retinere,
1557 1386 1839 1428 reuocare
1888 1369 2213 1445 constituit,
2261 1369 2438 1428 etiam
2478 1368 2631 1428 hanc

322 1484 451 1527 rem
476 1464 684 1527 ‘ausus
711 1484 868 1527 unus
895 1466 1176 1527 Italorum
1194 1461 1210 1486 ’
1229 1468 1608 1545 imitatusque
1632 1464 1991 1527 Graecorum
2022 1462 2413 1545 παραδόξων
2449 1460 2632 1527 ἐθῶν

223 1630 236 1639 ,
322 1562 724 1643 συναγωγάς
746 1565 1022 1637 (Traube
1047 1569 1084 1625 l.
1105 1583 1151 1625 s.
1170 1584 1236 1640 p.
1249 1566 1380 1625 397
1385 1610 1398 1624 .
1418 1566 1566 1624 405.
1615 1566 1999 1625 Wachsmuth
2023 1566 2483 1641 Einleit.p.223
2496 1567 2630 1640 sq).

324 1660 604 1723 citantur
649 1680 682 1721 a
731 1663 872 1722 solis
920 1661 1188 1722 Charisio
1238 1664 1355 1739 (fr.
1399 1664 1465 1737 1)
1507 1671 1567 1723 et
1613 1661 1799 1722 Gellio
1849 1662 1966 1739 (fr.
2006 1662 2065 1721 2.
2105 1664 2194 1739 3),
2243 1664 2345 1741 qui
2392 1662 2632 1741 quidem

321 1759 732 1821 Romanorum
788 1759 1074 1839 quaedam
1131 1757 1404 1839 ‘pulchra
1460 1769 1636 1839 atque
1695 1759 1957 1821 liberalia
2016 1769 2192 1839 atque
2258 1762 2630 1836 magnanima

323 1854 510 1918 facta'
557 1877 632 1918 ex
681 1860 768 1918 eis
813 1858 1034 1938 attulit3
1083 1876 1232 1937 quae
1281 1859 1392 1919 alia
1433 1860 1759 1937 fragmenta
1798 1858 1909 1919 sub
1948 1859 2059 1918 hoc
2106 1858 2303 1919 indice
2352 1861 2633 1935 coniungi

323 1956 616 2033 solebant,
671 1956 954 2035 pleraque
1003 1974 1074 2015 ex
1122 1956 1298 2017 Plinii
1353 1957 1606 2017 naturali
1652 1958 1899 2017 historia
1948 1965 2179 2035 sumpta
2230 1959 2362 2030 (21.
2394 1958 2495 2017 24.
2530 1958 2631 2017 22.

323 2055 430 2114 25.
461 2054 568 2113 18.
603 2054 706 2114 19.
739 2055 840 2113 17.
873 2055 975 2128 20,
1015 2054 1093 2131 cf.
1134 2058 1308 2129 adn.)
1356 2065 1629 2115 ueterum
1688 2055 2127 2135 simplicitatem
2176 2054 2443 2116 luxuriae
2490 2074 2633 2115 suae

323 2154 540 2213 aetatis
587 2161 895 2231 opponunt
941 2161 1114 2232 atque
1163 2154 1382 2232 optime
1431 2153 1544 2213 huc
1585 2152 1892 2232 quadrant.
1968 2171 2179 2213 uerum
2221 2162 2417 2213 tamen
2455 2156 2631 2213 etiam

322 2258 572 2330 praeter
627 2250 776 2310 haec
832 2250 1118 2311 undecies
1173 2250 1460 2330 Nepotem
1519 2253 1577 2310 in
1626 2259 1743 2311 nat.
1782 2251 1919 2311 hist.
1959 2270 1989 2311 a
2037 2251 2225 2311 Plinio
2282 2254 2525 2311 citatum
2576 2260 2635 2311 et

325 2350 394 2408 in
441 2348 742 2408 indicibus
791 2346 920 2409 libr.
959 2348 1056 2407 VII
1107 2344 1209 2431 (de
1265 2352 1533 2426 gentium
1579 2348 1950 2410 mirabilibus
1998 2350 2231 2428 figuriS,
2278 2349 2634 2428 prodigiosis

322 2444 602 2526 partibus
642 2440 803 2529 etc),
845 2445 948 2506 Xll
987 2440 1090 2529 (de
1125 2446 1404 2507 arborum
1443 2442 1701 2531 naturis)
1742 2446 1976 2506 XXXIV
2014 2440 2117 2529 (de
2156 2450 2311 2508 aeris
2350 2441 2631 2530 metallis)

323 2547 492 2605 inter
545 2552 820 2603 auctores
866 2547 1126 2623 positum
1173 2547 1538 2625 inuenimuS,
1589 2544 1990 2624 uidenturque
2046 2546 2132 2605 illi
2187 2547 2463 2606 undecim
2522 2545 2634 2605 loci

324 2640 406 2702 ad
453 2644 642 2720 ipsam
693 2642 1110 2721 geographiam
1157 2645 1486 2721 pertinere,
1535 2652 1601 2704 ut
1648 2663 1678 2704 a
1717 2644 1908 2703 Plinio
1959 2644 2303 2704 diuersitate
2350 2646 2633 2705 materiae

326 2738 510 2799 ducto
557 2738 761 2818 plures
809 2738 1053 2819 Nepotis
1099 2739 1284 2800 libros
1330 2741 1626 2802 adhibitos
1674 2760 1805 2801 esse
1854 2742 2133 2820 colligere
2180 2746 2392 2821 possiS.
2467 2749 2527 2803 at
2572 2743 2635 2802 hi

325 2837 451 2897 loci
496 2856 704 2897 omnes
751 2840 904 2898 intra
953 2841 1082 2899 eius
1129 2837 1314 2901 libros
1351 2839 1565 2899 II—VI
1613 2849 1862 2918 exstant,
1911 2840 2127 2918 quibus
2166 2840 2237 2900 de
2277 2841 2631 2919 geographia

325 2936 555 3014 agitur,
611 2938 825 3013 ceteri,
881 2938 984 3014 qui
1039 2935 1112 2997 ad
1169 2936 1313 2997 alias
1368 2946 1527 2997 artes
1583 2946 1870 3016 spectant,
1917 2941 1979 2997 in
2026 2937 2196 2997 libris
2242 2938 2338 3015 IX,
2380 2938 2445 3016 X,
2488 2938 2633 3017 Xlll,

325 3031 478 3109 xvl,
531 3032 786 3111 XXXIII,
845 3032 1066 3113 XXXV,
1122 3034 1372 3113 XXXVI,
1429 3038 1532 3114 qui
1589 3035 1727 3096 libri
1781 3039 1923 3096 item
1981 3036 2053 3097 ad
2115 3036 2399 3097 diuersas,
2474 3056 2635 3097 nunc

325 3149 608 3210 compara
677 3130 1038 3210 Stephanum
1103 3133 1450 3212 Byzantium
1515 3134 1607 3194 his
1676 3143 1735 3194 et
1788 3136 1977 3194 uicies
2034 3137 2185 3194 situs
2241 3134 2478 3196 urbium
2537 3136 2634 3196 uel

323 3230 599 3308 gentium
657 3248 726 3289 ex
786 3229 1135 3309 Apollodoro
1193 3230 1451 3309 adferre,
1505 3241 1598 3310 ut,
1657 3233 1773 3291 nisi
1838 3234 2129 3311 originem
2197 3252 2264 3293 ex
2334 3233 2633 3293 chronicis

327 3327 570 3387 ductam
619 3326 1064 3407 adscripsisset,
1121 3332 1250 3389 siue
1301 3324 1667 3391 dubitatione
1718 3330 1788 3390 de
1837 3349 2015 3411 opere
2065 3334 2193 3391 eius
2239 3332 2633 3410 geographico

325 3428 644 3503 cogitares
719 3444 969 3504 magnus
1027 3428 1290 3505 profecto
1347 3430 1407 3487 in
1465 3428 1763 3489 chronicis
1819 3428 2057 3507 patebat
2122 3448 2364 3508 campus
2434 3448 2633 3490 rerum

323 3525 628 3602 uarietati,
659 3525 851 3583 maior
877 3527 939 3584 in
969 3526 1296 3585 imitatione
1327 3521 1743 3603 εσιεοιραδόξων
1778 3520 1960 3587 ἐθῶν
1978 3521 2007 3587 ’.
2059 3528 2253 3605 itaque
2286 3528 2448 3587 nolui
2478 3528 2632 3605 frag·

325 3630 528 3682 menta
579 3640 650 3681 ex
701 3620 852 3681 libro
901 3632 1104 3682 nostro
1153 3622 1476 3701 secludere,
1525 3628 1879 3703 praesertim
1939 3644 2073 3685 cum
2122 3625 2348 3686 Plinius
2396 3629 2523 3705 ipse
2572 3628 2632 3685 in

323 3718 482 3779 libro
529 3720 578 3777 V
627 3722 746 3793 (fr.
788 3720 901 3792 13)
949 3719 1132 3781 multa
1171 3717 1592 3782 ‘monstrifica’
1631 3742 1765 3783 cum
1814 3722 2157 3783 auidissima
2206 3724 2552 3784 credulitate
2602 3743 2633 3785 a

323 3817 556 3897 Nepote
607 3825 846 3896 arrepta
893 3827 952 3879 et
999 3838 1132 3880 cum
1181 3822 1298 3880 situ
1345 3819 1580 3880 urbium
1628 3839 1846 3881 conexa
1886 3840 2017 3883 esse
2057 3822 2319 3883 traderet
2356 3822 2631 3902 idemque

323 3924 594 3977 sectator
641 3924 800 3976 esset
846 3916 1251 3996 exemplorum
1299 3926 1472 3996 atque
1518 3920 1582 3978 in
1626 3918 1821 3979 indice
1860 3917 1997 3979 libri
2036 3920 2133 3979 Vll
2172 3939 2387 3981 nouem
2426 3940 2631 3981 eorum

321 4032 550 4093 genera
601 4017 1092 4075 enumerauisset.
1166 4018 1450 4076 maiorem
1499 4016 1675 4076 [idem
1724 4018 1779 4076 ei
1826 4017 2031 4077 habuit
2079 4017 2150 4078 de
2198 4018 2361 4078 ltalia
2400 4022 2632 4099 superi-

513 4171 568 4237 1)
609 4166 768 4231 Quae
797 4168 1082 4222 sententia.
1109 4168 1222 4223 fuit
1241 4168 1476 4238 Sauppii
1500 4171 1772 4240 (Ausyew.
1796 4171 2017 4237 Schrift.
2042 4188 2102 4240 Ρ.
2124 4176 2194 4225 48
2212 4176 2347 4240 sqq.)
2371 4171 2633 4225 aliorum-

326 4264 458 4317 que,
499 4250 564 4301 at:
601 4266 657 4301 u,
687 4246 886 4301 Rohde
922 4266 993 4302 m.
1024 4248 1198 4303 Rhen.
1229 4253 1303 4302 36
1333 4266 1391 4317 Ρ.
1424 4254 1533 4303 548
1551 4268 1660 4318 sqq.

512 4330 568 4397 2)
608 4326 693 4380 De
732 4326 988 4383 Cornelio
1027 4327 1246 4382 Boccho
1283 4345 1336 4381 u.
1369 4329 1531 4384 infra..
