3234 5034
1184 323 1656 378 FENESTELLA
2486 323 2572 388 79

432 485 505 554 2.
557 492 753 553 Schol.
790 492 1007 554 Veron.
1038 496 1103 554 in
1148 493 1325 568 Vera.
1355 493 1507 554 Aen.
1547 491 1617 552 Χ
1657 491 1790 551 200
1823 509 1891 568 p.
1933 493 2064 552 445
2101 492 2176 552 H.
2223 487 2574 570 <Place>us

250 587 647 650 Etruscarum
693 589 746 650 1:
803 588 871 650 ln
916 589 1353 669 Appenninum,
1408 591 1622 669 inquit,
1669 597 2083 667 transgressus
2127 589 2364 650 Archon
2411 587 2572 650 Man-

254 695 417 748 tuam
469 686 751 748 condidit.

807 934 1503 1011 FENESTELLAE
1562 935 2022 1010 ANNALES

438 1107 504 1176 l.
554 1115 709 1175 Non.
745 1134 793 1176 s.
833 1135 889 1176 u.
914 1125 1254 1193 praesente
1287 1134 1356 1193 p.
1398 1115 1528 1175 154
1592 1113 1926 1175 Fenestella
1983 1115 2178 1176 annali
2235 1113 2334 1177 lib.
2373 1115 2451 1176 11:
2503 1115 2578 1177 Et

200 1236 225 1276 ι
254 1210 550 1291 quaedam
609 1219 775 1273 extra
831 1222 1147 1292 praesente
1202 1211 1457 1294 †exuis›,
1513 1210 1805 1292 quaedam
1861 1211 2104 1274 ahsente
2170 1215 2574 1292 proiecissem.

440 1305 508 1373 2.
556 1312 710 1372 Non.
746 1330 794 1372 s.
834 1330 891 1371 u.
931 1315 1256 1372 reticulum
1308 1329 1447 1386 qen.
1487 1327 1671 1372 masc.
1706 1329 1775 1388 p.
1814 1309 1944 1371 221
2009 1309 2342 1372 Fenestella
2399 1329 2576 1372 anna·

256 1407 435 1470 lium:
483 1407 731 1469 Faseem
777 1409 1097 1488 pectoralis
1144 1408 1433 1470 reticulus
1464 1457 1475 1470 .
1509 1457 1521 1468 .
1553 1455 1565 1468 .
1599 1455 1611 1468 .

441 1500 560 1569 3¹⁸².
608 1508 855 1568 Censor.
886 1509 963 1568 de
1000 1510 1055 1568 d.
1086 1526 1143 1569 n.
1173 1507 1279 1584 20,
1308 1507 1351 1566 2
1388 1509 1625 1567 Annum
1662 1513 1999 1568 uertentem
2029 1507 2295 1567 Licinius
2333 1507 2574 1586 quidem

254 1603 458 1666 Macer
502 1613 563 1665 et
615 1612 826 1684 postea
882 1603 1212 1666 Fenestella
1278 1606 1478 1666 statim
1543 1604 1616 1664 ab
1681 1605 1853 1665 initio
1920 1604 2232 1666 duodecim
2299 1623 2572 1667 mensum
2609 1602 2674 1658 fr-
2707 1610 2740 1656 3

176 1725 229 1766 ιο
258 1703 449 1764 fuisse
504 1703 907 1784 scripserunt,
966 1703 1073 1764 sed
1127 1705 1321 1782 magis
1364 1703 1536 1764 lunio
1584 1701 1929 1763 Gracchano
1976 1711 2037 1764 et
2082 1702 2294 1764 Fuluio
2340 1711 2400 1764 et
2437 1703 2576 1764 Var-

258 1802 394 1861 roni
450 1808 510 1860 et
566 1800 852 1861 Suetonio
916 1800 1167 1880 aliisque
1225 1800 1617 1880 credendum,
1674 1802 1778 1880 qui
1835 1800 2039 1862 decem
2087 1819 2361 1862 mensum
2407 1809 2576 1880 puta-

256 1906 482 1959 uerunt
528 1899 732 1960 fuisse.

440 1989 562 2058 4¹¹².
619 1997 852 2072 Diyest.
893 1999 935 2057 I
974 1997 1061 2057 13
1122 1996 1403 2076 leianus
1462 1994 1612 2057 libro
1669 1996 1958 2075 singulari
2015 1996 2087 2056 de
2144 1996 2342 2057 officio
2399 2013 2578 2075 quae·

261 2095 471 2155 storis:
510 2127 595 2138 -
636 2095 682 2154 Α
728 2112 949 2174 genere
1006 2094 1335 2174 quaerendi
1390 2103 1738 2174 quaestores
1795 2095 1963 2156 initio
2022 2094 2213 2155 dictos
2267 2099 2326 2153 et
2370 2092 2578 2154 lunius

180 2215 233 2256 ιι
261 2201 321 2253 et
368 2191 689 2254 Trebatius
738 2199 799 2254 et
843 2191 1176 2253 Fenestella
1224 2190 1513 2253 scribunt.

444 2285 564 2353 5²¹³.
622 2292 783 2352 Plut.
820 2309 875 2366 q.
916 2291 1088 2352 Rom.
1126 2292 1212 2351 41
1268 2285 1509 2375 Ἑτέρῳ
1566 2284 1628 2352 δ’
1682 2285 2046 2372 ἐχρήσαντο
2097 2288 2416 2368 [Romani]
2468 2310 2578 2352 νο-

256 2388 537 2470 μίσματι
581 2387 755 2469 βοῦν
800 2381 1023 2470 ἔχοντι
1068 2383 1180 2450 καὶ
1227 2387 1565 2470 πρόβατον
1610 2382 1721 2449 καὶ
1776 2378 1866 2448 ὗν
1910 2384 2328 2468 παράσημον,
2385 2384 2580 2450 εὐπο-

260 2492 543 2568 ροῦντες
610 2481 739 2546 ἀπὸ
805 2493 943 2548 τῶν
1006 2483 1413 2568 θρεμμάτων
1474 2484 1757 2566 μάλιστα
1821 2473 1932 2547 καὶ
1997 2483 2120 2566 τὴν
2183 2485 2582 2566 περιουσίαν

258 2579 390 2645 ἀπὸ
465 2581 726 2645 τούτων
798 2577 1089 2666 ἔχοντες·
1173 2581 1279 2645 διὸ
1354 2581 1463 2645 καὶ
1536 2591 1674 2645 τῶν
1747 2579 2098 2665 ὀνομάτων
2161 2580 2376 2646 πολλοὶ
2439 2591 2581 2656 τοῖς

180 2706 233 2748 ιο
256 2683 570 2755 παλαιοῖς
598 2675 919 2743 Συέλλιοι
956 2676 1066 2742 καὶ
1100 2675 1475 2760 Βουβολκοὶ
1512 2675 1622 2742 καὶ
1663 2680 1948 2763 Πόρκιοι
1986 2673 2176 2762 ἦσαν,
2215 2678 2302 2754 ὡς
2336 2681 2576 2743 Φαινε-

260 2774 539 2852 στέλλας
585 2781 869 2861 εἴρηκεν.

442 2931 503 2988 2.
546 2933 629 3000 Of.
660 2933 816 2988 Seru.
847 2939 1071 2988 auctum
1108 2933 1200 2986 ad.
1229 2933 1279 2986 h.
1312 2934 1346 2986 l.
1386 2931 1487 2986 alii
1525 2947 1561 2987 a
1588 2931 1882 2988 Tarchone
1919 2931 2195 3002 Tyrrheni
2233 2931 2408 2987 fratre
2445 2949 2572 2987 eon-

260 3003 446 3059 ditum
492 3002 723 3071 dieunt;
771 3003 1067 3058 Mantuam
1109 3005 1300 3058 autem
1336 3003 1467 3058 ideo
1502 3004 1874 3070 nominatam,
1912 3003 2064 3074 quod
2101 3003 2339 3057 Etrusca.
2375 3003 2577 3074 lingua

262 3076 525 3130 Mantum
567 3074 762 3130 Ditem
816 3077 1039 3145 patrem
1093 3073 1411 3146 appellant,
1470 3075 1562 3129 eui
1609 3091 1737 3129 eum
1785 3075 1988 3130 ceteris
2036 3073 2270 3128 urbibus
2319 3078 2378 3129 et
2431 3074 2580 3130 hane

261 3146 633 3202 consecrauit.

442 3217 505 3272 8.
548 3219 881 3273 Censorinus
914 3217 1015 3272 hos
1049 3223 1295 3274 auctores
1328 3219 1571 3286 forsitan
1607 3234 1675 3273 ex
1710 3216 1973 3274 Suetonio
2010 3218 2241 3272 nouerit.

443 3287 505 3344 4.
547 3289 705 3344 Haec
730 3305 799 3343 ex
827 3289 1068 3357 leiano
1097 3291 1274 3358 petita
1302 3289 1501 3360 Lydus
1528 3290 1593 3344 de
1620 3306 1762 3359 may.
1784 3289 1826 3341 Ι
1844 3293 1920 3342 24
1946 3305 2013 3344 ex
2040 3289 2212 3343 Iunio
2245 3289 2572 3344 Gracchano

260 3377 317 3416 se
354 3361 626 3415 adtulisse
664 3359 817 3413 dicit.
856 3360 975 3414 uid.
1006 3360 1083 3414 ad
1116 3361 1189 3426 fr.
1219 3365 1273 3415 8.

446 3431 508 3486 5.
550 3431 634 3498 Cf.
664 3431 823 3500 Popl.
854 3435 923 3485 11
972 3422 1079 3484 Ἦν
1124 3429 1189 3485 δὲ
1234 3431 1363 3501 τιμὴ
1410 3429 1700 3503 προβάτου
1745 3431 1848 3500 μὲν
1895 3430 2084 3503 ὀβολοὶ
2131 3427 2298 3498 δέκα,
2347 3430 2480 3502 βοὸς
2515 3429 2578 3485 δὲ

262 3501 489 3568 ἑκατόν,
536 3502 693 3558 οὔπω
741 3499 1041 3571 νομίσματι
1089 3501 1391 3572 χρωμένων
1434 3505 1619 3574 πολλῷ
1665 3501 1790 3559 τότε
1832 3499 2120 3572 Ῥωμαίων
2175 3500 2314 3556 ἀλλὰ
2366 3503 2580 3573 προβα-

260 3571 442 3636 τείαις
478 3573 576 3628 καὶ
612 3569 1049 3642 κτηνοτροφίαις
1098 3573 1515 3643 εὐθηνούντων.
1581 3573 1690 3627 Διὸ
1747 3575 1846 3628 καὶ
1901 3572 2002 3636 τὰς
2048 3571 2247 3636 οὐσίας
2298 3571 2429 3644 ἄχρι
2475 3581 2580 3629 νῦν

261 3645 381 3701 ἀπὸ
419 3653 534 3700 τῶν
570 3643 872 3716 προβάτων
913 3643 1185 3698 πεκούλια
1222 3646 1455 3699 καλοῦσι
1500 3645 1597 3699 καὶ
1643 3653 1754 3698 τῶν
1791 3643 2147 3713 νομισμάτων
2184 3653 2302 3708 τοῖς
2337 3647 2579 3699 παλαιο-

261 3716 457 3780 τάτοις
493 3717 635 3788 βοῦν
688 3715 1069 3786 ἐπεχάραττον
1123 3712 1157 3784 ἢ
1206 3715 1493 3787 πρόβατον
1538 3713 1573 3784 ἣ
1623 3723 1740 3771 σῦν.
1800 3713 2053 3771 ἐτίθεντο
2110 3713 2173 3770 δὲ
2230 3715 2326 3769 καὶ
2381 3716 2580 3770 παισὶν

262 3790 459 3844 αὐτῶν
494 3785 771 3850 Συίλλους
807 3787 903 3842 καὶ
935 3787 1325 3858 Βουβούλκους
1350 3787 1449 3842 καὶ
1478 3783 1846 3852 Καπραρίους
1873 3786 2124 3856 ὀνόματα
2151 3788 2250 3842 καὶ
2278 3783 2578 3855 Πορκίους.

453 3948 521 4034 1,
570 3957 625 4016 5.
676 3958 817 4016 exta
858 3957 1097 4016 Palmer
1249 3955 1413 4016 exuis
1460 3956 1555 4014 uel
1600 3955 1797 4016 exsuis
1845 3956 1983 4014 libri
2027 3956 2152 4015 suis
2199 3956 2285 4016 ed.
2315 3975 2370 4016 a.
2406 3959 2580 4015 1476

266 4047 389 4106 tuis
408 4045 693 4119 Lindsay
782 4047 1169 4120 porreeissem
1187 4045 1440 4104 Pabmer.
1466 4047 1595 4104 -ent
1616 4045 1815 4120 Quieh.
1835 4045 1910 4102 L.
1931 4045 2188 4105 Mueller
2213 4047 2355 4105 haee
2379 4046 2582 4104 habet:

268 4139 329 4194 et
373 4134 673 4212 quaedam
719 4137 859 4194 exta.
902 4136 1216 4210 praesente
1262 4135 1405 4207 suis,
1451 4133 1746 4210 quaedam
1797 4133 2041 4194 absente
2087 4135 2485 4210 porreeissent

448 4216 519 4303 2,
580 4225 635 4281 7.
696 4223 957 4283 fascem
1012 4223 1337 4297 Quieherat.
1384 4223 1459 4282 L.
1497 4221 1755 4283 Mueller
1806 4224 2033 4283 hiatum
2079 4229 2214 4297 post
2269 4223 2580 4284 annalium

265 4314 566 4390 siquificat
893 4304 962 4390 5,
1015 4313 1113 4370 20.
1162 4311 1435 4372 Συίλλιοι
1482 4311 1892 4372 Bernardams
