<?xml version="1.0" encoding="UTF-8"?>
<!DOCTYPE html PUBLIC "-//W3C//DTD XHTML 1.0 Transitional//EN"
    "http://www.w3.org/TR/xhtml1/DTD/xhtml1-transitional.dtd">
<html xmlns="http://www.w3.org/1999/xhtml" xml:lang="en" lang="en">
 <head>
  <title>
</title>
<meta http-equiv="Content-Type" content="text/html;charset=utf-8" />
  <meta name='ocr-system' content='tesseract 3.04.00' />
  <meta name='ocr-capabilities' content='ocr_page ocr_carea ocr_par ocr_line ocrx_word'/>
</head>
<body>
  <div class='ocr_page' id='page_1' title='image "./historicorvmrom00petegoog_0293.png"; bbox 0 0 3234 5034; ppageno 0'>
   <div class='ocr_carea' id='block_1_1' title="bbox 574 313 2042 377">
    <p class='ocr_par' dir='ltr' id='par_1_1' title="bbox 574 313 2042 377">
     <span class='ocr_line' id='line_1_1' title="bbox 574 313 2042 377; baseline -0.007 0"><span class='ocrx_word' id='word_1_1' title='bbox 574 313 661 377; x_wconf 78' lang='grc'>’72</span> <span class='ocrx_word' id='word_1_2' title='bbox 1504 313 1560 370; x_wconf 88' lang='lat' dir='ltr'>C.</span> <span class='ocrx_word' id='word_1_3' title='bbox 1594 313 1744 368; x_wconf 88' lang='lat' dir='ltr'>IVLI</span> <span class='ocrx_word' id='word_1_4' title='bbox 1781 313 2042 368; x_wconf 84' lang='lat' dir='ltr'>HYGINI</span> 
     </span>
    </p>
   </div>
   <div class='ocr_carea' id='block_1_2' title="bbox 573 479 2952 936">
    <p class='ocr_par' dir='ltr' id='par_1_2' title="bbox 573 479 2870 660">
     <span class='ocr_line' id='line_1_2' title="bbox 573 479 2870 561; baseline -0 -19"><span class='ocrx_word' id='word_1_5' title='bbox 573 490 763 542; x_wconf 90' lang='lat' dir='ltr'>ortam</span> <span class='ocrx_word' id='word_1_6' title='bbox 822 480 989 561; x_wconf 86' lang='lat' dir='ltr'>dicit,</span> <span class='ocrx_word' id='word_1_7' title='bbox 1037 499 1213 561; x_wconf 80' lang='lat' dir='ltr'>quam</span> <span class='ocrx_word' id='word_1_8' title='bbox 1260 479 1501 560; x_wconf 87' lang='lat' dir='ltr'>quidam</span> <span class='ocrx_word' id='word_1_9' title='bbox 1558 480 1634 542; x_wconf 85' lang='lat' dir='ltr'>ad</span> <span class='ocrx_word' id='word_1_10' title='bbox 1689 480 2118 542; x_wconf 73' lang='lat' dir='ltr'><strong>inlustrandam</strong></span> <span class='ocrx_word' id='word_1_11' title='bbox 2176 479 2424 560; x_wconf 81' lang='lat' dir='ltr'><strong>gloriam</strong></span> <span class='ocrx_word' id='word_1_12' title='bbox 2473 479 2744 542; x_wconf 78' lang='lat' dir='ltr'>Caesaris</span> <span class='ocrx_word' id='word_1_13' title='bbox 2786 483 2870 541; x_wconf 87' lang='lat' dir='ltr'>iu·</span> 
     </span>
     <span class='ocr_line' id='line_1_3' title="bbox 574 578 1577 660; baseline -0.001 -20"><span class='ocrx_word' id='word_1_14' title='bbox 574 582 746 640; x_wconf 90' lang='lat' dir='ltr'>uenis</span> <span class='ocrx_word' id='word_1_15' title='bbox 792 581 1094 660; x_wconf 84' lang='lat' dir='ltr'>pertinere</span> <span class='ocrx_word' id='word_1_16' title='bbox 1142 578 1577 640; x_wconf 83' lang='lat' dir='ltr'>existimabant.</span> 
     </span>
    </p>

    <p class='ocr_par' dir='ltr' id='par_1_3' title="bbox 574 673 2952 936">
     <span class='ocr_line' id='line_1_4' title="bbox 756 673 2875 740; baseline -0.001 0"><span class='ocrx_word' id='word_1_17' title='bbox 756 673 822 740; x_wconf 78' lang='lat'>2.</span> <span class='ocrx_word' id='word_1_18' title='bbox 874 679 1047 740; x_wconf 83' lang='lat' dir='ltr'>Seru.</span> <span class='ocrx_word' id='word_1_19' title='bbox 1070 681 1157 739; x_wconf 84' lang='lat' dir='ltr'>ad</span> <span class='ocrx_word' id='word_1_20' title='bbox 1182 679 1331 739; x_wconf 83' lang='lat' dir='ltr'>Aen.</span> <span class='ocrx_word' id='word_1_21' title='bbox 1367 679 1422 737; x_wconf 82' lang='lat' dir='ltr'><em>V</em></span> <span class='ocrx_word' id='word_1_22' title='bbox 1450 679 1584 738; x_wconf 80' lang='lat'>556</span> <span class='ocrx_word' id='word_1_23' title='bbox 1630 676 1884 738; x_wconf 81' lang='lat' dir='ltr'>Baebius</span> <span class='ocrx_word' id='word_1_24' title='bbox 1921 686 2121 738; x_wconf 90' lang='lat' dir='ltr'>tamen</span> <span class='ocrx_word' id='word_1_25' title='bbox 2151 676 2348 738; x_wconf 80' lang='lat' dir='ltr'><strong>Macer</strong></span> <span class='ocrx_word' id='word_1_26' title='bbox 2386 676 2530 738; x_wconf 91' lang='lat' dir='ltr'>dicit</span> <span class='ocrx_word' id='word_1_27' title='bbox 2567 696 2600 738; x_wconf 92' lang='lat' dir='ltr'>a</span> <span class='ocrx_word' id='word_1_28' title='bbox 2627 676 2875 738; x_wconf 76' lang='lat' dir='ltr'>Caesare</span> 
     </span>
     <span class='ocr_line' id='line_1_5' title="bbox 574 774 2879 855; baseline -0 -19"><span class='ocrx_word' id='word_1_29' title='bbox 574 778 839 855; x_wconf 83' lang='lat' dir='ltr'>Augusto</span> <span class='ocrx_word' id='word_1_30' title='bbox 885 776 1106 855; x_wconf 88' lang='lat' dir='ltr'>pueris,</span> <span class='ocrx_word' id='word_1_31' title='bbox 1154 777 1255 855; x_wconf 89' lang='lat' dir='ltr'>qui</span> <span class='ocrx_word' id='word_1_32' title='bbox 1304 774 1571 836; x_wconf 87' lang='lat' dir='ltr'>luserant</span> <span class='ocrx_word' id='word_1_33' title='bbox 1616 775 1874 854; x_wconf 86' lang='lat' dir='ltr'>Troiam,</span> <span class='ocrx_word' id='word_1_34' title='bbox 1922 774 2164 836; x_wconf 88' lang='lat' dir='ltr'>donatas</span> <span class='ocrx_word' id='word_1_35' title='bbox 2212 792 2346 836; x_wconf 87' lang='lat' dir='ltr'>esse</span> <span class='ocrx_word' id='word_1_36' title='bbox 2392 774 2590 854; x_wconf 80' lang='lat' dir='ltr'><strong>galeas</strong></span> <span class='ocrx_word' id='word_1_37' title='bbox 2639 783 2700 836; x_wconf 89' lang='lat' dir='ltr'>et</span> <span class='ocrx_word' id='word_1_38' title='bbox 2743 775 2879 836; x_wconf 90' lang='lat' dir='ltr'>bina</span> 
     </span>
     <span class='ocr_line' id='line_1_6' title="bbox 575 872 2952 936; baseline -0.003 -2"><span class='ocrx_word' id='word_1_39' title='bbox 575 872 825 936; x_wconf 88' lang='lat' dir='ltr'>hastilia.</span> <span class='ocrx_word' id='word_1_40' title='bbox 2927 889 2952 928; x_wconf 73' lang='grc' dir='ltr'><strong>ι</strong></span> 
     </span>
    </p>
   </div>
   <div class='ocr_carea' id='block_1_3' title="bbox 218 1157 2102 1470">
    <p class='ocr_par' dir='ltr' id='par_1_4' title="bbox 218 1157 2102 1470">
     <span class='ocr_line' id='line_1_7' title="bbox 1363 1157 2102 1231; baseline -0.001 0"><span class='ocrx_word' id='word_1_41' title='bbox 1363 1158 1433 1231; x_wconf 84' lang='lat' dir='ltr'>C.</span> <span class='ocrx_word' id='word_1_42' title='bbox 1490 1157 1692 1231; x_wconf 90' lang='lat' dir='ltr'><strong>IVLI</strong></span> <span class='ocrx_word' id='word_1_43' title='bbox 1747 1157 2102 1231; x_wconf 81' lang='lat' dir='ltr'>HYGINI</span> 
     </span>
     <span class='ocr_line' id='line_1_8' title="bbox 218 1233 1922 1470; baseline -0.001 -89"><span class='ocrx_word' id='word_1_44' title='bbox 218 1363 389 1470; x_wconf 51' lang='lat' dir='ltr'>De·-</span> <span class='ocrx_word' id='word_1_45' title='bbox 440 1233 1155 1434; x_wconf 41' lang='lat' dir='ltr'>MQLAK&#39;NJ)</span> <span class='ocrx_word' id='word_1_46' title='bbox 1306 1343 1365 1422; x_wconf 71' lang='lat'>7</span> <span class='ocrx_word' id='word_1_47' title='bbox 1537 1319 1922 1380; x_wconf 79' lang='lat' dir='ltr'><strong>EXEMPLA</strong></span> 
     </span>
    </p>
   </div>
   <div class='ocr_carea' id='block_1_4' title="bbox 575 1437 2956 2349">
    <p class='ocr_par' dir='ltr' id='par_1_5' title="bbox 575 1437 2956 2349">
     <span class='ocr_line' id='line_1_9' title="bbox 671 1437 2880 1562; baseline -0 -29"><span class='ocrx_word' id='word_1_48' title='bbox 671 1437 713 1470; x_wconf 54' lang='grc' dir='ltr'><strong><em>υ</em></strong></span> <span class='ocrx_word' id='word_1_49' title='bbox 760 1465 824 1534; x_wconf 92' lang='grc'>1.</span> <span class='ocrx_word' id='word_1_50' title='bbox 882 1473 1025 1534; x_wconf 79' lang='lat' dir='ltr'>Gen.</span> <span class='ocrx_word' id='word_1_51' title='bbox 1064 1472 1134 1533; x_wconf 86' lang='grc' dir='ltr'><em>Χ</em></span> <span class='ocrx_word' id='word_1_52' title='bbox 1165 1470 1270 1550; x_wconf 86' lang='grc'>18,</span> <span class='ocrx_word' id='word_1_53' title='bbox 1288 1447 1365 1562; x_wconf 64' lang='grc' dir='ltr'>Χ</span> <span class='ocrx_word' id='word_1_54' title='bbox 1396 1469 1465 1531; x_wconf 84' lang='lat' dir='ltr'>ld</span> <span class='ocrx_word' id='word_1_55' title='bbox 1510 1477 1963 1532; x_wconf 88' lang='lat' dir='ltr'>monumentum</span> <span class='ocrx_word' id='word_1_56' title='bbox 2010 1471 2327 1533; x_wconf 81' lang='lat' dir='ltr'>Artemisia</span> <span class='ocrx_word' id='word_1_57' title='bbox 2374 1491 2508 1533; x_wconf 89' lang='lat' dir='ltr'>cum</span> <span class='ocrx_word' id='word_1_58' title='bbox 2557 1471 2650 1534; x_wconf 88' lang='lat' dir='ltr'>dis</span> <span class='ocrx_word' id='word_1_59' title='bbox 2697 1475 2880 1534; x_wconf 89' lang='lat' dir='ltr'>maui-</span> 
     </span>
     <span class='ocr_line' id='line_1_10' title="bbox 575 1568 2880 1649; baseline 0 -17"><span class='ocrx_word' id='word_1_60' title='bbox 575 1570 689 1632; x_wconf 89' lang='lat' dir='ltr'>bus</span> <span class='ocrx_word' id='word_1_61' title='bbox 738 1571 925 1632; x_wconf 86' lang='lat' dir='ltr'>sacris</span> <span class='ocrx_word' id='word_1_62' title='bbox 971 1568 1221 1631; x_wconf 79' lang='lat' dir='ltr'>Mausoli</span> <span class='ocrx_word' id='word_1_63' title='bbox 1270 1568 1521 1648; x_wconf 85' lang='lat' dir='ltr'>dicaret,</span> <span class='ocrx_word' id='word_1_64' title='bbox 1570 1587 1785 1649; x_wconf 81' lang='lat' dir='ltr'>agona,</span> <span class='ocrx_word' id='word_1_65' title='bbox 1831 1568 1894 1629; x_wconf 92' lang='lat' dir='ltr'>id</span> <span class='ocrx_word' id='word_1_66' title='bbox 1942 1577 2034 1629; x_wconf 90' lang='lat' dir='ltr'>est</span> <span class='ocrx_word' id='word_1_67' title='bbox 2080 1577 2382 1630; x_wconf 88' lang='lat' dir='ltr'>certamen</span> <span class='ocrx_word' id='word_1_68' title='bbox 2429 1569 2704 1632; x_wconf 85' lang='lat' dir='ltr'>laudibus</span> <span class='ocrx_word' id='word_1_69' title='bbox 2755 1572 2880 1632; x_wconf 85' lang='lat' dir='ltr'>eius</span> 
     </span>
     <span class='ocr_line' id='line_1_11' title="bbox 578 1666 2880 1748; baseline 0 -19"><span class='ocrx_word' id='word_1_70' title='bbox 578 1667 878 1747; x_wconf 80' lang='lat' dir='ltr'>dicundiS,</span> <span class='ocrx_word' id='word_1_71' title='bbox 926 1668 1066 1728; x_wconf 87' lang='lat' dir='ltr'>facit</span> <span class='ocrx_word' id='word_1_72' title='bbox 1108 1668 1396 1747; x_wconf 83' lang='lat' dir='ltr'><strong>ponitque</strong></span> <span class='ocrx_word' id='word_1_73' title='bbox 1443 1669 1709 1746; x_wconf 88' lang='lat' dir='ltr'>praemia</span> <span class='ocrx_word' id='word_1_74' title='bbox 1761 1668 2051 1746; x_wconf 88' lang='lat' dir='ltr'>pecuniae</span> <span class='ocrx_word' id='word_1_75' title='bbox 2107 1666 2478 1748; x_wconf 89' lang='lat' dir='ltr'>aliarumque</span> <span class='ocrx_word' id='word_1_76' title='bbox 2529 1682 2736 1730; x_wconf 85' lang='lat' dir='ltr'>rerum</span> <span class='ocrx_word' id='word_1_77' title='bbox 2779 1668 2880 1730; x_wconf 90' lang='lat' dir='ltr'>bo-</span> 
     </span>
     <span class='ocr_line' id='line_1_12' title="bbox 576 1763 2884 1846; baseline 0.001 -20"><span class='ocrx_word' id='word_1_78' title='bbox 576 1784 789 1828; x_wconf 86' lang='lat' dir='ltr'>narum</span> <span class='ocrx_word' id='word_1_79' title='bbox 845 1764 1225 1846; x_wconf 89' lang='lat' dir='ltr'>amplissima.</span> <span class='ocrx_word' id='word_1_80' title='bbox 1311 1763 1385 1825; x_wconf 88' lang='lat' dir='ltr'>ad</span> <span class='ocrx_word' id='word_1_81' title='bbox 1441 1783 1541 1826; x_wconf 91' lang='lat' dir='ltr'>eas</span> <span class='ocrx_word' id='word_1_82' title='bbox 1597 1765 1806 1826; x_wconf 89' lang='lat' dir='ltr'>laudes</span> <span class='ocrx_word' id='word_1_83' title='bbox 1863 1764 2251 1826; x_wconf 82' lang='lat' dir='ltr'>decertandas</span> <span class='ocrx_word' id='word_1_84' title='bbox 2303 1768 2546 1828; x_wconf 89' lang='lat' dir='ltr'>uenisse</span> <span class='ocrx_word' id='word_1_85' title='bbox 2604 1765 2884 1829; x_wconf 87' lang='lat' dir='ltr'>dicuntur</span> 
     </span>
     <span class='ocr_line' id='line_1_13' title="bbox 576 1862 2956 1945; baseline -0.002 -20"><span class='ocrx_word' id='word_1_86' title='bbox 576 1866 695 1925; x_wconf 91' lang='lat' dir='ltr'>uiri</span> <span class='ocrx_word' id='word_1_87' title='bbox 741 1864 972 1926; x_wconf 87' lang='lat' dir='ltr'>nobiles</span> <span class='ocrx_word' id='word_1_88' title='bbox 1018 1865 1258 1943; x_wconf 83' lang='lat' dir='ltr'>ingenio</span> <span class='ocrx_word' id='word_1_89' title='bbox 1305 1870 1481 1943; x_wconf 88' lang='lat' dir='ltr'>atque</span> <span class='ocrx_word' id='word_1_90' title='bbox 1530 1863 1728 1943; x_wconf 85' lang='lat' dir='ltr'>lingua</span> <span class='ocrx_word' id='word_1_91' title='bbox 1775 1862 2149 1945; x_wconf 79' lang='lat' dir='ltr'>praestabili,</span> <span class='ocrx_word' id='word_1_92' title='bbox 2202 1862 2646 1945; x_wconf 77' lang='lat' dir='ltr'>TheopompuS‚</span> <span class='ocrx_word' id='word_1_93' title='bbox 2695 1865 2881 1926; x_wconf 86' lang='lat' dir='ltr'>Theo·</span> <span class='ocrx_word' id='word_1_94' title='bbox 2909 1882 2956 1921; x_wconf 83' lang='grc' dir='ltr'>ιο</span> 
     </span>
     <span class='ocr_line' id='line_1_14' title="bbox 579 1960 2881 2042; baseline 0 -19"><span class='ocrx_word' id='word_1_95' title='bbox 579 1961 799 2042; x_wconf 77' lang='lat' dir='ltr'>decteS,</span> <span class='ocrx_word' id='word_1_96' title='bbox 839 1960 1182 2024; x_wconf 75' lang='lat' dir='ltr'>Naucrates,</span> <span class='ocrx_word' id='word_1_97' title='bbox 1214 1995 1295 2005; x_wconf 89' lang='lat'><strong>—</strong></span> <span class='ocrx_word' id='word_1_98' title='bbox 1338 1960 1454 2022; x_wconf 85' lang='lat' dir='ltr'>Sed</span> <span class='ocrx_word' id='word_1_99' title='bbox 1494 1979 1565 2022; x_wconf 89' lang='lat' dir='ltr'>eo</span> <span class='ocrx_word' id='word_1_100' title='bbox 1608 1963 1932 2022; x_wconf 87' lang='lat' dir='ltr'>certamine</span> <span class='ocrx_word' id='word_1_101' title='bbox 1979 1963 2201 2023; x_wconf 87' lang='lat' dir='ltr'>uicisse</span> <span class='ocrx_word' id='word_1_102' title='bbox 2238 1960 2687 2042; x_wconf 80' lang='lat' dir='ltr'><strong>Theopompum</strong></span> <span class='ocrx_word' id='word_1_103' title='bbox 2731 1962 2881 2024; x_wconf 88' lang='lat' dir='ltr'>iudi-</span> 
     </span>
     <span class='ocr_line' id='line_1_15' title="bbox 578 2059 2881 2140; baseline 0 -20"><span class='ocrx_word' id='word_1_104' title='bbox 578 2067 774 2122; x_wconf 88' lang='lat' dir='ltr'>catum</span> <span class='ocrx_word' id='word_1_105' title='bbox 824 2068 931 2122; x_wconf 80' lang='lat' dir='ltr'>est.</span> <span class='ocrx_word' id='word_1_106' title='bbox 971 2094 1057 2104; x_wconf 92' lang='lat'>—-</span> <span class='ocrx_word' id='word_1_107' title='bbox 1104 2060 1313 2121; x_wconf 78' lang='lat' dir='ltr'>Exstat</span> <span class='ocrx_word' id='word_1_108' title='bbox 1366 2078 1528 2120; x_wconf 87' lang='lat' dir='ltr'>nunc</span> <span class='ocrx_word' id='word_1_109' title='bbox 1578 2078 1814 2139; x_wconf 85' lang='lat' dir='ltr'>quoque</span> <span class='ocrx_word' id='word_1_110' title='bbox 1862 2059 2186 2121; x_wconf 80' lang='lat' dir='ltr'>Theodecti</span> <span class='ocrx_word' id='word_1_111' title='bbox 2231 2060 2549 2140; x_wconf 81' lang='lat' dir='ltr'>tragoedia,</span> <span class='ocrx_word' id='word_1_112' title='bbox 2597 2079 2751 2140; x_wconf 89' lang='lat' dir='ltr'>quae</span> <span class='ocrx_word' id='word_1_113' title='bbox 2794 2063 2881 2121; x_wconf 89' lang='lat' dir='ltr'>in-</span> 
     </span>
     <span class='ocr_line' id='line_1_16' title="bbox 578 2157 2882 2238; baseline 0 -19"><span class='ocrx_word' id='word_1_114' title='bbox 578 2158 864 2219; x_wconf 87' lang='lat' dir='ltr'>scribitur</span> <span class='ocrx_word' id='word_1_115' title='bbox 918 2157 1242 2237; x_wconf 89' lang='lat' dir='ltr'>Mausolus,</span> <span class='ocrx_word' id='word_1_116' title='bbox 1306 2159 1369 2218; x_wconf 91' lang='lat' dir='ltr'>in</span> <span class='ocrx_word' id='word_1_117' title='bbox 1434 2176 1550 2237; x_wconf 88' lang='lat' dir='ltr'>qua</span> <span class='ocrx_word' id='word_1_118' title='bbox 1607 2175 1746 2218; x_wconf 88' lang='lat' dir='ltr'>eum</span> <span class='ocrx_word' id='word_1_119' title='bbox 1793 2159 1979 2235; x_wconf 86' lang='lat' dir='ltr'>magis</span> <span class='ocrx_word' id='word_1_120' title='bbox 2026 2177 2203 2237; x_wconf 89' lang='lat' dir='ltr'>quam</span> <span class='ocrx_word' id='word_1_121' title='bbox 2258 2159 2322 2219; x_wconf 89' lang='lat' dir='ltr'>in</span> <span class='ocrx_word' id='word_1_122' title='bbox 2367 2176 2543 2238; x_wconf 87' lang='lat' dir='ltr'>prosa</span> <span class='ocrx_word' id='word_1_123' title='bbox 2591 2157 2882 2238; x_wconf 83' lang='lat' dir='ltr'>placuisse</span> 
     </span>
     <span class='ocr_line' id='line_1_17' title="bbox 576 2255 1535 2349; baseline 0.002 -34"><span class='ocrx_word' id='word_1_124' title='bbox 576 2255 843 2349; x_wconf 63' lang='lat' dir='ltr'>Hyginus</span> <span class='ocrx_word' id='word_1_125' title='bbox 889 2257 951 2316; x_wconf 90' lang='lat' dir='ltr'>in</span> <span class='ocrx_word' id='word_1_126' title='bbox 1000 2255 1287 2338; x_wconf 88' lang='lat' dir='ltr'>exemplis</span> <span class='ocrx_word' id='word_1_127' title='bbox 1334 2257 1535 2317; x_wconf 79' lang='lat' dir='ltr'>refert.</span> 
     </span>
    </p>
   </div>
   <div class='ocr_carea' id='block_1_5' title="bbox 839 2451 2626 2525">
    <p class='ocr_par' dir='ltr' id='par_1_6' title="bbox 839 2451 2626 2525">
     <span class='ocr_line' id='line_1_18' title="bbox 839 2451 2626 2525; baseline -0.001 -12"><span class='ocrx_word' id='word_1_128' title='bbox 839 2454 945 2513; x_wconf 82' lang='lat' dir='ltr'>DE</span> <span class='ocrx_word' id='word_1_129' title='bbox 993 2453 1189 2514; x_wconf 83' lang='lat' dir='ltr'><strong>VITA</strong></span> <span class='ocrx_word' id='word_1_130' title='bbox 1238 2453 1661 2525; x_wconf 66' lang='lat' dir='ltr'><strong>REBVSQVE</strong></span> <span class='ocrx_word' id='word_1_131' title='bbox 1709 2452 2212 2513; x_wconf 80' lang='lat' dir='ltr'><strong>INLVSTRIVM</strong></span> <span class='ocrx_word' id='word_1_132' title='bbox 2257 2451 2626 2514; x_wconf 79' lang='lat' dir='ltr'><strong>VIRORVM</strong></span> 
     </span>
    </p>
   </div>
   <div class='ocr_carea' id='block_1_6' title="bbox 382 2589 2960 3441">
    <p class='ocr_par' dir='ltr' id='par_1_7' title="bbox 382 2589 2960 3441">
     <span class='ocr_line' id='line_1_19' title="bbox 382 2589 2955 2674; baseline -0.003 -14"><span class='ocrx_word' id='word_1_133' title='bbox 382 2607 447 2662; x_wconf 83' lang='lat' dir='ltr'>fr.</span> <span class='ocrx_word' id='word_1_134' title='bbox 476 2614 539 2662; x_wconf 76' lang='lat'>17</span> <span class='ocrx_word' id='word_1_135' title='bbox 760 2589 824 2658; x_wconf 77' lang='grc'>2.</span> <span class='ocrx_word' id='word_1_136' title='bbox 876 2596 1096 2658; x_wconf 79' lang='lat' dir='ltr'>Ascon.</span> <span class='ocrx_word' id='word_1_137' title='bbox 1134 2599 1199 2656; x_wconf 78' lang='lat' dir='ltr'>in</span> <span class='ocrx_word' id='word_1_138' title='bbox 1249 2595 1450 2656; x_wconf 73' lang='lat' dir='ltr'>Pison.</span> <span class='ocrx_word' id='word_1_139' title='bbox 1476 2611 1544 2670; x_wconf 83' lang='lat' dir='ltr'>p.</span> <span class='ocrx_word' id='word_1_140' title='bbox 1583 2594 1671 2654; x_wconf 85' lang='lat'>12</span> <span class='ocrx_word' id='word_1_141' title='bbox 1709 2595 1878 2656; x_wconf 87' lang='lat' dir='ltr'><strong><em>K.-S.</em></strong></span> <span class='ocrx_word' id='word_1_142' title='bbox 1939 2593 2171 2656; x_wconf 91' lang='lat' dir='ltr'>Valerio</span> <span class='ocrx_word' id='word_1_143' title='bbox 2224 2593 2504 2674; x_wconf 79' lang='lat' dir='ltr'>Maximo,</span> <span class='ocrx_word' id='word_1_144' title='bbox 2567 2602 2638 2657; x_wconf 89' lang='lat' dir='ltr'>ut</span> <span class='ocrx_word' id='word_1_145' title='bbox 2681 2597 2882 2657; x_wconf 82' lang='lat' dir='ltr'>Antias</span> <span class='ocrx_word' id='word_1_146' title='bbox 2912 2611 2955 2652; x_wconf 74' lang='grc' dir='ltr'>ιι</span> 
     </span>
     <span class='ocr_line' id='line_1_20' title="bbox 580 2691 2886 2772; baseline 0.001 -19"><span class='ocrx_word' id='word_1_147' title='bbox 580 2693 849 2772; x_wconf 86' lang='lat' dir='ltr'>tradidit,</span> <span class='ocrx_word' id='word_1_148' title='bbox 896 2695 1056 2754; x_wconf 87' lang='lat' dir='ltr'>inter</span> <span class='ocrx_word' id='word_1_149' title='bbox 1112 2692 1259 2754; x_wconf 91' lang='lat' dir='ltr'>alios</span> <span class='ocrx_word' id='word_1_150' title='bbox 1312 2692 1571 2753; x_wconf 88' lang='lat' dir='ltr'>honores</span> <span class='ocrx_word' id='word_1_151' title='bbox 1620 2691 1830 2754; x_wconf 92' lang='lat' dir='ltr'>domus</span> <span class='ocrx_word' id='word_1_152' title='bbox 1879 2711 2113 2772; x_wconf 88' lang='lat' dir='ltr'>quoque</span> <span class='ocrx_word' id='word_1_153' title='bbox 2159 2691 2396 2772; x_wconf 87' lang='lat' dir='ltr'>publice</span> <span class='ocrx_word' id='word_1_154' title='bbox 2445 2692 2751 2755; x_wconf 79' lang='lat' dir='ltr'>aedificata</span> <span class='ocrx_word' id='word_1_155' title='bbox 2795 2703 2886 2756; x_wconf 89' lang='lat' dir='ltr'>est</span> 
     </span>
     <span class='ocr_line' id='line_1_21' title="bbox 578 2790 2883 2872; baseline 0.001 -21"><span class='ocrx_word' id='word_1_156' title='bbox 578 2793 641 2852; x_wconf 88' lang='lat' dir='ltr'>in</span> <span class='ocrx_word' id='word_1_157' title='bbox 695 2790 945 2870; x_wconf 86' lang='lat' dir='ltr'>Palatio,</span> <span class='ocrx_word' id='word_1_158' title='bbox 994 2793 1163 2853; x_wconf 89' lang='lat' dir='ltr'>cuius</span> <span class='ocrx_word' id='word_1_159' title='bbox 1218 2791 1440 2868; x_wconf 79' lang='lat' dir='ltr'>exituS‚</span> <span class='ocrx_word' id='word_1_160' title='bbox 1497 2808 1613 2869; x_wconf 88' lang='lat' dir='ltr'>quo</span> <span class='ocrx_word' id='word_1_161' title='bbox 1669 2793 1858 2869; x_wconf 80' lang='lat' dir='ltr'>magis</span> <span class='ocrx_word' id='word_1_162' title='bbox 1910 2792 2166 2870; x_wconf 83' lang='lat' dir='ltr'>insignis</span> <span class='ocrx_word' id='word_1_163' title='bbox 2222 2798 2406 2870; x_wconf 87' lang='lat' dir='ltr'>esset,</span> <span class='ocrx_word' id='word_1_164' title='bbox 2462 2793 2524 2852; x_wconf 91' lang='lat' dir='ltr'>in</span> <span class='ocrx_word' id='word_1_165' title='bbox 2579 2791 2883 2872; x_wconf 87' lang='lat' dir='ltr'>publicum</span> 
     </span>
     <span class='ocr_line' id='line_1_22' title="bbox 578 2887 2884 2969; baseline 0.001 -20"><span class='ocrx_word' id='word_1_166' title='bbox 578 2907 794 2950; x_wconf 87' lang='lat' dir='ltr'>uersus</span> <span class='ocrx_word' id='word_1_167' title='bbox 844 2888 1262 2969; x_wconf 85' lang='lat' dir='ltr'>declinaretur,</span> <span class='ocrx_word' id='word_1_168' title='bbox 1307 2887 1423 2949; x_wconf 88' lang='lat' dir='ltr'>hoc</span> <span class='ocrx_word' id='word_1_169' title='bbox 1468 2895 1561 2948; x_wconf 90' lang='lat' dir='ltr'>est</span> <span class='ocrx_word' id='word_1_170' title='bbox 1596 2895 1763 2949; x_wconf 85' lang='lat' dir='ltr'>extra</span> <span class='ocrx_word' id='word_1_171' title='bbox 1801 2889 2102 2968; x_wconf 88' lang='lat' dir='ltr'>priuatum</span> <span class='ocrx_word' id='word_1_172' title='bbox 2147 2891 2495 2969; x_wconf 84' lang='lat' dir='ltr'>aperiretur.</span> <span class='ocrx_word' id='word_1_173' title='bbox 2560 2890 2884 2952; x_wconf 85' lang='lat' dir='ltr'>Varronem</span> 
     </span>
     <span class='ocr_line' id='line_1_23' title="bbox 581 2985 2886 3066; baseline 0.001 -19"><span class='ocrx_word' id='word_1_174' title='bbox 581 2995 779 3048; x_wconf 88' lang='lat' dir='ltr'>autem</span> <span class='ocrx_word' id='word_1_175' title='bbox 835 2986 1074 3050; x_wconf 85' lang='lat' dir='ltr'>tradere</span> <span class='ocrx_word' id='word_1_176' title='bbox 1120 2986 1195 3047; x_wconf 87' lang='grc' dir='ltr'>Μ.</span> <span class='ocrx_word' id='word_1_177' title='bbox 1233 2985 1483 3065; x_wconf 86' lang='lat' dir='ltr'>Valerio,</span> <span class='ocrx_word' id='word_1_178' title='bbox 1531 2987 1670 3065; x_wconf 87' lang='lat' dir='ltr'>quia</span> <span class='ocrx_word' id='word_1_179' title='bbox 1726 2987 1964 3066; x_wconf 88' lang='lat' dir='ltr'>saepius</span> <span class='ocrx_word' id='word_1_180' title='bbox 2017 2988 2274 3066; x_wconf 83' lang='lat' dir='ltr'>uicerat,</span> <span class='ocrx_word' id='word_1_181' title='bbox 2331 2987 2508 3048; x_wconf 88' lang='lat' dir='ltr'>aedes</span> <span class='ocrx_word' id='word_1_182' title='bbox 2554 2989 2616 3049; x_wconf 89' lang='lat' dir='ltr'>in</span> <span class='ocrx_word' id='word_1_183' title='bbox 2662 2987 2886 3050; x_wconf 85' lang='lat' dir='ltr'>Palatio</span> 
     </span>
     <span class='ocr_line' id='line_1_24' title="bbox 581 3081 2960 3164; baseline -0.002 -19"><span class='ocrx_word' id='word_1_184' title='bbox 581 3085 833 3146; x_wconf 87' lang='lat' dir='ltr'>tributas</span> <span class='ocrx_word' id='word_1_185' title='bbox 880 3083 1064 3146; x_wconf 88' lang='lat' dir='ltr'>Iulius</span> <span class='ocrx_word' id='word_1_186' title='bbox 1110 3083 1378 3164; x_wconf 83' lang='lat' dir='ltr'>Hyginus</span> <span class='ocrx_word' id='word_1_187' title='bbox 1426 3081 1569 3143; x_wconf 89' lang='lat' dir='ltr'>dicit</span> <span class='ocrx_word' id='word_1_188' title='bbox 1613 3085 1678 3143; x_wconf 88' lang='lat' dir='ltr'>in</span> <span class='ocrx_word' id='word_1_189' title='bbox 1725 3082 1878 3144; x_wconf 90' lang='lat' dir='ltr'>libro</span> <span class='ocrx_word' id='word_1_190' title='bbox 1917 3085 2115 3162; x_wconf 85' lang='lat' dir='ltr'>priore</span> <span class='ocrx_word' id='word_1_191' title='bbox 2154 3084 2227 3146; x_wconf 89' lang='lat' dir='ltr'>de</span> <span class='ocrx_word' id='word_1_192' title='bbox 2261 3086 2414 3146; x_wconf 87' lang='lat' dir='ltr'>uiris</span> <span class='ocrx_word' id='word_1_193' title='bbox 2453 3084 2648 3164; x_wconf 86' lang='lat' dir='ltr'>claris,</span> <span class='ocrx_word' id='word_1_194' title='bbox 2685 3085 2749 3146; x_wconf 87' lang='lat' dir='ltr'>P.</span> <span class='ocrx_word' id='word_1_195' title='bbox 2777 3086 2886 3147; x_wconf 86' lang='lat' dir='ltr'>Va·</span> <span class='ocrx_word' id='word_1_196' title='bbox 2912 3101 2960 3140; x_wconf 64' lang='grc' dir='ltr'><strong>ὀ</strong></span> 
     </span>
     <span class='ocr_line' id='line_1_25' title="bbox 579 3180 2886 3264; baseline 0.001 -22"><span class='ocrx_word' id='word_1_197' title='bbox 579 3183 729 3244; x_wconf 91' lang='lat' dir='ltr'>lerio</span> <span class='ocrx_word' id='word_1_198' title='bbox 766 3182 964 3244; x_wconf 89' lang='lat' dir='ltr'>Volesi</span> <span class='ocrx_word' id='word_1_199' title='bbox 1008 3182 1129 3243; x_wconf 79' lang='lat' dir='ltr'>filio</span> <span class='ocrx_word' id='word_1_200' title='bbox 1175 3181 1515 3243; x_wconf 88' lang='lat' dir='ltr'>Publicolae</span> <span class='ocrx_word' id='word_1_201' title='bbox 1562 3180 1798 3242; x_wconf 89' lang='lat' dir='ltr'>aedium</span> <span class='ocrx_word' id='word_1_202' title='bbox 1849 3181 2092 3262; x_wconf 78' lang='lat' dir='ltr'>publice</span> <span class='ocrx_word' id='word_1_203' title='bbox 2117 3185 2331 3254; x_wconf 58' lang='lat' dir='ltr'>,locum</span> <span class='ocrx_word' id='word_1_204' title='bbox 2379 3181 2491 3244; x_wconf 92' lang='lat' dir='ltr'>sub</span> <span class='ocrx_word' id='word_1_205' title='bbox 2527 3182 2736 3264; x_wconf 80' lang='lat' dir='ltr'>veliis,</span> <span class='ocrx_word' id='word_1_206' title='bbox 2781 3184 2886 3246; x_wconf 88' lang='lat' dir='ltr'>ubi</span> 
     </span>
     <span class='ocr_line' id='line_1_26' title="bbox 578 3278 2885 3361; baseline 0.001 -20"><span class='ocrx_word' id='word_1_207' title='bbox 578 3298 742 3342; x_wconf 90' lang='lat' dir='ltr'>nunc</span> <span class='ocrx_word' id='word_1_208' title='bbox 788 3279 951 3342; x_wconf 88' lang='lat' dir='ltr'>aedis</span> <span class='ocrx_word' id='word_1_209' title='bbox 991 3280 1283 3341; x_wconf 85' lang='lat' dir='ltr'>Victoriae</span> <span class='ocrx_word' id='word_1_210' title='bbox 1322 3295 1431 3358; x_wconf 82' lang='lat' dir='ltr'>est,</span> <span class='ocrx_word' id='word_1_211' title='bbox 1469 3278 1752 3359; x_wconf 88' lang='lat' dir='ltr'>populum</span> <span class='ocrx_word' id='word_1_212' title='bbox 1793 3298 1862 3340; x_wconf 87' lang='lat' dir='ltr'>ex</span> <span class='ocrx_word' id='word_1_213' title='bbox 1903 3278 2052 3360; x_wconf 83' lang='lat' dir='ltr'>lege,</span> <span class='ocrx_word' id='word_1_214' title='bbox 2091 3299 2269 3359; x_wconf 88' lang='lat' dir='ltr'>quam</span> <span class='ocrx_word' id='word_1_215' title='bbox 2305 3283 2435 3361; x_wconf 88' lang='lat' dir='ltr'>ipse</span> <span class='ocrx_word' id='word_1_216' title='bbox 2475 3281 2709 3360; x_wconf 86' lang='lat' dir='ltr'>tulerat,</span> <span class='ocrx_word' id='word_1_217' title='bbox 2749 3300 2885 3343; x_wconf 88' lang='lat' dir='ltr'>con·</span> 
     </span>
     <span class='ocr_line' id='line_1_27' title="bbox 582 3397 853 3441; baseline -0.007 -1"><span class='ocrx_word' id='word_1_218' title='bbox 582 3397 853 3441; x_wconf 79' lang='lat' dir='ltr'>cessisse.</span> 
     </span>
    </p>
   </div>
   <div class='ocr_carea' id='block_1_7' title="bbox 582 3512 1062 3520">
    <p class='ocr_par' dir='ltr' id='par_1_8' title="bbox 582 3512 1062 3520">
     <span class='ocr_line' id='line_1_28' title="bbox 582 3512 1062 3520; baseline -0.004 0"><span class='ocrx_word' id='word_1_219' title='bbox 582 3513 944 3520; x_wconf 71' lang='lat'>——-—---.--</span> <span class='ocrx_word' id='word_1_220' title='bbox 989 3512 1062 3518; x_wconf 72' lang='lat'>-—</span> 
     </span>
    </p>
   </div>
   <div class='ocr_carea' id='block_1_8' title="bbox 762 3585 2886 3658">
    <p class='ocr_par' dir='ltr' id='par_1_9' title="bbox 762 3585 2886 3658">
     <span class='ocr_line' id='line_1_29' title="bbox 762 3585 2886 3658; baseline -0 -18"><span class='ocrx_word' id='word_1_221' title='bbox 762 3585 821 3656; x_wconf 81' lang='lat'>2,</span> <span class='ocrx_word' id='word_1_222' title='bbox 855 3591 935 3640; x_wconf 87' lang='lat'>15.</span> <span class='ocrx_word' id='word_1_223' title='bbox 987 3585 1109 3639; x_wconf 74' lang='lat' dir='ltr'>Via.</span> <span class='ocrx_word' id='word_1_224' title='bbox 1123 3585 1309 3640; x_wconf 79' lang='lat' dir='ltr'>adnot.</span> <span class='ocrx_word' id='word_1_225' title='bbox 1322 3585 1398 3638; x_wconf 80' lang='lat' dir='ltr'>ad</span> <span class='ocrx_word' id='word_1_226' title='bbox 1420 3585 1537 3638; x_wconf 83' lang='lat' dir='ltr'>Val.</span> <span class='ocrx_word' id='word_1_227' title='bbox 1552 3586 1770 3653; x_wconf 64' lang='lat' dir='ltr'>Antfr.</span> <span class='ocrx_word' id='word_1_228' title='bbox 1788 3590 1950 3640; x_wconf 61' lang='grc'>172-</span> <span class='ocrx_word' id='word_1_229' title='bbox 1973 3587 2241 3641; x_wconf 71' lang='lat' dir='ltr'>Muenzer</span> <span class='ocrx_word' id='word_1_230' title='bbox 2261 3585 2425 3642; x_wconf 77' lang='lat' dir='ltr'>Font.</span> <span class='ocrx_word' id='word_1_231' title='bbox 2443 3587 2595 3642; x_wconf 70' lang='lat' dir='ltr'>Ptin.</span> <span class='ocrx_word' id='word_1_232' title='bbox 2610 3605 2664 3656; x_wconf 81' lang='lat' dir='ltr'>p.</span> <span class='ocrx_word' id='word_1_233' title='bbox 2685 3592 2797 3643; x_wconf 87' lang='lat'>169</span> <span class='ocrx_word' id='word_1_234' title='bbox 2811 3605 2886 3658; x_wconf 69' lang='lat' dir='ltr'>aq.</span> 
     </span>
    </p>
   </div>
   <div class='ocr_carea' id='block_1_9' title="bbox 585 3699 992 3706">
    <p class='ocr_par' dir='ltr' id='par_1_10' title="bbox 585 3699 992 3706">
     <span class='ocr_line' id='line_1_30' title="bbox 585 3699 992 3706; baseline 0 1328"><span class='ocrx_word' id='word_1_235' title='bbox 585 3699 992 3706; x_wconf 95' lang='lat' dir='ltr'> </span> 
     </span>
    </p>
   </div>
   <div class='ocr_carea' id='block_1_10' title="bbox 571 3764 2892 4382">
    <p class='ocr_par' dir='ltr' id='par_1_11' title="bbox 571 3764 2892 4382">
     <span class='ocr_line' id='line_1_31' title="bbox 763 3764 2887 3852; baseline 0 -21"><span class='ocrx_word' id='word_1_236' title='bbox 763 3765 833 3852; x_wconf 76' lang='lat'>2,</span> <span class='ocrx_word' id='word_1_237' title='bbox 886 3775 984 3833; x_wconf 83' lang='lat'>19.</span> <span class='ocrx_word' id='word_1_238' title='bbox 1031 3764 1302 3850; x_wconf 83' lang='lat' dir='ltr'>saepius]</span> <span class='ocrx_word' id='word_1_239' title='bbox 1350 3769 1602 3830; x_wconf 82' lang='lat' dir='ltr'>Sabinos</span> <span class='ocrx_word' id='word_1_240' title='bbox 1647 3770 1968 3846; x_wconf 75' lang='lat' dir='ltr'>Schweyler</span> <span class='ocrx_word' id='word_1_241' title='bbox 2010 3773 2065 3830; x_wconf 71' lang='lat' dir='ltr'>h.</span> <span class='ocrx_word' id='word_1_242' title='bbox 2097 3773 2168 3830; x_wconf 84' lang='lat' dir='ltr'>R.</span> <span class='ocrx_word' id='word_1_243' title='bbox 2208 3771 2295 3831; x_wconf 90' lang='lat' dir='ltr'>II</span> <span class='ocrx_word' id='word_1_244' title='bbox 2322 3791 2388 3847; x_wconf 79' lang='lat' dir='ltr'>p.</span> <span class='ocrx_word' id='word_1_245' title='bbox 2421 3773 2506 3832; x_wconf 83' lang='lat'>89</span> <span class='ocrx_word' id='word_1_246' title='bbox 2552 3772 2887 3834; x_wconf 75' lang='lat' dir='ltr'>Buecheler.</span> 
     </span>
     <span class='ocr_line' id='line_1_32' title="bbox 583 3859 2888 3942; baseline 0 -21"><span class='ocrx_word' id='word_1_247' title='bbox 583 3865 656 3936; x_wconf 75' lang='lat' dir='ltr'>cf.</span> <span class='ocrx_word' id='word_1_248' title='bbox 684 3862 838 3920; x_wconf 66' lang='grc' dir='ltr'>ΡΜ.</span> <span class='ocrx_word' id='word_1_249' title='bbox 869 3861 1030 3934; x_wconf 79' lang='lat' dir='ltr'>Popl.</span> <span class='ocrx_word' id='word_1_250' title='bbox 1060 3861 1149 3920; x_wconf 79' lang='lat'>20</span> <span class='ocrx_word' id='word_1_251' title='bbox 1178 3865 1229 3919; x_wconf 74' lang='lat' dir='ltr'>et</span> <span class='ocrx_word' id='word_1_252' title='bbox 1256 3861 1410 3919; x_wconf 70' lang='lat' dir='ltr'>Ptin.</span> <span class='ocrx_word' id='word_1_253' title='bbox 1438 3878 1496 3918; x_wconf 78' lang='lat' dir='ltr'>n.</span> <span class='ocrx_word' id='word_1_254' title='bbox 1525 3861 1579 3918; x_wconf 75' lang='lat' dir='ltr'>h.</span> <span class='ocrx_word' id='word_1_255' title='bbox 1610 3861 1716 3929; x_wconf 88' lang='lat'>36,</span> <span class='ocrx_word' id='word_1_256' title='bbox 1750 3863 1880 3920; x_wconf 82' lang='lat'>112</span> <span class='ocrx_word' id='word_1_257' title='bbox 1915 3859 2020 3937; x_wconf 89' lang='lat' dir='ltr'>qui</span> <span class='ocrx_word' id='word_1_258' title='bbox 2056 3859 2146 3920; x_wconf 90' lang='lat' dir='ltr'>bis</span> <span class='ocrx_word' id='word_1_259' title='bbox 2183 3863 2248 3920; x_wconf 86' lang='lat' dir='ltr'>in</span> <span class='ocrx_word' id='word_1_260' title='bbox 2285 3860 2493 3921; x_wconf 88' lang='lat' dir='ltr'>eodem</span> <span class='ocrx_word' id='word_1_261' title='bbox 2529 3862 2888 3942; x_wconf 71' lang='lat' dir='ltr'>magistratu</span> 
     </span>
     <span class='ocr_line' id='line_1_33' title="bbox 585 3947 2888 4029; baseline 0 -20"><span class='ocrx_word' id='word_1_262' title='bbox 585 3949 839 4010; x_wconf 82' lang='lat' dir='ltr'>Sabinos</span> <span class='ocrx_word' id='word_1_263' title='bbox 876 3949 1197 4010; x_wconf 83' lang='lat' dir='ltr'>deuicerat.</span> <span class='ocrx_word' id='word_1_264' title='bbox 1319 3951 1421 4009; x_wconf 87' lang='lat'>20.</span> <span class='ocrx_word' id='word_1_265' title='bbox 1449 3947 1515 4007; x_wconf 91' lang='lat' dir='ltr'>L.</span> <span class='ocrx_word' id='word_1_266' title='bbox 1544 3949 1831 4027; x_wconf 82' lang='lat' dir='ltr'>hyginius</span> <span class='ocrx_word' id='word_1_267' title='bbox 1851 3949 2110 4026; x_wconf 65' lang='lat' dir='ltr'>(apoyr.)</span> <span class='ocrx_word' id='word_1_268' title='bbox 2129 3948 2412 4026; x_wconf 71' lang='lat' dir='ltr'>S(oaeom.)</span> <span class='ocrx_word' id='word_1_269' title='bbox 2439 3950 2706 4029; x_wconf 80' lang='lat' dir='ltr'>higinius</span> <span class='ocrx_word' id='word_1_270' title='bbox 2735 3952 2888 4027; x_wconf 78' lang='lat' dir='ltr'>(ap.)</span> 
     </span>
     <span class='ocr_line' id='line_1_34' title="bbox 581 4037 2892 4114; baseline 0.001 -16"><span class='ocrx_word' id='word_1_271' title='bbox 581 4041 815 4114; x_wconf 67' lang='lat' dir='ltr'>How.)</span> <span class='ocrx_word' id='word_1_272' title='bbox 845 4056 992 4100; x_wconf 83' lang='lat' dir='ltr'>corr.</span> <span class='ocrx_word' id='word_1_273' title='bbox 1020 4039 1249 4112; x_wconf 79' lang='lat' dir='ltr'>Popma</span> <span class='ocrx_word' id='word_1_274' title='bbox 1382 4041 1444 4098; x_wconf 82' lang='lat' dir='ltr'>et</span> <span class='ocrx_word' id='word_1_275' title='bbox 1488 4043 1624 4098; x_wconf 78' lang='lat' dir='ltr'>ante</span> <span class='ocrx_word' id='word_1_276' title='bbox 1659 4037 1724 4097; x_wconf 89' lang='lat' dir='ltr'>P.</span> <span class='ocrx_word' id='word_1_277' title='bbox 1763 4040 1900 4099; x_wconf 80' lang='lat' dir='ltr'>add.</span> <span class='ocrx_word' id='word_1_278' title='bbox 1932 4038 2226 4100; x_wconf 76' lang='lat' dir='ltr'>Garatoni</span> <span class='ocrx_word' id='word_1_279' title='bbox 2373 4043 2474 4098; x_wconf 82' lang='lat'>21.</span> <span class='ocrx_word' id='word_1_280' title='bbox 2521 4039 2814 4100; x_wconf 75' lang='lat' dir='ltr'>aedilium</span> <span class='ocrx_word' id='word_1_281' title='bbox 2845 4041 2892 4100; x_wconf 79' lang='lat' dir='ltr'><strong><em>S</em></strong></span> 
     </span>
     <span class='ocr_line' id='line_1_35' title="bbox 583 4127 2892 4206; baseline 0 -18"><span class='ocrx_word' id='word_1_282' title='bbox 583 4129 787 4206; x_wconf 85' lang='lat' dir='ltr'>repul.</span> <span class='ocrx_word' id='word_1_283' title='bbox 820 4174 832 4186; x_wconf 95' lang='lat'><strong><em>.</em></strong></span> <span class='ocrx_word' id='word_1_284' title='bbox 864 4173 877 4187; x_wconf 88' lang='lat'><strong>.</strong></span> <span class='ocrx_word' id='word_1_285' title='bbox 908 4145 1045 4186; x_wconf 88' lang='lat' dir='ltr'>cum</span> <span class='ocrx_word' id='word_1_286' title='bbox 1070 4127 1121 4186; x_wconf 78' lang='lat' dir='ltr'><strong><em>S</em></strong></span> <span class='ocrx_word' id='word_1_287' title='bbox 1161 4127 1333 4204; x_wconf 87' lang='lat' dir='ltr'>repul</span> <span class='ocrx_word' id='word_1_288' title='bbox 1364 4171 1692 4188; x_wconf 90' lang='grc'><strong>........</strong></span> <span class='ocrx_word' id='word_1_289' title='bbox 1723 4147 1854 4186; x_wconf 89' lang='lat' dir='ltr'>cum</span> <span class='ocrx_word' id='word_1_290' title='bbox 1883 4130 1942 4186; x_wconf 94' lang='lat' dir='ltr'><em>P</em></span> <span class='ocrx_word' id='word_1_291' title='bbox 1977 4129 2226 4203; x_wconf 67' lang='lat' dir='ltr'>expleuit</span> <span class='ocrx_word' id='word_1_292' title='bbox 2259 4129 2484 4188; x_wconf 71' lang='lat' dir='ltr'>Rinkes</span> <span class='ocrx_word' id='word_1_293' title='bbox 2508 4129 2798 4191; x_wconf 66' lang='lat' dir='ltr'>Haemos.</span> <span class='ocrx_word' id='word_1_294' title='bbox 2829 4129 2892 4189; x_wconf 79' lang='lat' dir='ltr'><strong><em>X</em></strong></span> 
     </span>
     <span class='ocr_line' id='line_1_36' title="bbox 571 4215 2888 4294; baseline 0 -17"><span class='ocrx_word' id='word_1_295' title='bbox 571 4237 639 4292; x_wconf 79' lang='lat' dir='ltr'>p.</span> <span class='ocrx_word' id='word_1_296' title='bbox 668 4220 804 4278; x_wconf 77' lang='lat'>202</span> <span class='ocrx_word' id='word_1_297' title='bbox 838 4218 965 4277; x_wconf 84' lang='lat' dir='ltr'>coll.</span> <span class='ocrx_word' id='word_1_298' title='bbox 996 4215 1115 4276; x_wconf 76' lang='lat' dir='ltr'>Cic.</span> <span class='ocrx_word' id='word_1_299' title='bbox 1144 4215 1215 4276; x_wconf 77' lang='lat' dir='ltr'>de</span> <span class='ocrx_word' id='word_1_300' title='bbox 1248 4217 1492 4290; x_wconf 69' lang='lat' dir='ltr'>hav-usp.</span> <span class='ocrx_word' id='word_1_301' title='bbox 1519 4233 1670 4291; x_wconf 72' lang='lat' dir='ltr'>resp.</span> <span class='ocrx_word' id='word_1_302' title='bbox 1705 4219 1763 4286; x_wconf 88' lang='grc'>8,</span> <span class='ocrx_word' id='word_1_303' title='bbox 1796 4221 1879 4275; x_wconf 85' lang='grc'>16</span> <span class='ocrx_word' id='word_1_304' title='bbox 2067 4218 2220 4277; x_wconf 83' lang='lat' dir='ltr'>uelis</span> <span class='ocrx_word' id='word_1_305' title='bbox 2266 4219 2388 4278; x_wconf 81' lang='lat' dir='ltr'>cod.</span> <span class='ocrx_word' id='word_1_306' title='bbox 2415 4217 2595 4294; x_wconf 59' lang='lat' dir='ltr'>Sana.</span> <span class='ocrx_word' id='word_1_307' title='bbox 2779 4218 2888 4280; x_wconf 83' lang='lat' dir='ltr'>tibi</span> 
     </span>
     <span class='ocr_line' id='line_1_37' title="bbox 585 4307 1979 4382; baseline -0.002 -16"><span class='ocrx_word' id='word_1_308' title='bbox 585 4323 784 4382; x_wconf 74' lang='lat' dir='ltr'>apoyr.</span> <span class='ocrx_word' id='word_1_309' title='bbox 823 4307 1083 4380; x_wconf 78' lang='lat' dir='ltr'>Montep.</span> <span class='ocrx_word' id='word_1_310' title='bbox 1974 4348 1979 4353; x_wconf 83' lang='lat'>-</span> 
     </span>
    </p>
   </div>
  </div>
 </body>
</html>
