3234 5034
1049 291 1107 344 L.
1149 271 1614 344 CALPVRmvs'
1642 288 1951 344 Bmvnvs
2460 311 2655 358 van

343 457 418 518 ah
463 457 662 518 Attico
709 477 776 518 ea
817 459 966 537 petit
1002 461 1120 532 (ad
1154 460 1276 519 Au.
1303 458 1483 518 XIII
1511 456 1602 532 8),
1641 457 1955 536 eidemque
1983 457 2419 520 Fannianorum
2450 452 2563 542 (fr.
2595 461 2652 520 1.

343 559 434 617 ad
465 560 592 618 Au.
623 557 769 617 XII
799 558 858 632 5,
886 557 947 635 3,
995 575 1044 618 a.
1072 549 1361 639 46s708)
1381 549 1450 639 ¹),
1488 554 1945 635 Polybianorum
1983 555 2299 618 Plutarcho
2330 559 2533 630 (Brut.
2565 560 2653 636 4),

343 653 766 716 Coelianorum
806 655 912 732 (fr.
941 655 1012 729 2)
1053 657 1253 716 nescio
1292 672 1410 733 quo
1447 672 1589 714 casu
1638 656 1814 716 etiam
1868 653 1940 716 ad
1979 653 2313 716 Charisium
2360 659 2653 734 peruenit.

991 853 1058 912 L.
1109 851 1612 912 CALPVRNIVS
1660 851 2007 911 BIBVLVS

525 993 698 1055 Bruti
750 996 955 1056 uitrici
1011 996 1330 1054 memoriae
1388 993 1690 1054 consuluit
1744 995 1922 1054 etiam
1977 996 2319 1073 priuignu8‚
2366 998 2653 1057 minimus

343 1099 488 1154 natu
538 1093 815 1173 filiorum,
862 1111 1012 1173 quos
1058 1093 1266 1153 Porcia
1304 1093 1494 1171 priori
1533 1093 1745 1152 marito
1782 1091 1856 1151 Μ.
1889 1091 2206 1171 Calpurnio
2244 1091 2455 1155 Bibulo
2501 1087 2651 1176 (cos.

344 1209 394 1250 a.
443 1185 732 1274 59s695)
782 1199 1120 1271 pepererat,
1187 1192 1289 1270 qui
1355 1208 1490 1251 cum
1565 1191 1827 1268 primum
1893 1208 2102 1268 agmen
2178 1209 2249 1251 ex
2314 1193 2451 1253 Asia
2516 1211 2653 1254 cum

341 1287 706 1368 Rhascupoli
752 1291 816 1350 in
862 1288 1266 1349 Macedoniam
1318 1287 1609 1366 duxisset,
1667 1305 1898 1367 pugnae
1945 1288 2313 1368 Philippensi
2363 1291 2652 1370 interfuit,

343 1395 472 1447 tum
529 1389 590 1447 in
649 1386 842 1448 insula
899 1385 1094 1448 Thaso
1151 1387 1390 1447 Antonii
1445 1388 1686 1447 ueniam
1742 1388 2112 1466 impetrauit,
2180 1387 2393 1449 deinde
2450 1387 2522 1449 ab
2581 1409 2650 1450 eo

340 1484 522 1546 classi
587 1485 928 1564 praefectus
995 1493 1116 1563 est,
1184 1482 1440 1564 denique
1506 1487 1843 1564 praetorius
1906 1492 2042 1564 post
2108 1505 2327 1546 annum
2392 1483 2651 1554 34s720

341 1581 572 1661 legatus
623 1581 826 1662 Syriae
874 1584 1002 1662 suit,
1048 1582 1152 1643 ubi
1201 1581 1311 1643 sub
1360 1590 1594 1661 tempus
1642 1601 1875 1661 pugnae
1922 1583 2193 1645 Actiacae
2240 1592 2513 1646 mortuus
2562 1594 2653 1647 est

342 1683 702 1756 (Drumarm
751 1682 830 1743 II
853 1701 922 1758 p.
964 1683 1094 1742 105
1121 1685 1256 1757 sq.).
1332 1680 1628 1742 Libellum
1684 1679 1978 1759 quendam
2037 1683 2167 1742 eius
2234 1686 2647 1744 commentari-

341 1799 516 1840 orum
555 1778 727 1841 Bruti
763 1780 1118 1841 Plutarchus
1155 1778 1318 1841 Brut.
1355 1775 1436 1839 13
1475 1781 1965 1839 commemorauit
1994 1773 2163 1862 (Καί
2202 1799 2265 1841 τι
2310 1779 2650 1861 βιβλίδιον

341 1876 587 1959 μικρὸν
641 1873 1339 1959 ἀπομνημονευμάτων
1393 1874 1704 1958 Βρούτου
1761 1873 2221 1958 γεγραμμένον
2273 1873 2391 1940 ὑπ’
2442 1875 2649 1941 αὐτοῦ

341 1971 760 2060 διασώζεται)
801 1983 860 2037 et
906 1974 1194 2056 quaedam
1241 1995 1313 2036 ex
1362 1977 1450 2036 eis
1496 1977 1777 2054 inseruit,
1834 1994 1983 2054 quae
2031 1976 2103 2036 ad
2160 1977 2649 2039 consuetudinem

340 2076 552 2134 matris
591 2075 914 2155 uitricique
951 2075 1268 2154 pertinent.
1345 2074 1592 2134 forsitan
1630 2076 1808 2134 etiam
1849 2073 1957 2134 alia
1997 2073 2263 2136 eiusdem
2301 2079 2538 2154 generis
2576 2095 2649 2137 ex

339 2174 430 2232 eis
457 2174 592 2233 siue
624 2175 772 2252 ipsis
808 2175 938 2233 siue
967 2191 1076 2251 per
1109 2172 1289 2232 alium
1319 2180 1620 2232 auctorem
1651 2173 1945 2251 originem
1975 2171 2208 2252 ducant,
2237 2173 2427 2235 ueluti
2464 2194 2513 2234 c.
2548 2170 2649 2236 13.

339 2269 672 2332 Clementia
729 2272 914 2349 igitur
967 2271 1207 2331 Antonii
1263 2271 1393 2331 eius
1448 2272 1732 2350 pietatem
1788 2288 1907 2330 non
1964 2273 2325 2349 repressisse
2390 2271 2649 2332 uidetur.

969 2466 1034 2526 P.
1073 2465 1564 2528 VOLVMNIVS.
1649 2466 2023 2526 EMPYLVS

519 2609 588 2670 ln
645 2610 887 2670 cohorte
944 2611 1140 2689 ipsum
1197 2608 1270 2669 M.
1317 2608 1570 2670 Brutum
1628 2627 1820 2688 usque
1886 2608 1958 2670 ad
2024 2609 2201 2670 linem
2260 2617 2499 2671 secutus
2556 2620 2648 2672 est

337 2708 400 2769 P.
441 2707 809 2788 VolumniuS,
856 2709 960 2787 qui
1006 2706 1396 2787 philosophus
1442 2705 1719 2786 idemque
1768 2705 2209 2768 contubernalis
2256 2709 2385 2768 eius
2432 2711 2493 2769 in
2540 2711 2647 2770 mi-

339 2805 466 2867 litia
523 2805 596 2866 ab
655 2808 826 2866 initio
883 2825 916 2866 a
971 2804 1289 2866 Plutarcho
1345 2806 1453 2882 (fr.
1494 2806 1564 2878 1)
1624 2804 1868 2884 dicitur,
1932 2813 2001 2866 ut
2064 2805 2220 2866 idem
2279 2806 2463 2867 fuisse
2529 2825 2645 2867 non

339 2906 607 2984 potuerit
663 2911 839 2983 atque
878 2903 1228 2964 Volumnius
1282 2903 1528 2965 Flaccus
1587 2902 1897 2964 familiaris
1952 2903 2017 2964 D.
2059 2902 2229 2964 Bruti
2277 2905 2436 2979 (Cic.
2475 2908 2563 2966 ad
2598 2905 2646 2981 s.

339 3004 449 3064 XI
479 3003 586 3078 12,
618 3003 692 3074 1;
731 3001 834 3078 18,
863 3003 954 3076 1).
1029 3001 1087 3062 ls
1133 3003 1560 3063 commentario
1607 3008 1863 3062 mortem
1911 3003 2089 3062 amici
2136 3020 2274 3062 cum
2320 3003 2541 3082 pietate
2589 3010 2649 3063 et

337 3103 729 3162 ueneratione
785 3107 1138 3179 persecutus
1193 3107 1310 3179 est,
1366 3117 1541 3178 quam
1599 3108 1827 3178 gratam
1884 3102 2229 3160 memoriam
2295 3099 2648 3162 Plutarchus

339 3200 598 3278 arripuit
664 3200 1212 3278 contaminauitque
1280 3216 1417 3258 cum
1473 3196 1547 3257 M.
1586 3196 1804 3258 Valerii
1859 3197 2165 3258 Messallae
2224 3196 2470 3259 Coruini
2525 3217 2647 3259 me-

337 3298 558 3375 moria,
625 3299 742 3356 nisi
813 3298 932 3357 iam
1005 3295 1155 3370 alius
1221 3302 1428 3356 auctor
1483 3298 1537 3355 ei
1612 3294 1767 3356 hanc
1840 3313 2082 3376 operam
2150 3294 2646 3357 subministrauit.

337 3413 478 3456 nam
536 3403 598 3455 et
653 3395 816 3456 solus
872 3397 1003 3456 eius
1059 3396 1470 3454 auctoritatem
1529 3393 1851 3472 appellauit
1898 3401 1959 3453 et
2003 3395 2331 3454 narrationi
2378 3413 2537 3474 suae,
2585 3396 2645 3454 in

337 3495 562 3554 ceteris
628 3492 810 3554 rebus
874 3511 1064 3572 paene
1128 3491 1203 3552 ad
1266 3491 1518 3553 uerbum
1585 3509 1721 3552 cum
1769 3491 2034 3571 Appiano
2091 3493 2455 3570 concinenti,
2516 3494 2647 3553 eius

337 3609 660 3671 personam
707 3593 1070 3670 interposuit
1084 3584 1163 3674 2);
1212 3593 1410 3670 itaque
1456 3597 1699 3669 praeter
1742 3588 1904 3650 locos
1952 3590 2419 3669 fragmentorum
2466 3592 2642 3651 etiam

336 3709 406 3750 ea
454 3707 612 3770 quae
658 3697 994 3768 sequuntur
1041 3686 1112 3749 de
1141 3687 1449 3750 Volumnio
1489 3706 1624 3748 cum
1671 3686 1943 3748 Dardano
1990 3687 2240 3750 satellite
2289 3696 2348 3748 et
2399 3687 2470 3748 de
2518 3688 2645 3750 Sta-

335 3787 466 3848 tilio
523 3786 874 3867 speculandi
932 3804 1110 3848 causa
1163 3788 1499 3866 progressis
1558 3784 1833 3866 dictoque
1882 3785 2137 3866 quodam
2181 3784 2353 3846 Bruti
2411 3785 2483 3846 de
2542 3788 2644 3847 siti

517 3979 570 4046 1)
611 3975 776 4042 Quod
813 3977 958 4032 Boot
985 3991 1036 4032 a..
1064 3975 1120 4031 h.
1149 3974 1186 4032 1.
1216 3978 1434 4032 Brutus
1477 3993 1546 4032 ea:
1580 3976 1813 4031 Fannio
1850 3973 2118 4042 coniecit,
2165 3974 2381 4029 citandi
2432 3991 2643 4031 morem

329 4056 656 4130 ignorauit;
703 4073 836 4111 nam
880 4073 950 4112 ex
995 4056 1212 4110 Fannio
1259 4073 1363 4110 sua
1407 4056 1645 4110 Brutum
1690 4053 1997 4125 sumpsisse
2044 4053 2235 4109 Cicero
2283 4054 2425 4109 dicit
2470 4055 2643 4110 etiam

329 4155 456 4194 cum
497 4136 736 4207 scripsit
773 4139 992 4194 Brutus
1025 4143 1076 4192 et
1112 4137 1381 4193 Fannius
1416 4139 1482 4190 ut
1517 4135 1582 4190 fr.
1614 4143 1647 4190 2
1685 4138 1905 4192 Brutus
1940 4142 1991 4190 et
2030 4136 2258 4191 Coelius.

511 4225 568 4284 2)
613 4217 787 4301 Quen.
817 4219 870 4272 d.
899 4217 1053 4272 Plut.
1077 4235 1136 4286 p.
1167 4221 1277 4272 137
1293 4234 1405 4287 sqq.
1452 4216 1509 4272 C.
1541 4215 1881 4270 Wichmsnn
1928 4217 2018 4270 De
2056 4217 2207 4270 Plut.
2244 4216 2309 4270 in
2343 4218 2443 4272 uit.
2475 4218 2640 4271 Brut.

317 4300 374 4350 et
411 4289 672 4348 Antomi
706 4291 846 4356 font.
877 4306 938 4359 p.
967 4293 1168 4358 428qq.

2130 4375 2217 4429 Vt
