3234 5034
610 341 749 386 Lxx
1102 317 1201 370 DE
1240 315 1702 377 SCRIPTORVM
1741 315 1930 368 VITIS
1965 314 2058 368 ΕΤ
2098 311 2414 368 SCRIPTIS

608 489 831 547 scimus
888 488 975 559 (u.
1014 487 1323 546 Fennema
1354 503 1421 561 p.
1462 484 1695 563 5—9),
1751 503 1783 544 a
1839 482 2042 543 Cassio
2096 481 2284 541 Dione
2331 481 2464 556 (49,
2501 480 2816 557 23—31),
2875 497 2910 538 a

606 584 829 646 Velleio
870 585 977 657 (II
1005 583 1092 644 82
1102 606 1127 656 ;
1163 584 1266 660 91,
1297 584 1367 656 1)
1404 585 1469 642 in
1506 581 1822 643 Octauiani
1869 587 2128 642 mentem
2175 578 2310 658 plus
2365 581 2642 639 minusue
2689 578 2912 638 infecta

610 686 704 744 sit.
760 685 967 744 omitto
1016 701 1175 742 nuuc
1222 699 1528 761 quaerere,
1574 699 1718 741 num
1767 683 1964 759 ipsum
2001 679 2256 739 Dellium
2293 676 2646 738 Plutarchus
2693 675 2914 736 adierit

612 775 751 864 (per
788 779 1095 841 Nicolaum
1132 779 1562 840 Damascenum
1601 785 1808 839 censet
1853 775 2202 838 Gutschmid
2249 778 2402 838 Iran
2441 795 2497 856 p.
2527 771 2610 835 97
2629 769 2717 858 1)),
2759 772 2917 834 illud

611 885 844 940 constat
889 881 1021 940 eius
1068 880 1467 958 narrationem
1505 878 1758 937 Antonio
1803 877 2059 936 maxime
2106 875 2326 952 fauere,
2373 892 2526 953 quae
2573 875 2764 953 possit
2809 891 2918 932 ex-

612 985 917 1038 cusantem
964 975 1063 1038 uel
1110 975 1527 1036 defendentem
1566 975 1926 1049 (Mommsen
1964 975 2118 1035 Hist.
2149 974 2319 1034 Rom.
2363 974 2499 1049 Vp.
2527 973 2708 1046 367).
2771 989 2920 1030 nam

613 1078 677 1136 in
740 1094 809 1136 ea
872 1093 1008 1136 cum
1075 1073 1416 1153 Cleopatrae
1483 1091 1716 1134 ueneno
1781 1079 1841 1132 et
1905 1081 2031 1132 arte
2105 1079 2313 1150 agatur
2368 1071 2476 1147 (cs.
2513 1078 2778 1147 praeter
2831 1072 2920 1129 al.

612 1179 777 1236 locos
823 1193 875 1234 ε.
906 1174 1040 1251 37),
1088 1181 1213 1232 tum
1253 1170 1597 1232 Artauardis
1645 1170 1981 1251 proditione
2028 1172 2090 1230 in
2137 1171 2469 1249 perniciem
2513 1168 2774 1228 trahitur
2801 1167 2920 1243 (cf.

616 1291 667 1334 c.
704 1273 810 1332 39.
842 1273 985 1353 50);
1043 1273 1236 1349 ipsum
1293 1271 1505 1348 ingens
1560 1267 1817 1330 militum
1874 1285 2040 1328 amor
2085 1266 2492 1346 amplectitur,
2540 1269 2603 1327 in
2649 1285 2764 1345 quo
2811 1284 2922 1325 ex·

616 1368 879 1430 ornando
926 1367 1150 1430 multus
1206 1375 1299 1428 est
1342 1367 1722 1445 Plutarchus,
1769 1369 2083 1446 omniaque
2131 1364 2203 1426 ad
2251 1383 2388 1425 eum
2440 1365 2800 1442 referuntur,
2846 1371 2928 1424 ut

617 1487 767 1549 quae
824 1475 959 1528 ante
1015 1469 1147 1528 eius
1202 1463 1642 1545 expeditionem
1697 1467 1759 1525 in
1815 1466 2044 1525 oriente
2101 1471 2306 1524 contra
2360 1463 2609 1524 Parthos
2665 1461 2736 1522 ah
2781 1464 2925 1523 eius

617 1567 826 1646 legatis
883 1565 1289 1627 administrata
1346 1566 1484 1642 sint,
1530 1570 1634 1624 aut
1677 1561 1946 1623 breuiter
1991 1569 2398 1623 memorentur
2443 1568 2545 1622 aut
2591 1568 2928 1636 taceantur,

617 1683 807 1744 genus
862 1663 934 1724 ab
996 1663 1251 1724 Hercule
1308 1661 1625 1723 deducitur
1671 1664 1752 1735 (c.
1790 1662 1924 1735 36).
2001 1659 2258 1740 denique
2323 1657 2479 1737 quod
2548 1677 2668 1719 non
2721 1657 2926 1718 solum

617 1765 834 1841 uiginti
880 1769 1107 1841 septem
1157 1760 1387 1822 dierum
1435 1761 1552 1820 iter
1599 1779 1633 1820 a
1677 1759 1954 1838 Praaspis
1999 1776 2189 1836 usque
2238 1757 2310 1818 ad
2347 1758 2686 1818 Armeniam
2731 1756 2928 1816 fuisse

622 1861 838 1935 (c.50)
870 1859 975 1920 sed
1006 1861 1184 1920 etiam
1222 1877 1339 1938 quo
1378 1858 1473 1919 die
1511 1857 1800 1937 quaedam
1838 1865 2004 1936 gesta
2041 1864 2257 1934 essent,
2295 1857 2538 1935 scripsit
2577 1857 2656 1927 (c.
2679 1855 2780 1914 41.
2811 1854 2930 1914 42.

620 1961 756 2039 49),
786 1977 923 2019 cum
958 1958 1072 2018 hoc
1100 1977 1133 2018 a
1161 1956 1463 2017 Plutarchi
1500 1974 1666 2016 more
1696 1955 2028 2033 abhorreat,
2067 1956 2630 2016 commentariorum
2667 1953 2930 2013 sormam

622 2059 943 2118 retinuisse
1006 2053 1263 2116 uidetur.
1346 2053 1716 2133 Quamquam
1771 2053 1959 2115 Dellio
2023 2055 2268 2133 propius
2332 2053 2446 2113 suit
2498 2051 2929 2131 Theophanem

622 2165 851 2236 patrem
908 2155 1155 2232 imitari,
1211 2155 1315 2231 qui
1367 2152 1613 2232 Pompei
1669 2169 1766 2213 res
1822 2154 1884 2212 iu
1939 2153 2170 2212 oriente
2234 2157 2432 2230 gestas
2485 2151 2548 2210 in
2604 2148 2932 2210 Alexandri

624 2253 819 2331 Magni
886 2250 1339 2312 similitudinem
1403 2259 1650 2312 auxerat
1711 2259 1772 2311 et
1835 2257 2228 2310 exornauerat
2283 2250 2391 2326 (cf.
2439 2249 2625 2320 Duell.
2665 2251 2721 2308 d.
2765 2249 2931 2308 plut.

613 2371 681 2430 p.
721 2351 853 2411 114
878 2353 1051 2427 sqq).
1126 2357 1185 2410 at
1240 2351 1354 2410 etsi
1410 2348 1698 2428 quaedam
1755 2357 1954 2428 partes
2011 2355 2196 2408 artem
2245 2347 2604 2407 rhetoricam
2654 2345 2934 2406 redolent

628 2443 910 2533 (maxime
958 2467 1008 2508 c.
1045 2444 1132 2507 43
1180 2456 1239 2508 et
1283 2441 1420 2532 44),
1477 2446 1810 2526 simplicius
1865 2453 2061 2507 tamen
2119 2445 2284 2505 filum
2341 2447 2601 2505 texuisse
2665 2441 2936 2520 uidetur,

627 2566 725 2608 res
773 2549 959 2625 magis
1006 2555 1066 2606 et
1110 2563 1390 2607 numeros
1438 2563 1615 2624 quam
1663 2552 2008 2604 ornamenta
2066 2551 2341 2623 spectans
2397 2541 2933 2621 Xenophontisque

628 2645 911 2706 anabasin
965 2643 1309 2722 aemulatuS,
1365 2645 1535 2704 cuius
1602 2642 1809 2702 decem
1857 2641 2018 2702 milia
2074 2642 2364 2703 Antonius
2422 2639 2492 2701 de
2557 2657 2664 2700 suo
2731 2638 2936 2700 reditu

628 2761 816 2824 paene
863 2741 1187 2822 desperans
1234 2741 1431 2802 felicia
1478 2740 1782 2821 praedicat
1826 2740 1981 2820 apud
2018 2739 2399 2801 Plutarchum
2439 2741 2518 2812 (c.
2558 2740 2691 2818 45),
2731 2739 2938 2798 forsit-

630 2860 723 2920 an,
769 2848 834 2902 ut
880 2843 1059 2901 etiam
1104 2841 1361 2901 maiores
1407 2857 1583 2918 quam
1633 2857 1782 2918 quos
1826 2837 2060 2899 labores
2104 2839 2189 2899 illi
2235 2837 2531 2915 tulissent,
2577 2855 2609 2896 a
2647 2836 2940 2896 Romanis

632 2946 991 3000 sustentatos
1048 2957 1180 3000 esse
1240 2937 1691 2998 demonstraret.
1785 2937 1976 2998 Etiam
2035 2954 2234 2996 sermo
2281 2939 2410 2996 eius
2457 2936 2698 2996 uidetur
2743 2936 2937 2996 fuisse
2971 2959 2992 2970 ·

634 3038 893 3116 LatinuS,
932 3055 1051 3097 non
1091 3035 1354 3097 Graecus
1391 3043 1457 3097 ut
1484 3035 1864 3114 Theophanis
1894 3036 2156 3110 (Sieqlin
2195 3039 2259 3095 in
2290 3034 2738 3110 Hirschfelderi
2773 3037 2939 3094 actis

620 3139 774 3214 phil.
815 3136 928 3196 III
966 3153 1017 3196 c.
1058 3135 1279 3209 1454).

812 3233 940 3304 Quo
997 3241 1194 3293 tamen
1248 3241 1515 3312 tempore
1570 3231 1796 3293 Dellius
1850 3233 1912 3292 in
1969 3232 2064 3292 his
2111 3231 2552 3292 commentariis
2601 3227 2940 3290 scribendis

634 3339 908 3395 uersatus
964 3333 1067 3410 sit,
1124 3349 1221 3392 res
1276 3339 1371 3392 est
1422 3330 1724 3412 ambigua3
1779 3348 1855 3391 ne
1911 3329 2058 3390 illud
2115 3329 2356 3409 quidem
2414 3327 2676 3388 discerni
2721 3334 2940 3406 potest,

634 3439 839 3493 utrum
896 3436 1033 3490 ante
1078 3428 1301 3490 bellum
1348 3429 1652 3490 Actiacum
1709 3447 1785 3489 an
1839 3435 1989 3507 post.
2061 3429 2306 3488 uirtutis
2355 3427 2594 3487 Antonii
2641 3423 2812 3486 laude
2857 3423 2941 3485 ad

638 3528 786 3591 illud
858 3527 1168 3588 trahimur.
1250 3525 1355 3587 sed
1421 3545 1557 3587 cum
1618 3525 1964 3605 Cleopatrae
2029 3527 2192 3585 omni
2248 3525 2476 3584 ratione
2550 3523 2941 3600 obtrectetur,

640 3629 811 3688 cuius
856 3624 1104 3687 insidias
1154 3625 1462 3686 dicacitate
1508 3642 1615 3685 sua
1668 3625 1929 3685 offensae
1977 3622 2224 3684 timebat
2271 3622 2386 3698 (fr.
2425 3623 2516 3700 2),
2563 3623 2692 3682 eius
2739 3629 2940 3681 autem

639 3728 792 3786 iram
856 3723 1027 3785 breui
1093 3732 1228 3785 ante
1291 3726 1480 3802 ipsam
1539 3741 1799 3802 pugnam
1855 3723 2216 3783 contraxerit
2263 3714 2450 3804 (quod
2505 3721 2570 3780 ni
2624 3720 2705 3778 ita
2761 3727 2943 3796 esset,

640 3827 759 3884 iam
808 3831 976 3882 antea
1024 3821 1095 3882 ad
1133 3820 1521 3882 Octauianum
1570 3815 1870 3904 fugisset),
1917 3819 2028 3881 sub
2065 3821 2329 3899 Augusto
2377 3836 2477 3879 eos
2525 3819 2586 3877 in
2632 3816 2946 3896 publicum

644 3921 836 3984 editos
874 3938 1005 3980 esse
1032 3921 1165 3980 ueri
1194 3919 1449 3980 similius
1477 3927 1585 3998 est,
1613 3920 1968 3998 praesertim
2007 3936 2141 3979 cum
2178 3916 2404 3978 Dellius
2441 3923 2576 3976 ante
2615 3913 2946 3975 discrimen

826 4167 879 4236 1)
916 4162 1209 4217 Fabricius
1255 4181 1309 4233 p.
1350 4169 1455 4216 220
1474 4179 1555 4231 sq.
1593 4179 1665 4216 ne
1713 4160 2048 4216 Strabonem
2084 4160 2315 4229 quidem
2355 4158 2762 4232 geographiam
2810 4156 2951 4211 scri-

644 4246 887 4380 32:11³?ss
890 4243 1175 4379 o{Jellium
1232 4245 1363 4297 ante
1418 4259 1477 4296 se
1522 4241 1792 4297 habuisse
1833 4242 1986 4310 uult,
2033 4242 2134 4295 sed
2181 4243 2300 4295 tum
2335 4242 2584 4306 tantum,
2631 4255 2760 4292 cum
2795 4253 2951 4293 oom-
