3234 5034
226 1448 270 1487 10

1237 342 1627 399 HISTORIAE
2075 352 2083 357 “
2483 342 2565 410 97

457 512 652 587 (752)
702 510 763 573 C.
803 512 1104 591 Augustus
1151 511 1369 573 Caesar
1412 510 1516 573 ΧΠ
1565 520 1626 573 et
1672 512 1745 573 Μ.
1774 512 2057 575 Plautius,

455 610 651 685 (753)
701 609 921 671 Cossus
968 610 1254 671 Lentulus
1302 618 1362 671 et
1409 609 1472 670 L.
1511 610 1664 671 Piso,

455 708 522 780 (1
557 726 625 787 p.
672 710 841 784 Chr.)
891 707 952 770 C.
989 709 1290 787 Augustus
1337 707 1556 769 Caesar
1601 707 1733 769 xm
1783 717 1844 769 et
1890 709 1953 772 L.
1990 708 2226 773 Paulus,

455 808 554 881 (2)
603 805 666 867 C.
704 806 972 867 Vinicius
1017 814 1078 867 et
1122 806 1184 867 P.
1213 806 1475 869 Alfenus.

455 905 552 979 (3)
599 904 674 967 Μ.
715 904 1007 967 Seruilius
1055 910 1116 965 et
1161 904 1224 965 L.
1264 905 1484 967 Lamia.

457 1003 554 1078 (4)
604 1001 738 1064 Sex,
775 1002 976 1064 Aelius
1023 1012 1082 1064 et
1129 1002 1190 1065 C.
1231 1002 1488 1065 Sentius,

456 1102 553 1176 (5)
603 1100 707 1164 Cn.
747 1101 932 1163 Cinna
979 1109 1038 1162 et
1085 1102 1147 1163 L.
1185 1102 1474 1165 Valerius,

455 1210 590 1299 (His
647 1235 840 1278 conss.
876 1235 987 1297 per
1040 1215 1170 1279 dies
1224 1225 1358 1279 octo
1405 1216 1641 1279 Tiberis
1696 1220 1922 1299 impetu
1978 1218 2314 1280 miseranda
2375 1215 2573 1280 clades

289 1314 580 1376 hominum
630 1314 1058 1395 domorumque
1105 1310 1264 1401 fuit.)

455 1424 554 1497 (6)
601 1421 675 1485 Μ.
714 1421 972 1501 Lepidus
1019 1430 1082 1483 et
1127 1422 1190 1485 L.
1227 1424 1564 1485 Arruntius.
1609 1400 1625 1415 “

453 1522 552 1596 (7)
602 1520 670 1593 Q.
710 1518 1002 1582 Caecilius
1049 1529 1110 1582 et
1154 1522 1215 1581 A,
1256 1520 1540 1583 Licinius

454 1620 552 1695 (8)
599 1618 674 1681 Μ.
713 1618 930 1681 Furius
978 1627 1036 1680 et
1089 1618 1220 1680 Sex.
1262 1619 1506 1682 Nonius,

454 1719 553 1793 (9)
602 1716 670 1789 Q.
709 1717 1010 1797 Sulpicius
1058 1726 1118 1779 et
1163 1716 1226 1781 C.
1261 1718 1589 1798 Poppaeus

455 1817 598 1892 (10)
646 1816 709 1877 P.
747 1814 1046 1877 Dolabella
1093 1823 1153 1877 et
1200 1814 1261 1877 C.
1301 1816 1554 1879 Silanus.

455 1915 599 1989 (11)
648 1913 720 1975 Μ.
761 1913 1022 1994 Lepidus
1069 1922 1130 1975 et
1175 1912 1241 1977 Τ.
1281 1914 1565 1977 Statilius,

455 2012 596 2086 (12)
649 2011 783 2074 Ger.
823 2011 1042 2074 Caesar
1087 2018 1148 2074 et
1194 2010 1254 2074 C,
1294 2012 1593 2075 Fonteius.

455 2111 598 2186 (13)
648 2109 711 2171 L.
748 2109 1002 2171 Plancus
1049 2118 1110 2171 et
1154 2108 1216 2171 C,
1258 2110 1455 2172 Silius,

456 2209 597 2283 (14)
647 2208 780 2269 Sex.
818 2208 1136 2288 Pompeius
1183 2217 1244 2270 et
1289 2207 1423 2270 Sex.
1462 2210 1761 2290 Apuleius,

455 2317 590 2409 (His
655 2343 846 2386 conss,
903 2326 1045 2405 imp.
1101 2326 1401 2405 Augustus
1465 2324 1613 2387 obiit
1678 2328 2113 2407 septuagesimo
2186 2334 2353 2387 sexto
2422 2343 2574 2387 anno

221 2446 266 2485 20
289 2424 488 2483 aetatis
533 2442 692 2503 suae,
739 2425 977 2503 imperii
1025 2431 1219 2484 autem
1261 2426 1753 2504 quinquagesimo
1792 2432 1960 2485 sexto
1998 2426 2195 2485 semis.
2260 2424 2403 2486 huic
2440 2442 2573 2485 suc-

285 2523 460 2582 cessit
519 2523 580 2581 in
645 2522 965 2601 imperium
1011 2519 1288 2583 Tiberius
1345 2521 1577 2602 Caesar,
1643 2524 1747 2602 qui
1810 2523 2129 2602 imperauit
2191 2540 2324 2583 ann.
2376 2534 2571 2583 xxm.

284 2618 386 2679 sub
436 2637 550 2699 quo
595 2618 658 2679 hi
707 2619 983 2681 consules
1030 2613 1328 2704 fueruntz)

455 2728 597 2802 (15)
643 2726 874 2789 Drusus
921 2726 1140 2787 Caesar
1186 2733 1246 2787 et
1292 2726 1352 2788 C.
1393 2725 1723 2788 Norbanus.

453 2826 597 2900 (16)
647 2825 900 2887 Sisenna
945 2823 1213 2887 Statilius
1259 2833 1321 2886 et
1373 2824 1436 2887 L.
1475 2824 1844 2888 Scribonius,

456 2925 590 3015 (His
638 2950 831 2994 conss.
868 2932 1273 2993 mathematici
1319 2931 1468 2993 urbe
1516 2925 1869 3016 pelluntur.)

454 3041 598 3115 (17)
647 3039 710 3101 L.
748 3039 1108 3119 Pomponius
1157 3048 1216 3101 et
1263 3038 1324 3101 C.
1362 3038 1675 3101 Caecilius,

455 3137 599 3213 (18)
647 3137 736 3197 Ti,
777 3136 995 3199 Caesar
1039 3146 1100 3198 et
1146 3136 1536 3199 Germanicus
1583 3136 1817 3198 Caesar.

455 3236 599 3310 (19)
647 3235 722 3297 Μ.
763 3234 1000 3297 Silanus
1047 3242 1108 3297 et
1153 3234 1214 3297 C.
1253 3233 1582 3297 Norbanus.

455 3336 591 3426 (His
637 3360 830 3404 conss.
869 3341 1259 3403 Germanicus
1307 3340 1524 3403 Caesar
1567 3344 1631 3402 in
1679 3340 1849 3422 Syria
1893 3348 2164 3401 mortuus
2212 3335 2349 3425 est.)

455 3451 602 3525 (20)
647 3449 723 3511 Μ.
761 3448 1032 3510 Valerius
1078 3456 1140 3510 et
1184 3447 1258 3509 Μ.
1297 3448 1588 3510 Aurelius.

453 3549 600 3623 (21)
648 3546 736 3608 Ti,
775 3546 995 3608 Caesar
1039 3555 1102 3608 et
1145 3546 1373 3633 Drusus
1421 3546 1654 3608 Caesar.

454 3646 600 3721 (22)
646 3645 713 3706 D.
752 3645 1032 3707 Haterius
1077 3653 1139 3705 et
1184 3645 1246 3707 C.
1287 3644 1603 3725 Sulpicius.

453 3745 598 3820 (23)
647 3742 708 3805 C.
746 3746 988 3805 Asinius
1034 3750 1095 3803 et
1141 3742 1201 3805 C.
1239 3744 1548 3805 Antistius,

301 3886 670 3893 --—-——-..—-——-
690 3886 735 3891 *-

457 3981 511 4037 1.
555 3978 832 4055 plaucius
860 3978 942 4036 M
1027 3980 1086 4035 2.
1122 3994 1231 4035 om.
1261 3974 1350 4033 M
1427 3978 1466 4035 3
1506 3979 1567 4035 et
1599 3979 1659 4035 4,
1696 3993 1803 4035 om,
1834 3976 1917 4035 M
2004 3978 2103 4035 11.
2141 3974 2379 4034 linicius
2410 3975 2569 4035 codd.

285 4068 360 4125 12
408 4073 471 4126 et
523 4069 620 4126 13.
667 4067 887 4126 om.M
1002 4066 1100 4124 15.
1150 4065 1377 4125 studius
1414 4066 1496 4125 M
1611 4068 1711 4125 16.
1756 4065 1982 4124 om,M
2104 4067 2205 4123 21.
2252 4066 2316 4123 in
2361 4082 2453 4123 om
2496 4065 2578 4123 Μ

283 4156 379 4215 22.
423 4156 522 4215 hic
547 4156 628 4215 M
779 4158 880 4215 24.
928 4154 1233 4215 scribonus
1261 4155 1344 4215 M
1491 4156 1592 4213 26.
1638 4154 1951 4233 pompeius
1980 4154 2061 4212 M
2204 4154 2305 4211 27.
2352 4150 2571 4213 Caesar

281 4260 382 4303 om.
409 4246 492 4305 M
529 4247 868 4324 germanias
913 4263 1080 4303 cesar
1113 4245 1194 4302 M
1327 4246 1426 4303 29.
1475 4248 1566 4303 est
1610 4260 1719 4302 om.
1747 4244 1805 4302 P
1935 4245 2037 4303 31.
2085 4246 2147 4317 et
2182 4242 2393 4302 drusus
2432 4236 2569 4333 (om.

282 4328 520 4417 Caesar)
551 4336 633 4394 M
763 4336 864 4394 33.
911 4351 1020 4392 om.
1050 4333 1131 4391 M

379 4452 502 4493 mn.
531 4453 661 4492 nom.
689 4452 772 4491 roi.
799 4450 864 4501 11,
900 4451 970 4491 aa
999 4450 1178 4491 Peter.
2111 4434 2141 4485 ‘1
