3234 5034
603 342 730 408 126
1487 341 1700 396 MARII
1734 341 2008 397 MAXIMI

595 507 1007 588 [gladiatorem
1053 511 1117 570 in
1169 508 1495 589 spoliario]
1570 509 1782 571 exaudi
1830 508 2071 572 Caesar:
2118 510 2382 570 carnifex
2418 529 2573 571 unco
2610 509 2894 571 trahatur.

595 607 855 668 carnifex
896 615 1137 669 senatus
1175 625 1343 669 more
1381 609 1672 670 maiorum
1710 626 1865 669 unco
1905 608 2189 670 trahatur.
2270 611 2509 670 saeuior
2544 607 2896 687 Domitiano,

594 707 886 786 impurior
931 705 1182 768 Nerone.
1257 707 1345 767 sic
1401 706 1567 786 fecit,
1624 709 1713 768 sic
1769 709 2077 806 patiatur³
2117 709 2441 768 memoriae
2488 708 2895 768 innocentium

593 810 938 884 seruentur,
1007 803 1266 865 honores
1329 805 1739 867 innocentium
1804 808 2111 885 restituae,
2178 823 2471 884 rogamus,
2561 804 2897 886 parricidae

592 901 848 964 cadauer
900 919 1056 963 unco
1109 902 1406 982 trahatur,
1454 903 1797 984 gladiatoris
1844 903 2112 965 cadauer'
2144 921 2300 964 unco
2346 904 2629 982 trahatur,
2676 902 2897 982 gladia·
2948 925 2970 965 5

593 1003 740 1062 toris
787 999 1042 1062 cadauer
1088 1003 1152 1062 in
1199 1000 1482 1081 spoliario
1529 1008 1799 1081 ponatur.
1869 1019 2140 1083 perroga,
2186 1003 2467 1082 perroga,
2503 1019 2711 1063 omnes
2760 1019 2897 1062 cen·

592 1116 794 1161 semus
848 1117 1005 1160 unco
1059 1100 1432 1161 trahendum.
1507 1100 1611 1179 qui
1667 1118 1873 1161 omnes
1927 1099 2172 1181 occidit,
2227 1119 2384 1162 unco
2430 1100 2717 1162 trahatur.
2796 1102 2899 1183 qui

592 1215 828 1258 omnem
876 1204 1129 1259 aetatem
1177 1197 1412 1277 occidit,
1460 1217 1613 1259 unco
1662 1198 1946 1260 trahatur.
2022 1201 2128 1278 qui
2171 1206 2493 1279 utrumque
2539 1215 2750 1260 sexum
2798 1217 2896 1258 oc·

591 1295 753 1375 cidit,
799 1314 954 1358 unco
1000 1296 1286 1358 trabatur.
1361 1299 1465 1376 qui
1511 1298 1788 1376 sanguini
1834 1316 1942 1359 suo
1990 1315 2109 1358 non
2156 1299 2452 1378 pepercit,
2498 1315 2653 1358 unco
2702 1296 2897 1358 traha-

589 1402 705 1456 tur.
781 1396 885 1474 qui
929 1394 1148 1475 templa
1197 1394 1500 1476 spoliauit,
1543 1413 1702 1456 unco
1749 1395 2035 1457 trabatur.
2101 1398 2205 1475 qui
2250 1402 2604 1457 testamenta
2654 1394 2899 1474 deleuit,
2927 1417 2977 1457 ιο

590 1510 743 1553 unco
792 1491 1075 1555 trahatur.
1152 1495 1255 1572 qui
1298 1495 1474 1554 uiuos
1530 1492 1838 1574 spoliauit,
1884 1512 2039 1555 unco
2090 1494 2375 1556 trahatur.
2452 1495 2647 1554 seruis
2702 1495 2899 1554 serui·

589 1592 762 1652 imus.
838 1592 943 1670 qui
997 1592 1188 1670 pretia
1244 1592 1404 1652 uitae
1460 1593 1683 1671 exegit,
1738 1609 1893 1653 unco
1949 1591 2235 1653 trabatur.
2319 1593 2424 1671 qui
2480 1593 2675 1672 pretia
2734 1593 2898 1652 uitae

572 1690 788 1776 ‘exegit
833 1696 894 1750 et
939 1688 1117 1749 fldem
1161 1707 1283 1750 non
1329 1692 1612 1768 seruauit,
1658 1707 1815 1751 unco
1861 1690 2147 1752 trahatur.
2214 1692 2320 1770 qui
2366 1697 2637 1752 senatum
2685 1689 2899 1751 uendi-

592 1787 704 1866 dit,
750 1805 905 1849 unco
960 1786 1245 1849 trahatur.
1312 1789 1414 1867 qui
1469 1787 1609 1849 filiis
1656 1787 1902 1850 abstulit
1944 1788 2356 1869 hereditatem,
2401 1805 2559 1849 unco
2605 1787 2899 1850 trahatur.

589 1884 820 1946 indices
875 1885 946 1948 de
993 1893 1221 1962 senatu,
1270 1884 1562 1947 delatores
1610 1885 1685 1947 de
1731 1894 1959 1966 senatu,
1998 1905 2313 1948 seruorum
2350 1885 2775 1948 subornatores
2825 1885 2898 1947 de
2930 1909 2981 1948 ιε

590 1990 816 2045 senatu.
877 1991 938 2045 et
963 1990 1028 2045 tu
1056 1983 1369 2046 nobiscum
1396 1986 1670 2064 timuisti,
1698 1987 1897 2046 omnia
1925 1987 2063 2065 scis,
2102 1993 2164 2047 et
2200 1984 2386 2046 bonos
2416 1992 2477 2045 et
2504 1984 2691 2046 malos
2718 1987 2899 2047 nosti.

589 2083 786 2142 omnia
824 2084 960 2162 sciS,
999 2083 1198 2144 omnia
1245 2080 1513 2161 emenda,
1559 2101 1668 2162 pro
1715 2090 1774 2144 te
1821 2085 2144 2144 timuimus,
2202 2102 2237 2143 o
2274 2101 2383 2144 nos
2421 2082 2628 2144 felices
2668 2090 2725 2144 te
2762 2085 2901 2144 uiso

589 2181 937 2260 imperante.
999 2178 1070 2241 de
1105 2179 1404 2260 parricida
1440 2180 1617 2260 refer,
1648 2180 1824 2266 refer,
1838 2199 2139 2261 perr-oya,
2166 2187 2437 2262 perroga'.
2494 2183 2899 2261 praesentiam

593 2285 750 2338 tuam
809 2295 1102 2358 rogamus,
1177 2278 1531 2340 Innocentes
1584 2276 1805 2359 sepulti
1852 2296 1971 2340 non
2028 2286 2193 2341 sunt:
2248 2278 2582 2360 parricidae
2638 2279 2901 2341 cadauer

589 2374 874 2436 trahatur.
949 2376 1248 2456 parricida
1295 2375 1558 2458 sepultos
1606 2379 1789 2439 eruit:
1835 2376 2167 2456 parricidae
2218 2377 2472 2440 cadauer
2516 2373 2831 2438 trahatur’.
2930 2399 2989 2440 so

767 2473 842 2534 Et
897 2493 1030 2535 cum
1087 2475 1255 2536 iussu
1301 2474 1632 2536 Pertinacis
1666 2474 1895 2537 ‘Liuius
1942 2474 2250 2556 LarensiS,
2302 2484 2656 2556 procurator
2708 2477 2899 2555 patri-

587 2574 790 2651 monii,
839 2570 1018 2633 Fabio
1065 2571 1299 2633 Chiloni
1345 2573 1579 2634 consuli
1627 2571 1935 2652 designato
1974 2572 2253 2653 dedisset,
2298 2591 2409 2652 per
2444 2580 2680 2634 noctem
2719 2572 2899 2634 Com-

590 2669 750 2731 modi
813 2669 1068 2731 cadauer
1133 2670 1428 2750 sepultum
1497 2678 1604 2732 est.
1690 2679 1931 2732 senatus
1996 2669 2375 2733 adclamauit:
2435 2667 2589 2742 ‘Quo
2648 2678 2899 2732 auctore

590 2764 1000 2848 sepelierunt}>
1062 2767 1357 2848 parricida
1407 2767 1677 2848 sepultus
1725 2777 1985 2850 eruatur,
2030 2765 2343 2830 trahatur’.
2418 2768 2661 2830 Cincius
2709 2769 2899 2830 Seue-

591 2883 694 2926 rus
743 2865 916 2927 dixit:
965 2863 1212 2928 ‘Iniuste
1261 2866 1529 2946 sepultus
1576 2874 1686 2928 est.
1751 2887 1867 2948 qua
1914 2867 2179 2947 pontifex
2228 2866 2379 2948 dico,
2423 2867 2539 2928 hoc
2576 2867 2899 2947 collegium
2932 2891 2989 2932 εὖ

588 2965 934 3043 pontificum
995 2964 1154 3025 dicit.
1229 2967 1506 3045 quoniam
1564 2963 1714 3026 laeta
1780 2967 1896 3027 iam
1952 2967 2300 3046 percensui,
2354 2983 2516 3026 nunc
2574 2973 2903 3028 conuertar

589 3060 664 3122 ad
709 3065 1060 3123 necessaria.
1137 3080 1371 3142 censeo,
1419 3081 1565 3142 quas
1612 3065 1665 3124 is
1712 3065 1817 3143 qui
1861 3080 1981 3124 non
2028 3065 2148 3125 nisi
2185 3062 2259 3125 ad
2297 3065 2626 3143 perniciem
2663 3065 2897 3125 ciuium

590 3166 650 3222 et
695 3159 770 3221 ad
817 3158 1074 3221 dedecus
1113 3180 1288 3222 suum
1326 3162 1494 3240 uixit,
1541 3160 1617 3221 ob
1662 3160 1950 3224 honorem
1997 3179 2172 3223 suum
2211 3161 2455 3223 decerni
2492 3163 2705 3241 coegit,
2751 3161 2896 3222 abo-

588 3255 796 3318 lendas
851 3265 1092 3337 statuae,
1147 3277 1299 3338 quae
1350 3258 1615 3338 undique
1674 3267 1816 3321 sunt
1860 3259 2208 3339 abolendae,
2264 3277 2600 3339 nomenque
2646 3277 2719 3320 ex
2764 3277 2897 3320 om-

588 3354 766 3417 nibus
837 3357 1088 3436 priuatis
1161 3355 1537 3436 publicisque
1613 3361 2013 3419 monumentis
2088 3357 2450 3420 eradendum
2530 3376 2895 3440 mensesque
2928 3383 2992 3422 so

589 3452 684 3513 his
736 3451 1077 3514 nominibus
1132 3453 1561 3534 nuncupandos
1618 3454 1835 3535 quibus
1882 3455 2397 3537 nuncupabantur,
2444 3473 2581 3518 cum
2626 3459 2893 3536 primum

586 3549 735 3612 illud
780 3550 999 3613 malum
1045 3553 1108 3611 in
1156 3570 1220 3612 re
1266 3551 1504 3632 publica
1549 3553 1825 3615 incubuit
1839 3549 1871 3616 '.

770 3717 825 3773 1.
871 3713 1268 3791 gladiatorem
1311 3717 1376 3773 in
1422 3716 1531 3792 spl.
1568 3719 1738 3776 amois
1771 3717 1987 3777 inclusi
2179 3720 2277 3776 17.
2324 3723 2385 3777 te
2429 3717 2561 3780 uiro
2599 3719 2658 3777 P
2696 3719 2783 3778 sic
2830 3723 2895 3779 ie

587 3821 732 3863 uero
772 3806 850 3878 tr.
885 3803 1101 3863 Gusan.
1147 3807 1208 3863 te
1261 3803 1404 3864 uiuo
1449 3804 1701 3866 Casaub.
1757 3809 1819 3866 te
1875 3807 2021 3866 uiuo
2035 3853 2051 3878 ,
2104 3809 2165 3864 te
2220 3809 2553 3884 imperante
2601 3807 2891 3882 Eyssenh.

587 3896 648 3952 te
694 3893 824 3952 uiso
870 3893 1211 3968 Hirschfeld
1369 3895 1468 3954 18.
1504 3915 1761 3974 perroga
1796 3898 2021 3956 inserui
2176 3899 2279 3956 21.
2324 3895 2603 3958 Larensis
2649 3897 2893 3957 Des-sau

586 3982 827 4057 Prosop.
855 3983 938 4041 ΙΙ
967 4001 1032 4057 p.
1072 3985 1204 4042 290
1248 3983 1539 4044 lam-ensis
1573 3985 1633 4043 P
1790 3987 1891 4044 24.
1939 3989 2213 4045 seruatur
2247 3986 2306 4044 P
2462 3984 2711 4064 Gingius
2746 3987 2809 4046 P

591 4071 692 4131 25.
753 4065 902 4152 qua]
931 4089 1012 4132 an
1057 4069 1259 4148 quod?
1488 4075 1588 4133 26.
1635 4074 1859 4134 laetam
1894 4074 1951 4134 P
1999 4076 2163 4135 laeta.
2206 4077 2329 4134 iam
2366 4075 2671 4135 Baehrens
2727 4076 2898 4137 leuia

588 4161 800 4221 Novdk
844 4161 1017 4236 Lisby
1055 4163 1226 4220 1884
1255 4180 1322 4236 p.
1355 4165 1484 4222 196
1669 4165 1769 4222 27.
1818 4183 1966 4239 quas
2012 4158 2093 4244 is]
2128 4165 2313 4226 Saba.
2362 4183 2513 4241 quae
2559 4165 2613 4224 is
2658 4165 2717 4223 P

592 4251 693 4309 32.
751 4250 960 4324 Ipsum
1013 4251 1167 4324 quod
1219 4251 1383 4324 apud
1426 4253 1702 4312 Marium
1737 4253 2077 4314 Maoecmmn
2131 4259 2369 4314 senatus
2422 4255 2755 4314 consultum·
2803 4257 2901 4315 in-

589 4343 846 4408 uenerat,
893 4338 1082 4398 taedio
1128 4339 1488 4400 describendi.
1533 4345 1833 4414 correptus
1876 4345 2072 4403 omisit
2114 4343 2507 4418 Lampridia
