3234 5034
822 307 1158 364 ENCOLPII
1193 305 1370 362 VITA
1405 307 1835 362 ALEXANDRI
1874 306 2137 361 SEVERI
2510 307 2634 370 129

322 473 478 557 (13)
524 475 680 537 Hinc
727 485 988 557 apparet,
1037 484 1256 555 quanta
1304 478 1626 537 seueritate
1674 475 1991 536 factionem
2032 474 2131 536 uel
2167 475 2635 536 Pescennianam

322 574 426 636 uel
455 574 802 636 Clodianam
840 573 1254 636 uindicauerit.
1311 591 1462 654 quae
1501 572 1745 654 quidem
1782 575 1979 634 omnia
2016 575 2079 634 in
2116 575 2241 634 uita
2277 576 2407 634 eius
2445 575 2635 653 posita

324 681 486 734 sunt.
563 691 715 754 quae
772 675 876 752 qui
933 672 1276 752 diligentius
1333 675 1488 734 scire
1548 671 1726 752 uelit,
1780 671 1939 751 legat
2002 669 2253 732 Marium
2318 671 2636 732 Maximum

325 772 402 834 de
447 772 680 833 Latinis
736 771 1147 852 scriptoribuS,
1206 770 1278 832 de
1325 769 1568 833 Graecis
1626 769 2020 850 scriptoribus
2066 769 2485 850 Herodianum,
2533 771 2637 850 qui

267 892 294 933 τ»
323 870 401 932 ad
448 870 633 933 fidem
678 869 965 950 pleraque
1013 869 1310 930 dixerunt.

508 983 606 1030 DE
644 982 812 1030 VITA
850 981 1331 1030 HELIOGABALI

511 1063 629 1130 26.
679 1068 925 1145 Lampr.
954 1068 1191 1144 Helioq.
1223 1067 1325 1142 11,
1355 1067 1398 1126 6
1445 1065 1673 1128 Ferunt
1706 1066 1878 1128 multi
1918 1066 1989 1128 ab
2029 1068 2157 1147 ipso
2181 1064 2631 1144 [Helioaabalo]

321 1169 592 1248 primum
649 1173 981 1246 repertum,
1038 1174 1104 1226 ut
1157 1166 1222 1226 in
1268 1163 1706 1226 uindemiarum
1761 1165 1977 1226 festiue
2024 1164 2209 1227 multa
2252 1167 2317 1225 in
2366 1164 2635 1226 dominos

324 1264 616 1328 iocularia
682 1272 743 1327 et
805 1263 1183 1327 audientibus
1250 1262 1505 1324 dominis
1571 1262 1945 1344 dicerentur,
2011 1281 2162 1343 quae
2227 1264 2355 1342 ipse
2418 1280 2634 1342 conpo—

242 1385 296 1424 ιο
325 1371 554 1444 suerat,
599 1371 660 1425 et
707 1361 930 1424 Graeca
976 1364 1251 1423 maxime.
1314 1361 1530 1422 horum
1574 1360 1860 1441 pleraque
1898 1359 2119 1422 Marius
2156 1360 2447 1422 Maximus
2492 1360 2637 1422 dicit

323 1465 390 1524 in
437 1464 566 1524 uita
612 1463 804 1542 ipsius
850 1459 1232 1539 Heliogabali.

509 1573 607 1620 Ex
643 1572 968 1621 molemus
1007 1572 1190 1620 vrrls

510 1653 626 1721 27.
675 1659 990 1735 Lamprid.
1037 1659 1214 1720 Alex.
1261 1657 1366 1737 21,
1403 1658 1448 1719 3
1509 1657 1834 1718 Praefectis
1888 1659 2173 1736 praetorii
2230 1659 2355 1718 suis
2403 1665 2633 1718 senato-

323 1760 480 1818 riam
528 1755 758 1818 addidit
804 1755 1190 1834 [Alexander
1236 1754 1529 1833 Seuerus]
1585 1754 1960 1835 dignitatem,
2022 1765 2091 1816 ut
2141 1757 2260 1816 uiri
2318 1754 2633 1816 clarissimi

241 1875 294 1916 ιε»
323 1864 389 1918 et
435 1862 642 1917 essent
687 1862 748 1916 et
795 1854 1155 1915 dicerentur.
1229 1852 1388 1934 quod
1443 1861 1616 1914 antea
1670 1852 1769 1914 uel
1815 1871 1950 1914 raro
2008 1854 2199 1915 fuerat
2244 1853 2345 1914 uel
2390 1856 2633 1915 omnino

325 1953 504 2032 [non]
559 1952 660 2014 diu
711 1970 830 2013 non
890 1953 1106 2031 fuerat,
1168 1970 1239 2012 eo
1293 1970 1484 2031 usque
1529 1959 1598 2012 ut
1642 1953 1696 2012 si
1742 1954 1876 2030 quis
1920 1954 2351 2032 imperatorum
2396 1971 2633 2014 succes-

322 2069 530 2113 sorem
575 2051 876 2131 prael'ecto
923 2051 1206 2130 praetorii
1255 2049 1396 2134 dare
1444 2048 1642 2128 uellet,
1680 2048 2037 2111 laticlauiam
2076 2050 2271 2111 eidem
2309 2069 2418 2130 per
2454 2050 2631 2112 liber·

323 2158 454 2211 tum
503 2151 925 2227 summitteret,
971 2155 1038 2210 ut
1083 2149 1148 2208 in
1194 2147 1516 2209 multorum
1561 2149 1686 2208 uita
1734 2147 1953 2211 Marius
1998 2148 2286 2210 Maximus
2334 2148 2497 2210 dixit.

601 2432 1050 2507 ENOOLPII
1105 2431 1340 2505 VITA
1393 2432 1962 2507 ALEXANDRI
2018 2433 2367 2509 SEVERI

513 2606 630 2676 1⁸⁵.
679 2612 924 2690 Lampr.
953 2613 1130 2673 Alex.
1171 2612 1274 2687 17,
1304 2612 1341 2670 1
1403 2609 1722 2673 Referebat
1766 2611 2086 2693 Encolpius
2125 2649 2209 2657 —
2248 2613 2416 2676 illum
2466 2615 2634 2694 [Ale-

241 2741 295 2781 ιο
321 2710 693 2790 mandrumJ,
742 2712 793 2770 si
839 2727 1124 2789 umquam
1171 2709 1364 2770 furem
1411 2708 1668 2770 iudicem
1715 2710 1985 2784 uidisset,
2031 2720 2302 2792 paratum
2351 2713 2631 2776 habuisse

325 2811 602 2891 digitum,
639 2817 708 2870 ut
744 2807 833 2868 illi
869 2806 1108 2870 oculum
1144 2817 1408 2868 erueret:
1446 2814 1675 2868 tantum
1714 2807 1915 2870 odium
1953 2828 2091 2872 eum
2129 2810 2368 2872 tenebat
2407 2831 2631 2894 eorum,

326 2909 400 2971 de
452 2907 674 2989 quibus
721 2905 878 2986 apud
925 2923 990 2967 se
1035 2904 1368 2986 probatum,
1414 2905 1572 2985 quod
1620 2906 1807 2990 fures.
1832 2908 2098 2970 fuissent.

511 3001 630 3069 2²⁸.
679 3005 924 3082 Lampr.
956 3006 1129 3065 Alex.
1169 3003 1256 3063 48
1303 3003 1451 3064 Cum
1498 3004 1739 3084 quidam
1776 3004 2027 3067 Ouinius
2066 3006 2347 3070 Camillus
2393 3019 2634 3072 senator

323 3108 608 3185 antiquae
684 3102 941 3164 familiae
1018 3100 1476 3163 delicatissimus
1540 3101 1831 3164 rebellare
1896 3104 2184 3168 uoluisset
2256 3107 2631 3186 tyrannidem

361 3313 439 3350 uo
467 3293 622 3349 bello
651 3292 881 3361 quidem
911 3322 977 3332 —
1006 3291 1068 3345 in
1093 3290 1272 3346 Marci
1297 3291 1423 3345 uita
1448 3291 1776 3361 plenissime
1805 3294 2160 3364 disputatum
2188 3300 2289 3352 est.
2346 3305 2436 3365 10,
2452 3303 2493 3354 2
2527 3299 2631 3354 illa.

348 3365 544 3436 abula,
583 3381 732 3433 quae
767 3363 830 3417 in
866 3363 1044 3417 Marci
1080 3362 1205 3417 uite
1239 3362 1430 3432 posita
1466 3364 1567 3417 est.
1624 3364 1743 3420 Δεῖ.
1775 3369 1826 3433 5,
1858 3371 1891 3420 5
1927 3369 1994 3421 ut
2030 3369 2089 3422 et
2124 3385 2225 3423 nos
2262 3369 2284 3423 i
2326 3369 2375 3424 si
2410 3371 2472 3425 in
2509 3372 2629 3426 eius

326 3439 449 3494 uita
483 3433 772 3508 persecuti
808 3451 1015 3489 sumus.
1084 3433 1281 3488 Comm.
1315 3439 1364 3500 1,
1393 3439 1424 3488 1
1463 3435 1582 3490 Δεῖ.
1611 3439 1668 3501 2,
1696 3441 1747 3490 9.
1813 3437 2021 3507 Tropea
2058 3438 2215 3494 Stud.
2334 3460 2387 3511 p.
2418 3447 2626 3496 37—41

321 3509 520 3566 Seueri
563 3506 1104 3578 ambiam-apludam,
1154 3505 1314 3560 Vulie‘
1355 3504 1574 3560 Rivista
1619 3506 1679 3559 di
1726 3508 1901 3563 storia
1946 3513 2061 3565 ant.
2100 3510 2229 3565 VIII
2266 3517 2406 3567 6—8
2448 3516 2632 3570 Marii

324 3581 580 3638 Maoeimi
613 3581 794 3634 uitam
829 3578 1035 3634 dietam
1069 3593 1178 3632 esse
1205 3581 1566 3645 putaueram.

507 3649 609 3706 27.
660 3649 744 3716 Cf.
775 3649 1068 3718 Lamprid.
1100 3647 1300 3704 Gomm.
1329 3651 1382 3714 4,
1414 3651 1448 3702 7
1503 3647 1807 3704 Paternum
1858 3654 2050 3706 autem
2105 3655 2163 3708 et
2215 3653 2383 3709 huius
2440 3656 2628 3712 caedis

321 3725 618 3779 auctorem
657 3723 716 3776 et
752 3721 1048 3790 (quantum
1083 3718 1406 3788 uidebatur)
1442 3722 1679 3788 paratae
1715 3721 1868 3776 necis
1907 3721 2198 3779 Commodi
2244 3729 2530 3782 conscium
2572 3731 2631 3784 et

319 3795 785 3858 interuentorem‚
831 3808 906 3846 ne
952 3789 1266 3845 coniuratio
1310 3789 1486 3846 latius
1529 3791 1849 3861 puniretur,
1894 3794 2209 3866 instigante
2254 3797 2483 3868 Tigidio
2528 3816 2627 3870 per

319 3866 430 3922 leti
487 3863 638 3920 claui
693 3864 963 3919 honorem
1019 3878 1054 3916 a
1105 3861 1496 3932 praefecturae
1551 3863 2042 3922 administratione
2098 3869 2418 3926 summouit.
2504 3871 2628 3927 Vid.

319 3936 651 4004 Hirschfeld
689 3935 932 3991 Kaieerl.
965 3933 1530 4005 Verwaltunqsbeamt.
1552 3952 1612 4004 p.
1642 3939 1754 3991 416
1770 3954 1845 4006 sq.

508 4117 628 4204 26,
679 4125 736 4182 9.
785 4122 1081 4180 diceretur
1105 4119 1163 4179 P

509 4205 630 4290 27,
683 4212 784 4271 16.
830 4229 948 4270 non
995 4211 1104 4269 clel.
1133 4209 1464 4269 Mommsen
1640 4212 2061 4288 imperatorem
2097 4216 2155 4273 P

507 4293 573 4383 l,
623 4302 728 4360 22.
774 4299 937 4376 apud
981 4292 1072 4379 se]
1109 4297 1414 4358 habuisset
1451 4299 1834 4360 Kellerbauer

432 4419 552 4462 Εἰπὲ.
580 4417 710 4461 Bon.
738 4417 821 4459 rel.
849 4417 914 4470 11,
941 4417 1010 4458 ed.
1039 4415 1224 4458 Peter.
2166 4410 2197 4457 9
