3234 5034
857 331 1288 389 [MPERATOR
1322 331 1658 389 TIBERIVS
1697 332 2053 391 CLAVDIVS
2517 332 2606 397 93

309 511 434 589 ipse
499 510 562 570 in
629 508 896 571 historiis
959 511 1086 571 suis
1150 508 1360 589 prodat
1431 511 1806 571 intermissos
1870 528 1972 570 eos
2030 512 2359 589 Augustum
2420 509 2604 572 multo

309 614 441 687 post
501 606 953 687 diligentissime
1013 626 1303 669 annorum
1365 610 1592 669 ratione
1648 607 1937 669 subducta
1992 610 2057 668 in
2110 608 2381 669 ordinem
2438 607 2605 669 rede-

399 725 483 767 se.

309 724 396 784 8¹⁸
487 790 607 859 2²¹¹.
657 798 817 858 Suet.
863 797 1074 858 Claud.
1113 796 1156 856 2
1203 794 1314 856 Diu
1371 803 1548 875 atque
1601 798 1779 857 etiam
1834 804 1971 875 post
2016 795 2259 857 tutelam
2308 802 2606 876 receptam

259 920 282 960 s
309 893 486 955 alieni
551 892 786 955 arbitrii
849 902 908 955 et
974 893 1084 955 sub
1149 893 1484 973 paedagogo
1543 894 1671 971 fuit,
1737 912 1911 973 quem
1974 893 2291 955 barbarum
2346 902 2409 955 et
2464 893 2606 955 olim

309 994 915 1071 superiumentarium
961 1011 1030 1054 ex
1079 992 1374 1054 industria
1421 991 1535 1053 sibi
1583 994 1935 1072 appositum,
1994 1000 2061 1053 ut
2112 1011 2177 1054 se
2222 992 2605 1072 quibuscum-

309 1109 424 1170 que
482 1090 556 1152 de
611 1093 806 1153 causis
865 1110 1044 1171 quam
1101 1092 1451 1153 saeuissime
1506 1099 1837 1169 coerceret,
1902 1092 2033 1171 ipse
2092 1090 2345 1171 quodam
2407 1090 2607 1153 libello

309 1190 711 1269 conqueritur.

489 1284 556 1351 3.
606 1290 762 1349 Ptin.
801 1308 860 1349 n.
897 1291 954 1349 Ιι.
994 1288 1138 1349 XII
1168 1288 1252 1349 78
1300 1287 1655 1367 Peregrinos
1700 1290 1831 1368 ipsa
1869 1287 2163 1367 [Arabia]
2202 1290 2354 1350 mire
2392 1288 2606 1350 odores

236 1411 284 1450 ιο
311 1393 369 1447 et
423 1384 497 1447 ad
553 1393 790 1447 exteros
845 1388 1026 1466 petit:
1093 1392 1252 1447 tanta
1316 1385 1667 1447 mortalibus
1714 1404 1957 1448 suarum
2020 1405 2221 1448 rerum
2280 1388 2459 1448 satias
2517 1394 2607 1448 est

310 1482 754 1564 alienarumque
800 1484 1070 1546 auiditas.
1150 1493 1363 1565 petunt
1399 1486 1581 1563 igitur
1619 1486 1681 1545 in
1719 1483 2027 1565 Elymaeos
2064 1484 2335 1547 arborem
2372 1484 2608 1547 bratum

312 1600 598 1661 cupresso
645 1583 808 1644 fusae
855 1581 1129 1663 similem,
1177 1582 1465 1644 exalbidis
1511 1584 1711 1664 ramis,
1758 1582 2005 1645 iucundi
2050 1582 2251 1645 odoris
2297 1602 2607 1645 accensam

313 1688 370 1741 et
416 1700 554 1741 cum
600 1680 886 1742 miraculo
934 1681 1199 1743 historiis
1247 1680 1453 1741 Claudi
1492 1680 1761 1743 Caesaris
1808 1681 2221 1761 praedicatam.
2296 1682 2431 1743 folia
2476 1684 2607 1743 eius

309 1780 658 1858 inspergere
695 1779 1036 1859 potionibus
1063 1779 1311 1841 Parthos
1349 1778 1545 1856 tradit,
1583 1778 1826 1841 odorem
1866 1798 1998 1841 esse
2036 1799 2390 1860 proxumum
2429 1779 2606 1842 cedro

243 1900 288 1941 ιε
315 1877 658 1956 fumumque
707 1880 835 1938 eius
885 1886 1088 1939 contra
1136 1877 1292 1957 ligna
1340 1877 1452 1939 alia
1499 1876 1782 1939 remedio.

489 1969 609 2038 4²¹³.
660 1976 814 2037 Ptin.
854 1994 912 2037 n.
949 1979 1007 2038 h.
1051 1978 1106 2034 V
1133 1978 1222 2037 63
1267 1975 1543 2037 Mareotis
1590 1975 1754 2037 lacus
1802 1996 1835 2037 a
1872 1975 2197 2038 meridiana
2235 1976 2403 2037 urbis
2439 1984 2606 2055 parte

315 2073 521 2153 euripo
569 2092 602 2134 e
640 2073 933 2154 Canopico
981 2075 1132 2136 ostio
1178 2076 1363 2135 mittit
1397 2092 1468 2135 ex
1515 2073 1953 2136 mediterraneo
1992 2076 2344 2153 conmercia,
2382 2074 2608 2136 insulas

317 2190 547 2251 quoque
613 2172 816 2252 plures
869 2172 1200 2253 amplexuS,
1265 2173 1412 2234 m
1477 2174 1757 2253 traiectu,
1814 2172 1945 2234 '0013
2003 2172 2253 2253 ambitu,
2308 2180 2376 2233 ut
2430 2172 2609 2233 tradit

317 2268 594 2331 Claudius
640 2270 870 2331 Caesar.

247 2392 293 2431 ιο
493 2363 613 2432 5*.
660 2370 814 2431 Ptin.
853 2388 910 2431 n.
946 2371 1004 2430 h.
1059 2370 1149 2430 VI
1175 2370 1266 2429 27
1301 2368 1623 2430 Vniuersae
1664 2368 2022 2446 [Armeniae
2057 2368 2335 2447 maioris]
2383 2371 2606 2447 magni-

319 2466 581 2527 tudinem
627 2466 894 2528 Aufidius
959 2469 1391 2547 quinquagiens
1458 2476 1707 2529 centena
1770 2467 1931 2528 milia
1992 2465 2268 2547 prodidit,
2328 2466 2607 2528 Claudius

318 2564 528 2627 Caesar
573 2565 1002 2644 longitudinem
1042 2586 1073 2626 a
1110 2564 1368 2627 Dascusa
1405 2565 1478 2627 ad
1515 2566 1838 2626 confinium
1876 2564 2075 2643 Caspii
2114 2567 2293 2625 maris
2336 2562 2475 2647 {xm
2532 2584 2608 2645 p.,

320 2663 684 2725 latitudinem
733 2663 1042 2725 dimidium
1090 2666 1220 2726 eius
1267 2684 1298 2724 a
1345 2664 1765 2743 Tigranocerta
1813 2662 1886 2724 ad
1932 2662 2251 2724 Hiberiam.

491 2756 611 2824 6²³⁵.
665 2764 817 2824 Ptin.
858 2781 915 2823 n.
953 2765 1009 2825 h.
1055 2763 1145 2823 VI
1172 2763 1258 2823 31
1309 2760 1588 2824 Claudius
1637 2762 1853 2824 Caesar
1899 2782 1931 2821 a
1979 2760 2297 2823 Cimmerio
2346 2760 2607 2842 Bosporo

249 2882 293 2922 τε
319 2859 387 2920 ad
441 2860 718 2939 Caspium
777 2879 938 2921 mare
997 2860 1082 2921 ci.
1137 2858 1424 2940 prodidit,
1482 2879 1667 2941 eaque
1724 2858 2036 2939 perfodere
2093 2860 2380 2939 cogitasse
2438 2858 2607 2920 Nica-

321 2968 502 3019 torem
559 2957 901 3038 Seleucum,
959 2978 1075 3038 quo
1136 2967 1399 3039 tempore
1459 2960 1536 3019 sit
1592 2959 1665 3019 ab
1720 2957 2055 3019 Ptolomaeo
2102 2958 2369 3018 Cerauno
2423 2959 2607 3018 inter-

321 3056 522 3118 lectus,

324 3180 471 3187 -ι--ο--

491 3245 551 3301 2.
599 3246 740 3303 Vid..
753 3263 816 3301 8..
867 3288 878 3300 .
915 3267 1058 3301 anu.

491 3316 553 3372 4.
596 3318 678 3385 Of.
709 3263 906 3373 Sbrcsso
943 3318 1138 3372 XVII
1169 3324 1218 3385 1,
1247 3322 1316 3372 14
1348 3335 1406 3387 p.
1439 3322 1549 3373 '799
1591 3315 1665 3372 ‘H
1717 3316 1779 3373 δὲ
1836 3314 2064 3385 Μαρεία
2120 3315 2281 3387 λίμνη
2348 3314 2607 3385 παρατεί-

319 3405 490 3444 νουσα
527 3389 686 3461 μέχρι
723 3389 820 3444 καὶ
847 3390 1015 3457 δεῦρο
1041 3388 1252 3453 πλάτος
1286 3389 1390 3459 μὲν
1428 3390 1540 3479 ἔχει
1575 3388 1851 3445 πλειόνων
1887 3386 1921 3458 ἢ
1960 3388 2307 3456 πεντήκοντα
2347 3388 2442 3442 καὶ
2480 3386 2607 3443 ἑκα-

318 3460 412 3515 τὸν
459 3462 730 3529 σταδίων,
776 3467 952 3531 μῆκος
996 3456 1054 3515 δ’
1098 3458 1405 3516 ἐλαττόνων
1449 3482 1484 3530 η
1531 3458 1894 3531 τριακοσίων·
1954 3460 2066 3532 ἔχει
2112 3457 2167 3514 δ’
2212 3459 2354 3514 ὀκτὼ
2404 3458 2610 3527 νήσους

319 3532 412 3585 καὶ
447 3531 517 3587 τὰ
553 3530 735 3605 κύκλῳ
772 3528 944 3586 πάντ’
986 3532 1288 3603 οἰκούμενα
1327 3535 1520 3595 καλῶς.

492 3602 552 3658 5.
595 3602 678 3670 Of.
709 3602 906 3659 Strabo
946 3604 1048 3657 XI
1077 3609 1162 3671 14,
1191 3609 1259 3658 11
1289 3620 1350 3673 p.
1381 3608 1492 3659 530
1527 3601 1794 3675 Μέγεθος
1829 3602 1893 3658 δὲ
1928 3610 2027 3673 τῆς
2063 3604 2247 3673 χώρας
2282 3599 2606 3675 [Ἀρμενίας]

323 3672 624 3743 Θεοφάνης
669 3672 1018 3729 ἀποδίδωσιν
1067 3671 1229 3742 εὖρος
1273 3673 1374 3743 μὲν
1422 3673 1660 3746 σχοίνων
1709 3672 1925 3742 ἑκατόν,
1972 3681 2149 3743 μῆκος
2194 3674 2257 3729 δὲ
2294 3671 2607 3741 διπλάσιον,

319 3746 497 3807 τιθεὶς
531 3745 630 3800 τὸν
669 3754 893 3817 σχοῖνον
929 3746 1338 3815 τετταράκοντα
1385 3744 1652 3802 σταδίων·
1718 3747 1859 3815 πρὸς
1902 3745 2215 3818 ὑπερβολὴν
2262 3742 2317 3799 δ’
2361 3742 2605 3814 εἴρηκεν·

320 3816 346 3869 ἐ
379 3814 588 3887 γυτέρω
627 3814 682 3872 δ’
715 3816 830 3871 ἐστὶ
865 3824 964 3886 τῆς
1000 3815 1274 3887 ἀληθείας
1309 3824 1488 3888 μῆκος
1521 3818 1625 3888 μὲν
1651 3817 1869 3874 θέσθαι
1904 3818 1968 3872 τὸ
2005 3814 2103 3871 ὑπ’
2138 3813 2357 3872 ἐκείνου
2385 3814 2607 3886 λεχθέν,

319 3836 477 3957 εἶρος
514 3888 577 3943 δὲ
615 3888 678 3944 τὸ
723 3887 884 3957 ”μισυ
924 3886 952 3905 “
995 3894 1171 3961 μικρῷ
1207 3891 1415 3944 πλεῖον.

492 3962 553 4017 fl·
593 3960 675 4029 Of·
791 3960 896 4016 abo
921 3908 1037 4015 &I
1063 3965 1116 4028 1,
1144 3966 1180 4015 5
1207 3978 1267 4031 Ρ.
1299 3964 1421 4016 491.

326 4080 435 4087 —--

493 4156 563 4243 3,
614 4167 714 4224 12.
761 4164 928 4225 fusae
966 4182 1002 4233 ς
1047 4183 1250 4225 russas
1299 4165 1475 4239 (eod.)
1505 4164 1731 4249 M(‹m.)
1925 4166 2025 4223 15.
2073 4165 2304 4224 alioM

492 4245 566 4331 4,
618 4255 716 4312 16.
763 4273 802 4313 a.
845 4254 965 4313 cod.
994 4245 1193 4315 Leia?
1217 4257 1284 4313 in
1318 4272 1438 4313 ras.
1485 4253 1563 4313 ad
1599 4273 1635 4321 ς
1776 4256 1874 4313 17.
1924 4256 2276 4314 commercio
2312 4254 2472 4314 codd.
2502 4272 2606 4315 em

320 4342 612 4417 Deticfsen
795 4344 894 4401 18.
945 4360 1062 4402 σοι.
1087 4344 1404 4403 Pinticmus
1441 4361 1518 4401 cn
1546 4343 1707 4404 codd.
