3234 5034
350 1489 448 1542 Ex.
472 1487 536 1542 fr.
561 1493 627 1542 12

484 2381 552 2434 fr.
583 2385 615 2432 3

672 335 800 402 102
1398 335 1457 392 G.
1495 327 1813 394 LICINIVS
1850 332 2226 394 MVOIANVS

850 500 919 570 2.
968 507 1123 568 Plin.
1162 525 1221 568 n.
1251 509 1308 568 h.
1339 506 1561 567 [1159
1604 505 1782 568 Aliud
1833 505 2188 568 miraculum
2239 525 2270 566 a
2309 503 2536 565 Circeis
2588 503 2760 584 palus
2795 504 2960 566 Pom-

669 605 835 684 ptina
881 612 990 685 est,
1038 623 1214 684 quem
1263 604 1469 690 locum-
1506 619 1710 666 XXIIII
1755 605 1998 666 urbium
2045 605 2229 665 fuisse
2267 602 2573 664 Mucianus
2620 610 2715 663 ter
2759 602 2960 664 consul

668 701 946 783 prodidit.
1919 779 1932 796 ·

849 795 916 864 3.
967 803 1122 864 Plin.
1170 821 1227 864 n.
1265 805 1323 864 h.
1362 803 1404 862 I
1412 805 1465 863 V
1494 803 1583 863 66
1644 801 1842 881 Longe
1900 801 2228 862 clarissima
2284 809 2343 862 et
2397 798 2715 881 Cycladum
2771 799 2964 860 media

670 918 740 960 ac
798 899 1018 981 templo
1063 899 1351 980 Apollinis
1411 908 1472 962 et
1526 908 1792 962 mercatu
1849 899 2145 962 celebrata
2191 898 2382 978 DeloS,
2437 917 2588 978 quae
2659 898 2762 961 diu
2821 898 2961 960 fluc-
3007 920 3030 962 ε

670 1006 847 1077 tuata,
894 1006 963 1060 ut
1006 997 1295 1079 proditur,
1351 998 1475 1062 sola
1524 1006 1749 1060 motum
1798 1006 1994 1060 terrae
2049 1017 2169 1058 non
2215 1001 2402 1060 sensit
2447 996 2520 1058 ad
2564 996 2638 1058 M.
2684 997 2962 1059 Varronis

670 1105 941 1159 aetatem.
1034 1096 1341 1159 Mucianus
1387 1097 1648 1178 prodidit
1693 1096 1787 1158 bis
1834 1115 2202 1159 concussam.

851 1189 921 1258 4.
972 1197 1126 1258 Ptin.
1166 1215 1223 1258 n.
1260 1198 1317 1258 h.
1360 1197 1463 1258 IV
1491 1198 1578 1257 67
1627 1195 1831 1275 Syros,
1888 1214 2064 1275 quam
2121 1197 2376 1256 circuitu
2429 1203 2634 1274 patere
2689 1208 2788 1254 xx
2843 1193 2961 1254 mil.

670 1312 826 1373 pass,
872 1293 1265 1374 prodiderunt
1306 1303 1563 1374 uetereS,
1612 1294 1920 1355 Mucianus
1967 1306 2120 1355 CLX.

852 1386 919 1455 5.
987 1395 1143 1454 Plin.
1190 1413 1247 1454 n.
1295 1395 1353 1454 h.
1400 1394 1504 1454 IV
1542 1395 1628 1453 77
1704 1390 1971 1454 Circuitu
2035 1411 2180 1454 uero
2247 1393 2427 1454 totius
2490 1392 2663 1453 Ponti
2735 1392 2964 1452 uiciens
2989 1412 3034 1454 ιο

672 1489 881 1570 semel,
948 1498 1014 1552 ut
1078 1499 1284 1552 auctor
1348 1500 1439 1553 est
1497 1491 1682 1552 Varro
1749 1499 1808 1552 et
1869 1493 1991 1552 fere
2048 1498 2306 1552 ueteres
2399 1489 2595 1570 Nepos
2655 1489 2964 1551 Cornelius

672 1602 846 1651 cccl,
892 1588 1056 1651 milia
1112 1590 1316 1669 adicit,
1372 1589 1782 1651 Artemidorus
1833 1583 2110 1673 liz-xvim!
2161 1603 2364 1650 xv1111
2407 1603 2460 1649 M
2499 1589 2664 1668 facit,
2711 1589 2964 1668 Agrippa

674 1683 877 1770 ΙΧῖΗἸΙ
928 1702 1022 1748 Lx
1068 1688 1208 1767 mil„
1254 1688 1561 1749 Mucianus
1612 1682 1843 1773 'x‘ifffflfl
1893 1703 2038 1749 xxv
2084 1702 2155 1750 M.

849 1781 919 1848 6.
971 1788 1124 1848 Ptin.
1172 1788 1225 1846 V
1253 1789 1339 1848 50
1394 1787 1556 1848 Inter
1610 1788 1948 1849 Arsinoiten
2004 1795 2204 1849 autem
2263 1805 2332 1847 ac
2386 1784 2750 1866 Memphiten
2805 1784 2965 1846 lacus

672 1884 784 1946 suit
830 1885 1083 1946 circuitu
1124 1898 1255 1946 CCL
1284 1899 1337 1944 M
1374 1904 1658 1965 passuum
1695 1894 1814 1965 aut,
1855 1894 1922 1946 ut
1967 1885 2274 1946 Mucianus
2315 1883 2509 1964 tradit,
2559 1897 2780 1944 000οι
2810 1898 2864 1944 M
2908 1891 2967 1944 et
2990 1901 3034 1942 ιε

670 1981 997 2045 altitudinis
1046 1997 1088 2043 L
1136 2001 1445 2064 passuum,
1501 2003 1679 2046 manu
1729 1985 1944 2064 sactuS,
2004 2003 2037 2045 a
2082 2002 2224 2064 rege
2271 1985 2373 2064 qui
2420 1983 2644 2044 fecerat
2690 1981 2966 2044 Moeridis

670 2081 1015 2162 appellatus
2115 2143 2120 2148 .

854 2174 919 2243 7.
970 2182 1123 2241 Plin.
1171 2200 1229 2241 n.
1276 2183 1333 2242 h.
1378 2182 1433 2239 V
1459 2180 1548 2242 83
1614 2180 1688 2242 Et
1755 2180 1826 2243 de
1881 2180 2184 2261 Euphrate
2246 2180 2360 2242 hoc
2424 2182 2486 2242 in
2549 2181 2679 2242 loco
2749 2179 2966 2240 dixisse

672 2279 1043 2359 aptissimum
1086 2279 1283 2340 suerit.
1349 2281 1543 2340 oritur
1585 2281 1651 2340 in
1688 2279 2066 2360 praefectura
2092 2281 2408 2342 Armeniae
2446 2281 2690 2341 maioris
2727 2278 2964 2339 Carani-

672 2377 812 2456 tide,
857 2384 925 2438 ut
971 2376 1288 2457 prodidere
1336 2396 1407 2439 ex
1462 2379 1538 2438 iis
1584 2381 1689 2458 qui
1736 2380 2003 2459 proxime
2050 2378 2328 2440 uiderant
2369 2377 2662 2440 Domitius
2709 2375 2966 2438 Corbulo
2993 2392 3040 2432 so

673 2477 735 2537 in
800 2484 1001 2537 monte
1064 2476 1203 2555 Aga,
1268 2475 1533 2538 Licinius
1592 2476 1900 2538 Mucianus
1965 2475 2076 2538 sub
2141 2474 2442 2538 radicibus
2505 2478 2724 2538 montis
2791 2493 2966 2556 quem

673 2573 933 2654 Capoten
980 2574 1252 2654 appellat,
1300 2593 1479 2654 supra
1519 2574 1811 2636 Zimaram
1848 2589 1951 2636 xil
1989 2589 2041 2636 M
2085 2593 2388 2655 passuum,
2435 2576 2606 2636 initio
2642 2574 2968 2654 Pyxurates

672 2674 1027 2734 nominatus.

856 2767 922 2834 8.
973 2773 1128 2834 Ptin.
1176 2791 1233 2832 n.
1281 2774 1339 2833 h.
1391 2772 1444 2830 V
1485 2771 1615 2833 128
1681 2772 1748 2833 ln
1811 2772 2130 2834 Phoenicio
2180 2770 2394 2834 deinde
2459 2773 2612 2834 mari
2676 2779 2770 2832 est
2835 2779 2968 2833 ante

673 2870 855 2950 lopen
899 2870 1088 2949 Paria,
1147 2877 1265 2930 tota
1313 2869 1613 2949 oppidum,
1670 2871 1730 2931 in
1779 2890 1892 2950 qua
1940 2870 2232 2932 obiectam
2278 2870 2488 2932 beluae
2535 2869 2969 2931 Andromedam
2995 2881 3043 2923 π

675 2969 899 3048 ferunt,
958 2976 1017 3028 et
1062 2970 1178 3030 iam
1220 2968 1377 3029 dicta
1403 2967 1656 3048 Arados»,
1692 2971 1853 3030 inter
1897 2988 2072 3049 quam
2122 2977 2182 3029 et
2228 2970 2629 3031 continentem
2679 2981 2724 3028 L
2771 2967 2970 3030 cubita

674 3067 789 3128 alto
838 3069 1005 3145 mari,
1050 3074 1118 3128 ut
1164 3075 1371 3128 auctor
1408 3075 1501 3128 est
1536 3064 1863 3147 MucianuS,
1910 3087 1942 3128 e
1991 3068 2152 3128 fonte
2192 3065 2384 3129 dulcis
2421 3086 2572 3147 aqua
2609 3066 2753 3128 tubo
2793 3069 2970 3128 coriis

675 3165 827 3226 facto
875 3183 1064 3245 usque
1112 3184 1144 3225 a
1189 3164 1343 3226 uado
1389 3165 1664 3227 trahitur.

852 3259 923 3327 9.
973 3266 1128 3326 Plin.
1168 3282 1226 3324 n.
1262 3266 1320 3325 h.
1374 3265 1427 3322 V
1471 3264 1595 3324 132
1645 3262 1761 3326 Sed
1799 3262 2201 3344 pulcherrima
2239 3272 2330 3325 est
2367 3264 2552 3325 libera
2587 3263 2846 3326 Rhodos.
2885 3299 2966 3307 —

678 3360 855 3422 distat
909 3361 981 3422 ab
1036 3361 1389 3424 Alexandria
1444 3361 1692 3442 Aegypti
1740 3375 2063 3422 DLxxxnl
2111 3376 2182 3440 M,
2227 3371 2296 3424 ut
2339 3361 2602 3424 Isidorus
2650 3361 2850 3442 tradit,
2903 3370 2968 3423 ut
2993 3377 3044 3418 σο

676 3459 1099 3522 Eratosthenes
1149 3473 1547 3521 ccechxvm
1592 3474 1663 3540 M,
1709 3467 1778 3520 ut
1821 3459 2130 3521 Mucianus
2167 3474 2234 3540 D,
2282 3479 2313 3521 a
2362 3460 2553 3541 Cypro
2603 3474 2880 3522 CLXXVI.

860 3553 970 3621 10.
1020 3561 1173 3620 Plin.
1212 3578 1270 3620 n.
1308 3560 1364 3619 h.
1419 3559 1544 3618 VII
1571 3559 1663 3619 36
1708 3558 1790 3618 Ex
1841 3558 2078 3619 feminis
2126 3561 2343 3630 mutari
2389 3561 2451 3620 in
2489 3577 2686 3620 mares
2724 3577 2843 3621 non
2881 3569 2962 3620 est

676 3656 1025 3719 fabulosum.
1075 3691 1154 3699 —
1208 3656 1472 3717 Licinius
1518 3655 1825 3717 Mucianus
1871 3652 2133 3735 prodidit
2178 3659 2374 3718 uisum
2414 3677 2444 3718 a
2493 3676 2558 3718 se
2605 3657 2779 3735 Argis
2831 3659 2966 3718 Are·

677 3764 960 3834 scontem,
998 3757 1091 3815 cui
1134 3773 1347 3816 nomen
1388 3755 1716 3815 Arescusae
1755 3756 1956 3833 fuisse,
1995 3756 2269 3835 nupsisse
2309 3757 2504 3834 etiam,
2550 3774 2684 3816 mox
2727 3755 2965 3816 barbam

678 3860 736 3913 et
783 3852 1129 3914 uirilitatem
1184 3855 1534 3932 prouenisse
1591 3871 1956 3932 uxoremque
2020 3853 2286 3935 duxisse3
2353 3852 2618 3915 eiusdem
2676 3857 2856 3915 sortis
2910 3862 2968 3914 et
2991 3877 3040 3918 ιε

678 3950 966 4030 Zmyrnae
1012 3969 1265 4030 puerum
1312 3971 1345 4012 a
1392 3970 1458 4012 se
1502 3952 1721 4012 uisum.

677 4065 920 4072 ———-

859 4113 915 4168 7.
966 4113 1085 4168 Vid.
1119 4115 1332 4169 Corbul.
1361 4116 1432 4182 fr.
1464 4119 1513 4168 3.

856 4183 915 4240 8.
958 4185 1039 4252 Of.
1069 4185 1265 4241 Strabo
1306 4186 1463 4241 XVI
1490 4191 1547 4252 2,
1576 4191 1645 4241 13
1673 4204 1733 4256 p.
1767 4191 1889 4242 754.

859 4328 927 4415 2,
981 4340 1032 4394 1.
1071 4337 1342 4412 pomtina.
1370 4337 1678 4398 ood.Leid.
1866 4330 1975 4416 10,
2024 4339 2126 4397 33.
2174 4339 2524 4398 aristontem
2560 4341 2723 4400 codd.
