3234 5034
925 314 1024 371 DE
1061 313 1306 372 GENTE
1343 313 1604 371 POPVLI
1644 312 1933 371 ROMANI
2500 312 2582 381 19

294 492 460 563 gente
507 486 722 563 finiuit,
771 504 844 545 ex
889 487 1202 546 occasione
1247 484 1653 562 historiarum,
1700 501 1851 564 quae
1898 502 1997 545 res
2042 486 2341 545 ueraciter
2385 492 2582 563 gestas

293 586 616 661 continent,
673 584 754 644 ita
811 590 949 644 sunt
1001 584 1259 661 ingeniis
1313 578 1629 643 hominum
1678 582 1875 661 fictae,
1922 588 1989 643 ut
2034 600 2154 643 non
2203 584 2323 643 sint
2370 600 2581 662 oppro-

291 679 431 741 briis
469 684 786 743 numinum
833 680 1074 743 adfixae.

492 772 666 827 Porro
715 776 906 827 autem
951 772 1292 843 quicumque
1338 771 1618 827 finxerunt
1664 788 1698 827 a
1741 770 1875 827 Ioue
1931 772 2005 828 ad
2051 774 2309 843 stuprum
2356 774 2583 843 raptum

241 872 264 912 5
354 852 794 923 pulcherrimum
829 870 1068 925 puerum
1096 852 1498 923 Ganymedem,
1536 854 1687 923 quod
1726 852 1887 907 nefas
1922 870 2021 907 rex
2049 852 2323 907 Tantalus
2362 852 2499 907 fecit
2527 854 2587 907 et

353 933 474 987 Ioui
520 932 719 989 fabula
765 934 984 1001 tribuit,
1032 932 1124 989 uel
1161 932 1386 989 Danaes
1431 950 1536 1003 per
1574 932 1810 989 imbrem
1861 949 2093 989 aureum
2131 932 2419 1003 adpetisse
2456 949 2585 987 con-

355 1014 626 1083 cubit-um,
661 1014 763 1069 ubi
789 1013 1142 1085 intellegitur
1167 1014 1450 1084 pudicitia
1477 1012 1730 1069 mulieris
1760 1030 1895 1068 auro
1924 1014 2098 1069 fuisse
2128 1015 2409 1083 corrupta,
2439 1030 2585 1083 quae

353 1093 466 1148 illis
501 1095 856 1165 temporibus
891 1094 984 1149 uel
1021 1094 1177 1149 facta
1211 1094 1306 1148 uel
1342 1093 1476 1149 ficta
1516 1095 1649 1147 sunt
1685 1096 1787 1148 aut
1820 1093 1977 1149 facta
2006 1092 2077 1149 ab
2108 1092 2239 1148 aliis
2267 1096 2326 1148 et
2353 1094 2487 1148 ficta
2514 1094 2585 1147 de

351 1173 502 1243 Ioue,
541 1174 658 1229 dici
693 1190 806 1229 non
841 1177 1034 1245 potest
1070 1178 1346 1245 quantum
1383 1172 1522 1229 mali
1559 1175 1630 1229 de
1666 1174 1959 1229 hominum
1994 1174 2439 1243 praesumserint
2466 1190 2583 1228 cor-

219 1275 264 1315 ιο
355 1255 540 1321 dibus,
578 1255 732 1323 quod
769 1257 999 1325 possent
1035 1255 1148 1309 ista
1183 1256 1467 1325 patienter
1502 1254 1649 1311 ferre
1677 1254 1989 1323 mendacia,
2018 1271 2165 1325 quae
2192 1256 2383 1309 tamen
2410 1254 2583 1309 etiam

352 1334 596 1390 libenter
641 1334 889 1405 amplexi
934 1339 1092 1401 sunt3
1150 1336 1248 1405 qui
1293 1337 1493 1404 utique
1539 1338 1752 1406 quanto
1810 1336 2069 1391 deuotius
2124 1334 2317 1390 Iouem
2372 1334 2583 1402 colunt,

352 1417 514 1469 tanto
561 1430 685 1482 eos,
731 1415 828 1485 qui
875 1415 1016 1471 haec
1062 1415 1132 1469 de
1169 1416 1270 1471 fflo
1310 1417 1497 1471 dicere
1533 1416 1659 1470 ausi
1698 1418 1845 1483 sunt,
1882 1416 2133 1471 seuerius
2169 1415 2373 1485 punire
2411 1413 2585 1469 debu-

353 1498 531 1550 erunt.
563 1528 634 1537 —
671 1495 776 1549 His
811 1496 1162 1567 temporibus
1189 1496 1408 1552 Latona
1435 1496 1757 1567 Apollinem
1794 1496 2031 1566 peperit,
2068 1511 2181 1549 non
2214 1494 2397 1562 illum,
2425 1494 2585 1550 cuius

354 1576 582 1631 oracula
640 1575 817 1631 solere
875 1576 1090 1631 consuli
1147 1578 1403 1647 superius
1459 1576 1855 1646 loquebamur,
1912 1576 2011 1631 sed
2066 1574 2246 1643 illum,
2302 1576 2401 1644 qui
2458 1592 2585 1629 cum

219 1675 263 1715 ιι
355 1656 596 1711 Hercule
655 1657 893 1712 sei-uiuit
945 1658 1212 1725 Admet0,
1277 1657 1375 1727 qui
1431 1660 1625 1711 tamen
1686 1656 1767 1712 sic
1832 1660 1919 1711 est
1982 1656 2120 1709 deus
2185 1656 2458 1723 creditus,
2520 1658 2589 1710 ut

352 1737 583 1807 plurimi
621 1753 688 1791 ac
725 1753 906 1808 paene
944 1754 1136 1793 omnes
1173 1755 1346 1792 unum
1383 1738 1738 1807 eundemque
1775 1735 2099 1807 Apollinem
2138 1736 2313 1789 fuisse
2352 1736 2586 1805 opinen-

353 1820 460 1872 tur.
533 1822 671 1872 tunc
722 1822 780 1873 et
830 1818 998 1873 Liber
1046 1821 1211 1888 pater
1257 1816 1498 1875 bellauit
1543 1818 1602 1871 in
1650 1816 1840 1885 India,
1887 1816 1987 1886 qui
2031 1815 2241 1871 multas
2288 1815 2492 1870 habuit
2526 1816 2587 1869 in

353 1898 606 1953 exercitu
659 1898 925 1965 feminas,
977 1915 1124 1968 quae
1173 1898 1431 1953 Bacchae
1483 1896 1806 1969 appellatae
1852 1899 2007 1963 sunt,
2054 1913 2165 1951 non
2214 1898 2333 1951 tam
2373 1896 2586 1951 uirtute

353 1978 576 2035 nobiles
613 1994 784 2048 quam
821 1978 1022 2033 furore.
1089 1978 1270 2048 aliqui
1307 1994 1442 2034 sane
1479 1982 1540 2033 et
1573 1977 1791 2032 uictum
1828 1976 2084 2032 scribunt
2119 1976 2291 2031 istum
2323 1976 2587 2032 Liberum

217 2078 262 2117 ιο
356 2062 415 2114 et
459 2060 746 2127 uinctum,
791 2057 1048 2113 nonnulli
1095 2061 1154 2113 et
1198 2059 1442 2113 occisum
1491 2058 1550 2113 in
1586 2074 1782 2129 pugna
1820 2074 1853 2111 a
1890 2057 2091 2113 Perseo
2135 2073 2239 2111 nec
2273 2056 2375 2111 ubi
2414 2056 2588 2111 fuerit

355 2139 614 2209 sepultus
651 2140 860 2205 tacent,
896 2140 958 2194 et
991 2141 1182 2193 tamen
1220 2139 1342 2195 eius
1378 2138 1540 2194 uelut
1577 2139 1671 2194 dei
1707 2137 1933 2193 nomine
1970 2154 2072 2207 per
2111 2138 2413 2191 inmundos
2456 2136 2588 2191 dae-

353 2236 548 2275 mones
603 2218 984 2274 Bacchanalia
1039 2236 1200 2274 sacra
1247 2219 1341 2275 uel
1391 2219 1581 2289 potius
1634 2218 1933 2291 sacrilegia
1985 2222 2117 2271 sunt
2170 2218 2463 2284 instituta,
2516 2217 2587 2272 de

353 2317 595 2369 quorum
630 2300 860 2354 rabiosa
893 2299 1250 2370 turpitudine
1283 2304 1414 2371 post
1447 2302 1570 2354 tam
1603 2298 1814 2355 multos
1852 2314 2029 2353 annos
2066 2298 2149 2353 sic
2196 2300 2425 2353 senatus
2464 2313 2587 2351 eru-

355 2380 498 2449 buit,
537 2382 606 2434 ut
640 2380 702 2435 in
746 2381 887 2435 urbe
923 2380 1104 2435 Roma
1145 2396 1269 2437 esse
1305 2380 1645 2451 prohiberet.
1718 2397 1822 2450 per
1858 2394 1926 2435 ea
1962 2382 2221 2449 tempora
2257 2377 2492 2435 Perseus
2531 2380 2591 2431 et

215 2478 262 2519 25
351 2478 496 2516 uxor
541 2462 664 2517 eius
711 2461 1070 2517 Andromeda
1115 2464 1487 2531 posteaquam
1534 2463 1667 2515 sunt
1714 2460 1950 2526 mortui,
1998 2459 2079 2514 sic
2125 2474 2221 2514 eos
2272 2458 2332 2513 in
2369 2456 2588 2515 caelum

354 2544 615 2611 receptos
662 2557 784 2597 esse
831 2540 1208 2609 crediderunt,
1255 2544 1320 2595 ut
1363 2542 1643 2613 imagines
1690 2558 1883 2597 eorum
1930 2538 2111 2595 stellis
2158 2539 2459 2611 designare
2495 2554 2587 2593 eo-

355 2638 594 2693 rumque
631 2620 924 2691 appellare
959 2621 1280 2676 nominibus
1317 2638 1430 2675 non
1467 2621 1877 2688 erubescerent,
1916 2638 2029 2675 non
2064 2618 2344 2675 timerent.

501 2706 572 2769 (c.
603 2706 716 2771 14.)
771 2698 880 2756 Per
915 2702 1067 2757 idem
1109 2702 1382 2772 temporis
1428 2700 1793 2757 interuallum
1840 2700 2179 2756 exstiterunt
2222 2702 2452 2770 poetae,
2490 2699 2589 2767 qui

356 2782 534 2837 etiam
580 2780 833 2853 theologi
881 2782 1225 2849 dicerentur,
1273 2783 1542 2851 quoniam
1590 2783 1661 2837 de
1708 2781 1819 2837 diis
1856 2779 2109 2837 carmina
2144 2779 2449 2844 faciebant,
2488 2780 2589 2835 sed

215 2879 264 2919 so
356 2862 572 2917 talibus
601 2862 708 2930 dis,
727 2862 826 2931 qui
853 2861 992 2917 licet
1017 2863 1210 2935 magni
1239 2862 1516 2933 homines,
1541 2864 1737 2918 tamen
1764 2862 2019 2917 homines
2046 2860 2276 2915 fuerunt
2302 2864 2391 2931 (-
2420 2876 2525 2915 nec
2554 2876 2588 2915 a

355 2942 618 2998 fabuloso
655 2942 888 2997 deorum
925 2958 1154 2997 suorum
1191 2944 1464 2999 dedecore
1502 2943 1677 2998 etiam
1705 2942 1816 3013 ipsi
1845 2958 1905 2996 se
1935 2941 2218 2997 abstinere
2245 2944 2589 3012 potuerunt),

357 3023 644 3094 Orpheus,
690 3020 981 3090 Musaeus,
1027 3022 1214 3077 Linus.
1279 3040 1477 3078 uerum
1513 3022 1610 3078 isti
1656 3021 1907 3093 theologi
1946 3023 2081 3077 deos
2128 3022 2439 3089 coluerunt,
2475 3038 2587 3076 non

353 3121 458 3176 pro
487 3104 578 3158 dis
617 3102 759 3158 culti
794 3107 944 3171 sunt,
980 3103 1241 3173 quamuis
1271 3102 1554 3175 Orpheum
1581 3104 1773 3159 nescio
1800 3120 1912 3174 quo
1940 3104 2107 3158 modo
2144 3102 2380 3158 infernis
2414 3102 2587 3157 sacris

355 3185 451 3240 uel
487 3184 680 3256 potius
719 3184 1030 3256 sacrilegiis
1065 3184 1373 3254 praeficere
1409 3184 1590 3241 soleat
1627 3185 1831 3239 ciuitas
1868 3185 2165 3253 inpiorum.
2220 3201 2362 3238 uxor
2399 3186 2586 3238 autem

215 3280 262 3320 ⁸5
353 3266 510 3337 regis
547 3264 928 3330 Athamantis,
965 3281 1111 3334 quae
1147 3264 1462 3319 uocabatur
1495 3264 1612 3333 luo,
1652 3267 1711 3319 et
1746 3264 1867 3321 eius
1896 3264 2045 3319 filius
2073 3263 2391 3321 Melicertes
2428 3280 2587 3334 prae·

357 3346 560 3416 cipitio
607 3348 918 3417 spontaneo
964 3346 1025 3399 in
1069 3346 1212 3399 mari
1258 3346 1548 3415 perierunt
1590 3348 1651 3401 et
1697 3345 1961 3415 opinione
2005 3345 2297 3400 hominum
2342 3343 2401 3399 in
2454 3345 2587 3399 deos

355 3426 528 3481 relati
573 3430 731 3491 sunt,
779 3426 926 3481 sicut
976 3426 1078 3480 alii
1121 3425 1378 3481 homines
1425 3442 1616 3481 eorum
1662 3428 2005 3497 temporum,
2042 3424 2242 3481 Castor
2276 3428 2335 3481 et
2371 3424 2585 3479 Pollux.

355 3506 520 3562 illam
569 3522 704 3561 sane
748 3505 1056 3562 Melicertis
1101 3508 1338 3561 matrem
1387 3506 1765 3561 Leucotheam
1803 3506 2029 3574 Graeci,
2078 3506 2357 3560 Matutam
2397 3506 2587 3560 Latini

355 3590 724 3654 uocauerunt,
760 3587 988 3655 utrique
1023 3590 1214 3642 tamen
1249 3580 1518 3657 putantes
1555 3587 1737 3642 deam.

447 3700 714 3707 -.-.-..-.—-

468 3772 555 3820 21.
589 3766 672 3833 Of.
695 3768 930 3837 August.
954 3766 1019 3820 dc
1044 3782 1088 3821 c.
1110 3764 1162 3819 d.
1197 3767 1284 3821 VI
1304 3770 1340 3821 9
1378 3764 1470 3819 Sic
1498 3764 1881 3820 Bacchanalia
1908 3780 2126 3819 summa
2154 3764 2589 3821 celebrabantur

287 3836 530 3905 insania,
549 3836 649 3892 ubi
679 3836 885 3891 Varro
913 3835 1036 3907 ipse
1066 3836 1366 3892 confitetur
1385 3854 1420 3891 a
1439 3836 1856 3891 Bacchantibus
1884 3835 2030 3891 talia
2058 3835 2179 3891 fieri
2200 3855 2312 3892 non
2332 3837 2586 3907 potuisse

287 3908 656 4037 ἓὲεέαωίἶηεξῗῂ
684 3911 980 4034 &lami-qt&
1028 3908 1170 3963 haec
1203 3912 1397 3963 tamen
1433 3911 1635 3979 postea
1672 3907 2081 3979 displicuerunt
2117 3909 2340 3963 senatui
2378 3908 2589 3963 saniori

293 4086 609 4093 --—-—-.———--..—
629 4086 696 4093 —-
725 4085 772 4091 -—

473 4153 574 4210 12.
621 4150 693 4210 de
738 4149 846 4208 illo
892 4168 1024 4209 cum
1060 4170 1094 4229 ρ
1141 4164 1256 4208 om.
1294 4150 1586 4208 Dombart
1783 4152 1881 4207 14.
1928 4168 2107 4225 quem
2154 4168 2287 4208 cum
2334 4148 2588 4209 Hercule

289 4241 494 4299 ferunt
555 4238 802 4299 Admeti
863 4238 1020 4318 regis
1085 4242 1357 4298 armenta
1419 4240 1660 4315 pauisse
1714 4240 1873 4313 uuly.
2102 4240 2203 4301 35.
2250 4238 2588 4299 adamantis

289 4331 454 4391 codd.
481 4334 727 4405 praeter
773 4330 808 4388 b
987 4328 1322 4387 melicertos
1370 4330 1404 4387 b

2093 4427 2162 4487 2.
