3234 5034
587 321 1006 370 chxxxxvm
1081 317 1175 372 DE
1215 317 1678 373 SCRIPTORVM
1718 317 1905 374 vrrls
1940 318 2035 372 ET
2076 315 2390 372 SORIPTIS

583 506 881 567 quemque
929 489 1289 566 nominasse,
1333 494 1402 548 ut
1448 485 1755 565 diligentia
1792 504 1897 546 sua
1936 484 2351 564 gloriarentur,
2397 490 2639 566 praeter
2672 484 2877 546 Onesi·

583 603 775 666 mum,
831 588 1002 648 cuius
1059 584 1299 666 quidem
1363 586 1651 646 memoria
1715 586 1893 646 etiam
1959 583 2115 664 apud
2170 581 2416 646 Suidam
2478 590 2717 646 seruata
2776 589 2879 662 est,

581 702 821 764 eosque,
867 691 935 745 ut
982 686 1159 746 etiam
1207 682 1387 745 fidem
1433 681 1729 763 quandam
1777 689 2081 762 praestare
2137 681 2508 761 uiderentur,
2554 681 2879 761 elegerunt,

581 784 685 862 qui
757 781 964 862 rebus,
1029 800 1178 863 quas
1251 781 1686 861 describerent,
1750 782 2006 842 maxime
2076 779 2353 860 aequales
2426 787 2656 862 essent3
2720 777 2886 841 uelut.

581 879 887 943 Maeonius
924 880 1215 962 Astyanax
1263 879 1510 942 consilio
1549 898 1598 940 a.
1631 875 1781 958 267,
1828 881 1998 940 cuius
2036 881 2338 940 orationes
2382 877 2723 959 rettulerat,
2758 880 2887 960 ipse

584 979 879 1058 interfuit,
945 978 1226 1041 Claudius
1289 978 1683 1056 Eusthenius,
1748 980 1853 1058 qui
1916 977 1990 1038 de
2052 980 2198 1038 uitis
2268 979 2457 1058 ipsius
2519 976 2887 1056 Diocletiani,

583 1076 948 1158 Maximiani,
1015 1076 1262 1158 Galerii,
1326 1076 1657 1139 Constantii
1720 1077 1965 1156 citatur,
2022 1072 2409 1138 ‘Diocletiano
2475 1074 2548 1137 ab
2614 1075 2887 1156 epistulis

585 1173 738 1253 suit’,
785 1182 961 1255 atque
1009 1175 1167 1255 quod
1221 1174 1543 1236 intercedit
1586 1177 1873 1254 temporis
1924 1176 2178 1254 spatium
2218 1177 2377 1236 inter
2403 1173 2743 1255 Vopiscum,
2788 1175 2891 1253 qui

584 1275 740 1335 uitas
787 1292 926 1335 suas
973 1276 1216 1354 scripsit
1261 1293 1311 1336 a.
1350 1269 1725 1352 305—311,
1772 1279 1833 1334 et
1876 1272 2187 1336 Aurelium
2232 1273 2559 1352 Festiuum,
2604 1271 2889 1334 libertum

585 1371 907 1451 Aureliani,
964 1374 1066 1452 qui
1123 1371 1196 1434 de
1251 1372 1452 1433 Firmo
1510 1379 1759 1452 tyranno
1809 1372 2042 1450 citatur,
2095 1371 2444 1433 Suetonium
2490 1369 2892 1450 Optatianum,

587 1472 689 1550 qui
737 1469 810 1531 de
855 1472 978 1531 uita
1024 1469 1232 1551 Taciti,
1279 1470 1528 1532 Fabium
1575 1468 1991 1550 Ceryllianum,
2039 1470 2143 1550 qui
2200 1469 2273 1531 de
2317 1468 2691 1550 temporibus
2738 1468 2891 1547 Cari,

587 1567 806 1648 Carini,
853 1566 1218 1648 Numeriani,
1265 1576 1385 1629 tam
1444 1574 1763 1647 angustum
1814 1576 1922 1648 est,
1976 1575 2044 1629 ut
2099 1569 2279 1630 etiam
2329 1569 2517 1630 ceteri
2562 1569 2893 1648 scriptores

588 1665 663 1727 ad
707 1669 870 1746 ipsas
915 1665 1048 1728 illas
1094 1683 1192 1728 res
1230 1664 1628 1728 retrahantur.

763 1766 943 1844 Atqui
1005 1772 1065 1826 et
1127 1762 1491 1827 Trebellium
1553 1772 1612 1826 et
1668 1764 2013 1845 Vopiscum,
2077 1766 2191 1827 etsi
2256 1781 2434 1843 saepe
2499 1762 2573 1826 de
2639 1764 2894 1825 ueritate

588 1864 872 1925 historiae
921 1860 1423 1943 declamauerunt,
1469 1882 1607 1925 cum
1653 1864 1763 1924 toti
1808 1865 1869 1924 in
1924 1862 2323 1924 adulationem
2376 1861 2895 1942 laudationemque

589 1965 1016 2042 imperatorum
1073 1961 1248 2023 ell'usi
1304 1968 1530 2041 essent,
1587 1963 1767 2024 etiam
1825 1979 1928 2022 eos
1984 1968 2285 2040 auctores,
2342 1963 2446 2041 qui
2490 1978 2635 2022 suae
2682 1977 2895 2022 causae

589 2061 916 2138 seruirent,
971 2077 1094 2121 non
1147 2060 1340 2122 solum
1395 2062 1460 2121 in
1514 2079 1629 2122 usu
1684 2059 1793 2122 sed
1848 2061 2023 2122 etiam
2080 2061 2143 2121 in
2198 2061 2480 2121 citatione
2540 2057 2896 2139 praetulisse

590 2177 699 2240 per
745 2176 810 2220 se
855 2156 1161 2238 probabile
1208 2165 1301 2220 est
1337 2161 1492 2233 (uid.
1522 2158 1641 2221 Die
1679 2160 1903 2236 δἐι-φτ.
1940 2161 1997 2220 h.
2030 2160 2099 2220 Α.
2125 2177 2196 2236 p.
2226 2160 2269 2219 5
2303 2159 2480 2237 sqq),
2526 2155 2709 2237 idque
2758 2175 2894 2218 con·

591 2257 865 2318 firmatur
910 2254 1092 2318 rebus
1138 2255 1211 2318 ad
1259 2274 1465 2319 eorum
1521 2259 1935 2318 auctoritatem
1986 2255 2209 2318 relatis.
2285 2274 2423 2317 nam
2470 2274 2606 2317 cum
2652 2253 2897 2317 Trebel·

591 2354 707 2416 lius
761 2362 1006 2435 propter
1051 2353 1383 2416 Constantii
1435 2355 1703 2416 fauorem
1758 2355 2179 2435 imperatorem
2226 2353 2537 2415 Claudium
2593 2358 2661 2414 ut
2706 2371 2893 2414 unum

595 2471 666 2516 ex
722 2455 851 2513 eius
906 2451 1231 2515 maioribus
1286 2453 1490 2514 uerbis
1547 2455 1673 2514 suis
1719 2455 1782 2514 in
1830 2452 2059 2515 caelum
2110 2451 2363 2532 tolleret,
2410 2449 2788 2531 sequebatur,
2832 2459 2900 2512 ut

594 2559 656 2612 et
702 2548 1060 2630 Gallienum,
1116 2553 1214 2612 cui
1269 2558 1668 2631 successerat,
1724 2569 1844 2612 non
1901 2555 2100 2614 minus
2158 2548 2521 2630 deprimeret
2573 2557 2753 2631 atque
2808 2552 2897 2611 in·

595 2649 844 2711 famaret
898 2655 958 2709 et
1014 2656 1423 2730 tyrannorum,
1480 2651 1583 2730 qui
1642 2657 1847 2711 contra
1904 2669 2042 2712 eum
2102 2650 2423 2729 imperium
2483 2648 2899 2728 arripuissent,

593 2749 851 2808 uirtutes
898 2755 958 2807 et.
1003 2746 1212 2808 laudes
1257 2747 1649 2828 praedicaret.
1714 2747 2019 2810 abundant
2064 2745 2469 2828 exemplorum
2516 2745 2899 2808 multitudine

596 2847 728 2907 eius
775 2846 965 2925 ipsius
1010 2848 1198 2924 uitae,
1245 2846 1351 2908 sed
1397 2849 1514 2908 iam
1562 2845 1859 2909 Palfurius
1907 2846 2087 2927 Sura,
2132 2842 2260 2925 ‘qui
2308 2844 2721 2925 ephemerIdas
2768 2845 2899 2906 Gal·

598 2944 740 3005 lieni
794 2945 954 3004 uitae
1011 2943 1384 3024 composuit’,
1442 2944 1515 3005 ad
1572 2963 1749 3024 quem
1806 2946 1909 3024 qui
1967 2941 2225 3006 ‘cuncta’
2286 2941 2359 3005 de
2414 2961 2485 3004 eo
2540 2945 2700 3004 scire
2754 2943 2903 3005 uelit

599 3041 846 3121 relegat,
903 3049 1214 3122 postquam
1273 3041 1345 3104 de
1401 3042 1669 3105 moribus
1726 3044 1856 3105 eius
1912 3042 2135 3123 largam
2189 3043 2421 3123 copiam
2468 3059 2671 3103 rerum
2720 3041 2900 3102 frino-

598 3140 788 3202 larum
828 3147 894 3202 et
922 3139 1293 3221 uoluptatum
1323 3143 1579 3204 inseruit
1608 3143 1743 3221 (16,
1774 3141 2011 3220 1—18,
2041 3143 2129 3219 5),
2160 3143 2290 3204 eius
2320 3141 2508 3202 famae
2536 3139 2903 3202 obtrectasse

599 3236 858 3317 uidetur,
905 3246 1109 3300 contra
1156 3238 1461 3302 Maeonius
1503 3241 1793 3320 Astyanax
1840 3238 2205 3302 Macrianum
2253 3241 2501 3320 eiusque
2548 3238 2722 3319 filios,
2760 3237 2903 3300 Cor-

600 3335 796 3398 nelius
852 3335 1219 3416 Capitolinus
1275 3336 1607 3400 Odenatum
1668 3338 2105 3419 Zenobiamque
2170 3337 2543 3418 laudauerat,
2606 3336 2905 3418 Dagellius

600 3436 829 3498 Fuscus
865 3435 1172 3498 Tetricum
1209 3438 1524 3518 iuniorem,
1562 3436 1883 3500 Aureolum
1922 3435 2122 3500 Gallus
2158 3437 2485 3517 Antipater,
2514 3455 2547 3497 a
2585 3455 2704 3516 quo
2745 3434 2906 3518 quod

601 3532 938 3595 Trebellius
976 3533 1249 3614 discedit,
1294 3535 1394 3597 hic
1433 3543 1719 3616 tyrannus
1755 3534 1828 3598 ab
1866 3538 1997 3616 ipso
2036 3535 2281 3598 Claudio
2326 3552 2651 3616 oppressus
2696 3542 2809 3596 est.

781 3631 1070 3694 Similiter
1103 3632 1392 3714 Vopiscus
1436 3633 1541 3697 ubi
1577 3633 1963 3697 Aurelianum
2010 3633 2225 3714 laudat,
2262 3652 2336 3695 ex
2373 3633 2685 3696 Callicrate
2724 3633 2904 3714 Tyrio

603 3733 825 3810 omina,
883 3730 1101 3812 quibus
1155 3733 1211 3793 ei
1267 3734 1583 3813 imperium
1640 3733 2125 3813 portenderetur,
2180 3751 2254 3795 ex
2306 3731 2615 3812 Theoclio,
2678 3729 2906 3795 Graeco

605 3830 918 3911 scriptore,
963 3847 1178 3893 uersus
1224 3830 1530 3912 militares,
1580 3831 1797 3912 quibus
1845 3833 1976 3893 eius
2023 3831 2307 3894 fortitudo
2363 3829 2789 3912 celebraretur,
2834 3850 2905 3894 ex

604 3925 963 3990 Nicomacho
1021 3927 1314 3991 Zenobiae
1371 3929 1713 4011 epistulam,
1768 3947 1884 4009 qua
1940 3931 2071 3992 eius
2121 3929 2403 4011 superbia
2448 3929 2907 4010 significaretur,

606 4028 669 4087 in
725 4043 864 4086 suas
917 4028 1076 4088 uitas
1129 4027 1458 4107 transtulit,
1514 4047 1666 4108 quos
1722 4047 1793 4090 ex
1846 4028 1959 4089 hac
2014 4029 2296 4091 societate
2350 4038 2597 4108 propter
2656 4027 2906 4090 eandem

607 4125 898 4208 rationem
945 4143 1044 4186 res
1083 4124 1462 4188 describendi
1509 4125 1826 4189 excludere
1874 4127 2056 4207 nolui,
2102 4145 2174 4188 ex
2213 4125 2451 4188 Aurelio
2488 4125 2751 4206 Festino,
2796 4129 2907 4188 im·

606 4219 900 4302 peratoris
945 4221 1176 4302 liberto,
1224 4242 1411 4303 nugas
1459 4222 1532 4287 de
1576 4225 1778 4286 Firmo
1824 4233 2073 4305 tyranno
2121 4225 2193 4287 ab
2240 4243 2309 4288 eo
2354 4227 2534 4302 uicto,
2581 4231 2787 4286 contra
2833 4225 2907 4286 ad

610 4317 845 4382 laudem
883 4319 1080 4402 Probi,
1118 4321 1276 4402 quod
1311 4330 1381 4384 ut
1417 4323 1719 4405 exemplar
1754 4325 1998 4386 uirtutis
2034 4325 2452 4406 imperatoriae
2486 4321 2909 4388 illustrandum
