3234 5034
649 320 741 383 40
1457 318 1866 375 CORNELIVS
1903 318 2141 375 NEPOS

647 504 1022 567 perseueraS,
1065 504 1299 567 uereor,
1345 504 1422 547 ne
1467 488 1532 547 in
1577 506 1815 549 omnem
1861 490 2047 549 uitam
2098 495 2329 549 tantum
2375 486 2595 548 laboris
2632 486 2805 567 culpa
2850 494 2949 548 tua

649 586 924 665 recipias,
968 586 1058 646 uti
1104 586 1168 645 in
1213 584 1376 646 nullo
1424 592 1691 665 tempore
1739 593 1865 647 tute
1910 586 2021 647 tibi
2066 585 2301 666 placere
2346 587 2558 665 possis,

833 678 998 746 16³³.
1065 684 1226 745 Suet.
1266 686 1344 745 de
1392 701 1650 759 yramm.
1688 692 1749 746 et
1792 687 1945 746 rhet.
1983 685 2072 745 27
2109 686 2208 759 (3)
2243 704 2311 762 p.
2352 685 2484 745 124
2533 684 2633 761 Rs.
2715 683 2950 744 Primus

651 780 746 859 [L.
791 783 1143 844 Voltacilius
1177 780 1519 859 Pimolaus]
1560 784 1825 843 omnium
1863 781 2294 861 libertinorum,
2322 790 2391 843 ut
2417 781 2727 844 Cornelius
2756 780 2951 861 Nepos

649 882 942 959 opinatur,
990 878 1254 940 scribere
1299 879 1606 941 historiam
1654 898 1845 958 orsus„
1892 900 2011 942 non
2057 882 2175 941 nisi
2224 879 2295 941 ab
2344 881 2763 942 honestissimo
2809 900 2951 959 quo-
2976 897 3001 937 5

651 996 768 1058 que
815 977 998 1038 scribi
1045 976 1277 1038 solitam
1323 976 1397 1038 ad
1442 976 1504 1037 id
1552 986 1804 1058 tempus.

833 1069 949 1138 17.
1013 1076 1211 1136 Aaou.
1258 1076 1409 1137 Gud.
1447 1078 1578 1138 cod.
1617 1077 1748 1137 278
1814 1076 2127 1138 Cornelius
2174 1075 2371 1157 Nepos
2426 1080 2487 1137 in
2544 1076 2695 1139 libro
2744 1075 2814 1138 de
2862 1050 2952 1137 hi·

650 1174 890 1235 storicis
956 1173 1183 1234 Latinis
1251 1172 1322 1233 de
1387 1173 1560 1235 laude
1622 1174 1954 1236 Ciceronis,
2012 1174 2143 1236 Non
2198 1178 2473 1255 ignorare
2531 1174 2711 1237 debes
2764 1194 2951 1237 unum

648 1271 764 1333 hoc
810 1290 999 1350 genus
1046 1271 1389 1333 Latinarum
1437 1273 1768 1335 litterarum
1816 1272 2007 1335 adhuc
2053 1291 2173 1334 non
2216 1274 2391 1336 modo
2428 1291 2549 1335 non
2592 1273 2951 1355 respondere

651 1368 934 1431 Graeciae
991 1368 1096 1431 sed
1151 1372 1392 1431 omnino
1448 1370 1597 1433 rude
1655 1379 1829 1451 atque
1874 1372 2217 1434 inchoatum
2270 1380 2461 1434 morte
2508 1372 2811 1433 Ciceronis
2862 1390 2953 1433 re·
2980 1386 3029 1429 1ο

649 1468 878 1530 lictum.
953 1466 1056 1529 ille
1103 1470 1262 1529 enim
1309 1469 1423 1529 fuit
1463 1486 1640 1550 unuS,
1688 1471 1791 1550 qui
1836 1473 2097 1549 potuerit
2142 1479 2203 1531 et
2246 1473 2423 1531 etiam
2463 1470 2737 1531 debuerit
2768 1470 2953 1531 histo·

653 1569 802 1627 riam
859 1565 1034 1645 digna
1090 1584 1238 1627 uoce
1293 1568 1705 1647 pronuntiare,
1761 1570 1981 1648 quippe
2026 1571 2128 1649 qui
2185 1572 2499 1630 oratoriam
2556 1569 2953 1648 eloquentiam

652 1664 862 1727 rudem
909 1684 942 1725 a
987 1664 1314 1726 maioribus
1361 1674 1660 1746 acceptam
1706 1666 2111 1746 perpoliuerig
2156 1667 2587 1747 philosophiam
2634 1674 2767 1728 ante
2814 1685 2953 1727 eum

649 1764 1014 1843 incomptam
1061 1762 1332 1825 Latinam
1380 1782 1487 1825 sna
1534 1763 1919 1825 conformarit
1964 1766 2247 1826 oratione.
2312 1784 2385 1825 ex
2432 1784 2550 1845 quo
2598 1763 2819 1843 dubito,
2866 1766 2955 1825 in-

653 1862 835 1922 teritu
881 1862 1012 1921 eius
1057 1868 1260 1923 utrum
1308 1880 1406 1923 res
1451 1861 1689 1941 publica
1716 1880 1811 1943 ‘an
1857 1862 2105 1923 historia
2149 1865 2338 1943 magis
2386 1862 2593 1925 doleat.
2634 1896 2717 1907 ·-
2763 1862 2955 1923 Idem:
2982 1879 3028 1919 u

653 1957 945 2039 Locuples
993 1978 1061 2020 ac
1109 1958 1310 2020 diuina
1355 1968 1584 2039 natura,
1624 1979 1741 2039 quo
1778 1963 2063 2022 maiorem
2102 1964 2194 2023 sui
2232 1969 2469 2042 pareret
2504 1960 2955 2022 admirationem

652 2056 1186 2137 ponderatim-aque
1243 2076 1350 2119 sua
1405 2066 1608 2119 essent
1662 2058 1967 2137 beneficia,
2020 2078 2216 2139 neque
2260 2062 2367 2121 uni
2412 2061 2610 2121 omnia
2657 2058 2793 2120 dare
2846 2076 2957 2119 nec

655 2173 867 2217 rursus
914 2157 1190 2236 cuiquam
1237 2157 1436 2217 omnia
1480 2156 1673 2218 uoluit
1714 2175 1951 2235 negare.

837 2248 925 2315 18
938 2252 1001 2316 ²⁸.
1050 2256 1214 2316 Suet.
1245 2257 1322 2316 de
1352 2272 1608 2331 yramm.
1639 2262 1698 2316 et
1734 2258 1886 2316 rhet.
1917 2256 1960 2315 4
1982 2274 2051 2332 p.
2082 2257 2213 2317 103
2250 2256 2353 2333 Rs.
2400 2255 2711 2316 Cornelius
2758 2253 2955 2334 Nepos

655 2350 870 2430 libello,
925 2370 1041 2432 quo
1099 2350 1410 2431 distinguit
1455 2353 1779 2414 litteratum
1837 2351 1909 2414 ab
1956 2352 2206 2432 erudito,
2256 2353 2545 2415 litteratos
2599 2352 2779 2431 uulgo
2826 2354 2954 2432 qui-
2980 2368 3029 2409 ω

657 2448 791 2511 dem
837 2450 1120 2530 appellari
1167 2452 1250 2511 ait
1294 2469 1414 2531 eos,
1461 2453 1564 2531 qui
1612 2450 1928 2530 diligenter
1972 2451 2194 2532 aliquid
2241 2458 2301 2512 et
2354 2459 2523 2512 acute
2578 2453 2955 2531 scienterque

655 2550 891 2627 possint
944 2557 1044 2610 aut
1099 2547 1298 2610 dicere
1335 2556 1456 2610 “aut
1501 2549 1793 2630 scrihere,
1841 2556 2106 2611 ceterum
2158 2550 2395 2630 proprie
2442 2552 2530 2610 sic
2576 2547 2955 2629 appellandos

659 2654 967 2725 poetarum
1013 2648 1390 2727 interpreteS,
1437 2650 1540 2727 qui
1587 2668 1618 2707 a
1668 2646 1909 2709 Graecis
1955 2649 2324 2728 grammatici
2367 2649 2767 2709 nominentur.

1387 2844 1492 2901 EX
1539 2844 1805 2946 13113RIS
1850 2844 2223 2905 INCERTIS

842 2977 908 3047 l.
983 2984 1219 3045 Charis,
1260 2986 1302 3045 I
1325 3004 1393 3062 p.
1434 2986 1561 3045 101
1611 2986 1689 3046 K.
1756 2984 2073 3065 Largitudo
2129 3004 2422 3065 nusquam
2479 2988 2788 3047 inuenitur
2842 2987 2957 3046 nisi

659 3081 813 3161 apud
861 3080 1165 3161 Nepotem.
2982 3100 3027 3138 2⁵

838 3174 904 3241 2.
968 3181 1060 3242 De
1106 3182 1243 3241 dub.
1282 3198 1436 3242 nom.
1491 3183 1544 3239 V
1567 3202 1636 3260 p.
1676 3182 1808 3242 576
1853 3184 1928 3243 K.
1994 3181 2266 3244 Culmum
2324 3184 2561 3262 generis
2621 3184 2839 3263 neutri,
2894 3190 2958 3241 ut

659 3278 856 3358 Nepos
901 3278 1045 3339 uult.

839 3449 937 3506 16.
984 3449 1105 3503 Vid.
1137 3450 1178 3503 I
1200 3466 1256 3519 p.
1293 3472 1496 3505 eccum.

838 3521 936 3577 18.
993 3522 1090 3575 Ex
1117 3522 1470 3590 praefatione
1516 3522 1647 3578 libri
1681 3525 1747 3578 de
1785 3525 2177 3595 yrammaticie,
2214 3530 2275 3578 ut
2310 3524 2545 3579 uidetur.
2611 3524 2727 3579 Leo
2765 3525 2953 3594 Bioqr.

656 3612 711 3663 p.
742 3598 852 3649 193
885 3594 1034 3648 hume
1071 3594 1310 3649 libellum
1347 3595 1414 3648 ab
1451 3595 1761 3651 illuso-abus
1796 3596 1940 3651 uiris
1974 3596 2215 3653 coemit.

841 3780 900 3837 2.
944 3780 1010 3838 111
1054 3778 1203 3839 delet
1237 3777 1424 3839 Halm

846 3860 1462 3947 16,4.V01ta0i11us
1500 3870 1653 3929 Roth
1690 3888 1759 3931 ex
1792 3872 1985 3931 indice
2022 3878 2073 3931 et
2109 3872 2467 3947 Hieronymo
2514 3871 2820 3931 oltacilius
2866 3871 2956 3929 uel

663 3957 972 4017 octacilius
1034 3958 1130 4017 uel
1184 3956 1462 4017 otacilius
1517 3960 1657 4019 libri
1710 3960 2025 4021 Pitholaus
2081 3961 2263 4021 Hertz
2306 3979 2453 4021 mus.
2492 3962 2677 4021 Rhea.
2720 3959 2964 4019 XLIII

653 4064 718 4121 p.
747 4048 880 4106 312
1028 4048 1260 4124 pilutus
1305 4048 1444 4107 libri
1488 4048 1697 4109 Plotus
1734 4050 2133 4125 Hieronymus

846 4127 962 4214 17,
1014 4138 1112 4195 14.
1159 4136 1560 4196 conformauit
1604 4140 1873 4200 oratione
1919 4141 2039 4199 cod.
2078 4158 2182 4200 em.
2212 4139 2545 4214 Heusinqer
2728 4140 2953 4199 16.10-

663 4225 876 4302 cuplex
919 4226 1040 4285 cod.
1070 4243 1174 4286 em.
1203 4227 1536 4301 Hmmqer

847 4306 916 4394 2,
965 4316 1067 4375 26.
1116 4313 1358 4376 Culmus
1387 4320 1440 4375 et
1463 4335 1652 4394 nepus
1698 4317 1860 4377 codd.
1896 4318 2110 4377 Keilii.
