3234 5034
851 317 1138 375 DEC'VLO
1177 351 1242 361 -
1282 316 1730 375 PESCENNIVS
1766 316 2037 373 FESTVS
2470 317 2595 384 159

295 507 404 549 suo
461 496 686 568 uotam,
744 506 775 548 a
830 486 1012 548 Fabio
1057 487 1288 550 Vestale
1342 487 1634 568 proditur.
1708 487 1814 548 sed
1870 505 2062 567 neque
2130 487 2267 546 facti
2330 485 2599 567 horologi

294 589 586 648 rationem
651 586 749 648 uel
814 587 1102 648 artificem
1169 587 1464 665 significat
1527 604 1639 646 nec
1702 585 1862 647 unde
1939 585 2287 646 translatum
2352 587 2431 645 sit
2494 592 2596 646 aut

293 685 452 766 apud
500 703 678 764 quem
725 687 1015 764 scriptum
1060 683 1124 746 id
1170 686 1488 746 inuenerit.

1257 915 1630 990 DECVLO

472 1072 536 1141 l.
596 1080 750 1140 Ptin.
789 1097 847 1140 n.
883 1080 941 1140 h.
981 1078 1244 1140 XXXV
1273 1079 1358 1138 70
1428 1077 1630 1139 Pinxit
1686 1076 2090 1155 [Parrhasius
2154 1077 2478 1156 Ephesius]
2538 1087 2597 1140 et

235 1205 260 1245 5
291 1177 705 1257 archigallum,
760 1196 938 1256 quam
995 1178 1288 1256 picturam
1344 1177 1567 1238 amauit
1619 1175 1899 1237 Tiberius
1952 1178 2233 1256 princeps
2290 1185 2482 1256 atque,
2529 1185 2597 1238 ut

289 1283 498 1337 auctor
545 1284 637 1337 est
682 1273 923 1356 Deculo,
967 1275 1063 1337 IIS
1093 1274 1218 1360 [ῖῖ
1262 1277 1632 1337 aestimatam
1680 1274 1953 1337 cubiculo
2000 1294 2108 1337 suo
2156 1274 2415 1336 inclusit.

837 1506 1370 1582 CORNELIVS
1429 1506 2049 1581 VALERIANVS

470 1662 534 1731 l.
583 1671 739 1732 Ptin.
784 1688 842 1731 n.
878 1671 936 1731 h.
976 1670 1046 1731 X
1077 1671 1118 1730 5
1192 1668 1504 1731 Cornelius
1567 1667 1912 1730 Valerianus
1984 1668 2338 1748 phoenicem
2413 1668 2590 1730 deuo·
2628 1609 2735 1748 {35}

288 1767 508 1829 lauisse
569 1770 635 1828 in
694 1767 1022 1848 Aegyptum
1086 1767 1268 1830 tradit
1321 1767 1387 1838 Q.
1434 1767 1664 1829 Plautio
1730 1767 1862 1828 Sex.
1920 1767 2164 1847 Papinio
2230 1767 2591 1828 consulibuS.

289 1864 520 1927 adlatus
557 1875 651 1927 est
687 1873 747 1928 et
781 1868 844 1926 in
881 1865 1092 1927 urbem
1124 1865 1331 1927 Claudi
1367 1867 1657 1947 principis
1696 1883 1968 1945 censura,
2006 1883 2159 1926 anno
2193 1865 2364 1927 urbis
2392 1879 2591 1943 DCCC,

208 1991 262 2032 ιο
290 1972 351 2026 et
394 1965 458 2025 in
507 1967 746 2026 comitio
800 1965 1161 2045 proposituS,
1219 1963 1377 2044 quod
1423 1967 1570 2026 actis
1616 1971 1897 2026 testatum
1956 1971 2064 2044 est,
2110 1963 2217 2025 sed
2263 1982 2441 2044 quem
2490 1963 2591 2024 l'al-

292 2081 426 2124 sum
473 2081 606 2124 esse
653 2080 828 2125 nemo
878 2062 1192 2124 dubitaret.

470 2155 538 2222 2.
598 2163 753 2224 Ptin.
800 2181 858 2224 n.
904 2163 962 2223 h.
1009 2162 1180 2223 XIV
1219 2162 1302 2222 11
1378 2161 1629 2242 Vidique
1694 2163 1873 2222 etiam
1937 2161 2233 2242 porticus,
2294 2159 2467 2222 uillas
2532 2169 2593 2222 et

291 2258 496 2320 domos
541 2258 756 2320 ambiri
803 2259 1170 2339 singularum
1210 2258 1480 2338 [uitium]
1521 2258 1864 2340 palmitibus
1910 2277 1978 2321 ac
2026 2258 2379 2340 sequacibus
2430 2259 2589 2320 loris.

289 2357 565 2438 quodque
603 2360 889 2419 memoria
929 2357 1170 2437 dignum
1209 2361 1370 2421 inter
1404 2360 1596 2438 prima
1626 2357 1971 2419 Valerianus
2009 2377 2244 2438 quoque
2279 2357 2589 2419 Cornelius

209 2483 260 2523 η
289 2458 670 2536 existimauit,
730 2475 846 2517 una
902 2458 1046 2518 uitis
1099 2455 1321 2517 Romae
1378 2458 1443 2517 in
1499 2455 1703 2517 Liuiae
1759 2455 2089 2540 porticibus
2146 2455 2443 2517 subdiales
2500 2458 2589 2517 in-

289 2552 714 2615 ambulationes
779 2553 1078 2616 umbrosis
1142 2555 1409 2636 pergulis
1477 2564 1715 2636 opacat,
1781 2554 1988 2616 eadem
2055 2553 2343 2616 duodenis
2406 2557 2589 2616 musti

288 2651 590 2732 amphoris
637 2652 906 2714 fecunda.

1015 2874 1534 2949 PESCENNII
1589 2874 1867 2948 FESTI

899 3037 1342 3099 HISTORIAE
1389 3039 1548 3098 PER.
1594 3038 1978 3098 SATVRAM

467 3172 530 3241 l.
579 3181 859 3242 Lactant.
899 3183 1035 3242 inst.
1077 3181 1117 3240 I
1145 3181 1249 3256 21,
1281 3181 1367 3241 13
1413 3181 1781 3242 Pescennius
1825 3179 2037 3242 Festus
2084 3182 2148 3242 in
2194 3180 2365 3241 libris
2401 3181 2586 3242 histo-

284 3278 510 3338 riarum
549 3297 658 3358 per
694 3286 954 3340 saturam
994 3279 1179 3339 refert
1204 3277 1734 3358 Karthaginienses
1763 3278 2018 3340 Saturno
2047 3278 2333 3340 humanas
2362 3279 2587 3340 hostias

207 3397 258 3437 so
285 3374 492 3436 solitos
529 3377 835 3438 immolare
873 3385 948 3456 et,
989 3396 1123 3439 cum
1161 3378 1308 3438 uicti
1345 3385 1548 3439 essent
1585 3376 1659 3438 ab
1696 3376 2013 3457 Agathocle
2053 3396 2192 3456 rege
2231 3376 2585 3456 Siculorum,

283 3476 504 3534 iratum
559 3474 674 3535 sihi
733 3474 908 3536 deum
963 3478 1294 3557 putauisse3
1352 3477 1569 3556 itaque,
1617 3484 1686 3536 ut
1735 3475 2075 3556 diligentius
2121 3475 2421 3557 piaculum
2469 3477 2583 3537 sol-

283 3580 516 3653 uerent‚
565 3571 850 3634 ducentos
895 3572 1184 3635 nobilium
1231 3574 1386 3636 filios
1431 3573 1790 3636 immolasse.

284 3743 386 3798 alii
431 3743 493 3797 in
532 3743 828 3814 Capitolio,
873 3745 1134 3800 nonnulli
1179 3745 1252 3800 ad
1299 3747 1500 3802 aedem
1533 3745 1753 3801 Dianae
1798 3747 1859 3801 in
1896 3746 2195 3802 Auentino.
2260 3746 2409 3802 illud
2446 3763 2581 3802 sane

283 3818 510 3870 constat
554 3815 772 3870 nullum
817 3816 878 3871 in
914 3817 1034 3872 foro
1071 3816 1226 3888 prius
1264 3816 1438 3874 fuisse
1476 3835 1647 3887 quam
1684 3817 1763 3886 id,
1802 3818 1953 3887 quod
1991 3820 2063 3872 M.
2095 3818 2356 3873 Valerius
2393 3835 2462 3873 ex
2499 3819 2581 3873 Si-

285 3887 420 3941 cilia.
467 3885 768 3942 aduectum
815 3889 888 3942 ad
933 3891 1114 3944 rostra
1161 3889 1218 3943 in
1257 3889 1518 3944 columna
1553 3891 1761 3959 posuit.
1832 3889 1982 3960 Quae
2020 3891 2237 3947 addunt
2272 3899 2321 3946 et
2358 3893 2584 3946 Plinius

283 3977 350 4014 ex
387 3959 634 4014 Varrone
671 3967 720 4015 et
760 3961 1089 4016 Censorinus
1125 3964 1348 4016 omnino
1384 3965 1528 4016 inter
1561 3979 1616 4016 se
1654 3965 1965 4017 concinunt.

467 4137 503 4205 l
519 4187 544 4226 ,
592 4148 648 4206 6.
704 4146 912 4206 deculo
958 4147 1176 4208 Bamb.
1242 4148 1458 4225 depulo
1513 4149 1672 4209 Voss.
1738 4149 1810 4208 de
1866 4150 2089 4226 populo
2134 4151 2293 4210 Ricc.
2360 4150 2581 4210 Decius

283 4235 484 4312 Epulo
529 4237 686 4312 uulf.
864 4228 966 4318 {Ei
973 4229 979 4318 Ι
1010 4237 1143 4297 Jcm
1185 4237 1266 4295 fx
1304 4239 1516 4299 Bamb.
1565 4258 1644 4298 nx
1682 4243 1803 4298 cett.
1832 4240 1993 4300 codd.
2170 4231 2237 4319 l,
2281 4244 2335 4301 9.
2384 4242 2474 4300 est
2520 4245 2581 4300 et

283 4325 455 4387 Leia.
502 4329 658 4386 esset
692 4329 816 4386 ced.
846 4326 1006 4386 codd.
1236 4320 1304 4408 l,
1345 4331 1444 4388 21.
1493 4329 1735 4406 piacula.
1772 4329 2001 4390 Boram.
