3234 5034
631 321 945 369 CLXXXVI
1124 318 1222 372 DE
1262 317 1727 373 SCRIPTORVM
1765 317 1954 372 VITIS
1992 317 2087 372 ET
2126 316 2444 374 SCRIPTIS

632 485 698 564 [i.
721 503 771 546 e.
792 503 904 566 per
933 485 1080 547 duos
1110 485 1322 563 annos]
1353 486 1547 564 Asiae,
1578 484 1836 564 denique
1865 485 2207 565 praefectus
2232 485 2372 546 urbi
2400 478 2508 569 (32
2536 487 2596 547 0.
2617 486 2669 546 Ι.
2689 485 2757 546 L.
2794 486 2879 546 VI
2900 485 2934 545 1

629 603 690 645 n.
722 578 956 668 1452),
1003 586 1245 662 tertius,
1301 585 1365 645 in
1422 602 1539 662 quo
1591 583 1774 663 praef.
1813 582 1946 645 urb.
1986 592 2047 644 et
2092 601 2322 663 procos.
2362 577 2480 666 (42
2518 585 2579 645 0.
2612 585 2659 644 I.
2691 583 2761 648 L.
2796 584 2883 644 VI
2902 584 2936 643 1

631 701 692 743 n.
725 677 950 766 1453),
987 689 1115 742 tum
1157 681 1396 742 Velitris
1442 681 1594 760 lapis
1643 680 1705 742 L.
1735 681 1921 742 Mario
1960 680 2023 742 L.
2054 680 2175 742 filio
2213 680 2361 742 Max.
2399 681 2596 742 Aurel.
2638 679 2941 742 dedicatus

631 773 881 864 fetia(li)
929 779 1023 840 bis
1072 773 1273 865 co(S.),
1319 799 1429 860 pro
1487 798 1604 840 coS.
1650 773 1886 862 Asi(ae)
1937 787 1997 840 et
2042 773 2356 864 Afric(ae),
2410 772 2640 862 urb(is)
2698 772 2939 863 p(raef.)

629 871 704 960 (5
734 899 749 938 :
787 880 848 940 0.
879 880 928 939 Ι.
961 880 1026 940 L.
1057 880 1130 940 Χ
1159 897 1216 939 n.
1248 873 1454 962 6567)
1487 885 1548 939 et
1573 876 1803 939 Ardeae
1842 877 1993 939 alter
2029 877 2093 939 L.
2120 878 2195 938 Μ.
2232 877 2382 938 Max.
2412 877 2583 957 Perp.
2622 877 2764 938 Aur.
2802 878 2941 939 item

631 975 835 1054 fetiali,
884 976 1113 1037 consuli
1161 979 1399 1055 iterum,
1437 975 1783 1055 proconsuli
1820 977 2271 1055 prouinciarum
2308 975 2559 1054 Africae,
2605 978 2941 1054 iterumque

631 1074 821 1153 Asiae,
859 1075 1042 1154 praef.
1081 1073 1220 1135 urbi
1258 1067 1330 1158 (6
1360 1095 1375 1134 z
1413 1075 1472 1135 0.
1507 1075 1555 1134 I.
1591 1074 1655 1134 L.
1689 1075 1761 1135 Χ
1789 1092 1849 1134 n.
1880 1068 2105 1158 6764),
2145 1073 2402 1154 denique
2440 1075 2505 1134 in
2542 1073 2719 1135 titulo
2758 1073 2942 1154 Thya-

629 1173 826 1232 tireno
875 1165 943 1254 (7
977 1193 993 1233 :
1023 1174 1276 1250 Pmsop.
1322 1177 1359 1233 l.
1410 1167 1488 1256 s.)
1538 1180 2042 1233 commemoratur
2096 1175 2226 1233 eius
2272 1171 2729 1251 proconsulatus
2774 1174 2945 1234 Asiae

629 1265 954 1330 ‘Caracalla
990 1271 1052 1330 in
1090 1270 1263 1332 Asiae
1302 1266 1596 1332 morante'
1635 1272 1674 1330 i.
1706 1288 1755 1330 e.
1786 1288 1837 1330 a.
1867 1271 2025 1330 circa
2064 1265 2383 1350 214s215.
2440 1271 2557 1330 iam
2609 1289 2758 1332 uero
2810 1289 2944 1332 con-

629 1370 962 1446 iunguntur
1008 1371 1426 1430 communione

898 1469 1086 1546 patris
1134 1474 1195 1527 et
1240 1465 1558 1527 sacerdotii
1606 1465 1823 1527 fetialis
1876 1465 2034 1528 tituli
2086 1465 2119 1527 1
2172 1473 2232 1528 et
2278 1461 2337 1546 5,

899 1564 1217 1626 sacerdotii
1265 1563 1482 1626 fetialis
1529 1573 1590 1625 et
1634 1566 1835 1625 iterati
1884 1564 2227 1626 consulatus
2272 1559 2315 1625 5
2364 1572 2425 1626 et
2468 1560 2510 1626 6
2550 1557 2703 1647 (cos,
2737 1558 2825 1647 1),

899 1665 1100 1724 iterati
1137 1662 1593 1742 proconsulatus
1624 1663 1796 1723 Asiae
1834 1669 1897 1723 et
1932 1662 2102 1723 urbis
2138 1663 2549 1742 praefecturae
2578 1657 2640 1742 5,
2660 1659 2721 1742 3,
2744 1655 2865 1748 (4,)
2884 1659 2941 1741 6,

899 1759 1214 1839 legationis
1262 1759 1614 1823 Germaniae
1661 1761 1968 1822 inferioris
2019 1758 2052 1820 1
2098 1769 2156 1822 et
2194 1757 2255 1839 2,

899 1858 1356 1938 proconsulatus
1403 1858 1638 1920 Africae
1686 1866 1747 1920 et
1792 1852 2053 1943 (iterati)
2101 1859 2275 1921 Asiae
2312 1857 2373 1939 3,
2410 1854 2472 1939 5,
2508 1857 2569 1938 6,

898 1957 1353 2036 proconsulatus
1399 1957 1573 2018 Asiae
1620 1954 1664 2017 3
1712 1966 1773 2017 et
1822 1952 1878 2036 7,

901 2057 1169 2116 omnium
1217 2057 1484 2135 quinque
1529 2057 1840 2116 nominum
1892 2051 1948 2116 1.
1988 2052 2048 2115 2.
2088 2052 2146 2116 3.
2186 2051 2245 2117 6.

808 2151 962 2213 Hinc
1009 2155 1154 2214 satis
1194 2151 1375 2214 credo
1414 2161 1661 2233 apparet
1698 2161 1862 2214 recte
1898 2152 2293 2232 Borghesium
2334 2153 2590 2228 (Oeuvr.
2636 2154 2691 2213 V
2715 2172 2784 2230 p.
2815 2153 2943 2213 453

629 2250 870 2312 -481.
911 2251 990 2328 cf.
1024 2252 1124 2312 IX
1153 2252 1282 2312 351
1313 2253 1429 2327 sq.)
1469 2251 1574 2312 has
1613 2252 2041 2331 inscriptiones
2078 2269 2287 2312 omnes
2324 2250 2399 2312 ad
2436 2251 2695 2312 eundem
2736 2250 2800 2312 L.
2830 2249 2943 2311 Ma·

629 2351 788 2410 rium
826 2348 890 2410 L.
929 2351 967 2409 f.
1005 2347 1328 2410 Maximum
1365 2349 1727 2428 Perpetuum
1765 2349 2151 2411 Aurelianum
2189 2349 2494 2410 rettulisse
2534 2349 2942 2428 honorumque

627 2449 980 2508 uarietatem
1031 2466 1104 2507 ex
1151 2446 1500 2508 diuersitate
1548 2464 1859 2526 annorum,
1906 2447 2125 2527 quibus
2163 2446 2391 2528 lapides
2430 2446 2687 2508 dedicati
2727 2455 2942 2525 essent,

628 2546 961 2624 repetiisse.
1029 2546 1196 2606 fastis
1244 2554 1442 2606 autem
1489 2545 1641 2607 alter
1688 2544 2032 2606 consulatus
2079 2563 2232 2606 anno
2280 2542 2412 2607 223
2461 2544 2773 2623 definitur,
2831 2562 2942 2624 qua

629 2661 696 2703 re
745 2641 847 2703 alii
893 2642 1200 2704 titulorum
1240 2642 1413 2704 Marii
1450 2642 1708 2722 Maximi,
1756 2645 1860 2722 qui
1908 2661 1979 2704 eo
2024 2642 2252 2705 honore
2290 2650 2631 2720 caruerunt,
2669 2661 2703 2704 a
2744 2642 2942 2723 dispu-

628 2742 852 2801 tatione
899 2749 1104 2801 nostra
1153 2741 1380 2802 exclusi
1432 2749 1596 2819 sunt,
1653 2743 1820 2820 prior
1876 2735 2224 2825 (suffectus)
2284 2748 2422 2802 ante
2484 2741 2943 2820 proconsulatus

627 2838 862 2901 Africae
919 2846 977 2899 et
1033 2839 1204 2900 Asiae
1260 2839 1816 2919 praefecturamque
1873 2840 2224 2919 retrahitur,
2283 2839 2534 2900 fortasse
2592 2841 2654 2898 in
2722 2857 2943 2900 annum

633 2933 759 2998 197
810 2937 910 2998 uel
960 2933 1087 2999 198
1145 2945 1282 3017 post
1327 2939 1613 2998 uictorias
1664 2935 2044 3016 Byzantinam
2094 2945 2153 2998 et
2198 2935 2722 3016 Lugudunensem.
2808 2955 2945 2998 nam

627 3037 733 3114 qui
783 3034 1154 3096 consulatum
1203 3038 1514 3096 insecutus
1563 3043 1655 3096 est
1700 3036 1893 3095 honor
1928 3034 2245 3113 legationis
2282 3033 2653 3114 Germaniae,
2701 3037 2762 3095 ei
2799 3053 2945 3098 non-

628 3132 772 3194 dum
810 3151 843 3194 a
881 3133 1105 3194 Seuero
1145 3132 1562 3213 Caracallaque
1598 3133 1883 3211 Augustis
1920 3132 2183 3194 tributus
2222 3141 2315 3194 est
2344 3134 2721 3208 (Wilmanns
2755 3138 2944 3196 inser.

629 3232 673 3292 J
705 3249 774 3308 p.
821 3230 1000 3305 399).
1091 3233 1207 3292 iam
1273 3249 1421 3292 uero
1485 3233 1768 3310 quoniam
1834 3230 2085 3292 Marium
2150 3230 2469 3292 Maximum
2534 3229 2647 3292 sub
2712 3230 2945 3311 Opellio

627 3327 1004 3406 praefectura
1050 3327 1278 3388 urbana
1327 3329 1596 3389 functum
1644 3347 1779 3390 esse
1819 3346 1999 3409 supra
2032 3331 2072 3402 (
2057 3348 2125 3406 p.
2160 3331 2423 3404 cmxxv)
2461 3327 2747 3408 uidimus,
2794 3329 2947 3390 alius

627 3433 825 3486 autem
875 3427 1005 3486 eius
1051 3428 1312 3487 nominis
1349 3429 1412 3487 in
1449 3426 1737 3487 laterculo
1774 3427 2213 3506 praefectorum
2254 3425 2645 3505 desideratur,
2684 3445 2717 3487 a
2756 3425 2947 3488 Dione

625 3531 688 3584 et
749 3522 1043 3603 lapidibus
1099 3523 1356 3585 eundem
1403 3524 1732 3602 significari
1786 3524 1921 3603 plus
1976 3542 2154 3604 quam
2210 3527 2344 3586 ueri
2400 3523 2595 3585 simile
2642 3532 2753 3586 est.
2838 3523 2947 3586 sed

625 3621 787 3682 idem
844 3623 1024 3682 etiam
1079 3623 1235 3682 uitas
1291 3624 1721 3701 imperatorum
1778 3625 2037 3702 scripsit.
2109 3641 2249 3683 nam
2306 3620 2637 3684 secundum
2692 3621 2945 3683 Dionem

627 3721 699 3794 (l.
727 3738 774 3780 ε.
802 3722 881 3794 s.)
929 3718 1235 3780 Aduentus
1281 3728 1526 3799 propter
1572 3722 1891 3798 inscitiam,
1940 3739 2076 3781 cum
2122 3722 2365 3781 omnino
2413 3718 2651 3781 dicendi
2698 3719 2947 3782 faculta-

628 3819 707 3878 tis
754 3835 970 3897 expers
1017 3826 1194 3897 esset,
1241 3818 1493 3879 Marium
1540 3817 1861 3880 Maximum
1911 3836 2323 3880 successorem
2370 3819 2615 3897 accepit,
2669 3826 2738 3879 ut
2782 3817 2945 3879 hunc

627 3913 728 3974 illa
777 3914 950 3976 laude
997 3915 1274 3976 floruisse
1321 3934 1568 3976 necesse
1617 3918 1712 3978 sit.
1778 3925 1905 3978 tum
1954 3918 2110 3978 uitas
2150 3934 2345 3995 usque
2382 3914 2455 3977 ad
2491 3914 2943 3994 Heliogabalum

628 4011 872 4074 deduxit
919 4030 1175 4093 eumque
1221 4015 1285 4073 in
1331 4013 1651 4074 Alexandri
1697 4013 1932 4076 laudem
1990 4014 2318 4076 infamauit.
2393 4013 2652 4094 denique
2700 4013 2944 4077 Cassius

624 4109 734 4172 Dio
775 4119 834 4172 et
871 4111 1092 4172 Marius
1129 4111 1420 4172 Maximus
1458 4113 1720 4192 scriptor
1766 4114 1827 4173 in
1872 4111 2045 4174 libris
2092 4115 2219 4174 suis
2264 4112 2425 4173 idem
2474 4111 2545 4173 de
2595 4131 2660 4174 re
2703 4113 2941 4192 publica

625 4217 947 4271 senserunt
1011 4217 1069 4270 et
1137 4208 1208 4270 de
1278 4209 1529 4289 singulis
1595 4210 2085 4290 imperatoribus,
2160 4229 2298 4272 cum
2369 4219 2627 4290 uterque
2698 4219 2941 4274 senatus

627 4325 865 4370 causam
914 4306 1378 4387 amplecteretur
1425 4315 1486 4369 et
1522 4307 1873 4370 defenderet
1901 4311 2145 4383 (Gesch.
2176 4309 2317 4370 Litt.
2349 4309 2429 4369 II
2456 4307 2562 4369 84.
2604 4309 2739 4370 106
2764 4311 2941 4387 φφ),
