3234 5034
1017 332 1083 387 A.
1114 328 1530 387 CREMVTIVS
1568 327 1853 386 connvs
2426 348 2597 399 cm

292 503 536 563 omnino
613 520 748 564 esse
820 502 1118 563 incertum
1185 500 1454 581 uidetur,
1517 501 1695 562 etiam
1755 499 1943 563 multo
2014 501 2200 579 magis
2260 519 2435 581 quam
2488 499 2595 561 Ed.

297 600 688 682 schwartzio,
737 603 842 680 qui
885 599 1086 662 Herm.
1133 599 1346 662 xxxfl
1393 619 1450 680 p.
1491 595 1623 660 602
1670 617 1757 679 sq.
1805 598 1957 660 hanc
2012 601 2414 661 coniecturam
2462 618 2597 679 pro-

293 699 444 762 tulit.
511 698 922 779 Epitomarum
969 699 1319 760 uarietatem
1363 700 1426 758 in
1475 696 1809 760 subsidium
1848 696 2145 759 Soltauius
2180 699 2435 779 uocauit,
2482 716 2599 778 quo

292 796 464 876 plura
505 816 578 858 ex
615 796 948 859 Fenestella
995 803 1293 877 repeteret
1322 789 1387 880 (l.
1414 815 1460 858 s.
1487 815 1535 857 s.
1561 815 1629 873 p.
1661 797 1749 856 14
1764 789 1943 881 sqq.),
1990 803 2151 858 certa
2190 803 2385 858 tamen
2424 815 2601 858 causa

294 897 505 956 caruit.
555 894 746 956 Nonio
777 899 890 957 tria
917 895 1248 975 fragmenta
1278 893 1561 957 debemus
1583 895 1749 968 (1.2.
1764 895 1900 974 21),
1917 894 2220 975 Frontino,
2241 888 2599 979 Suetoniol),

292 992 562 1072 leiano,
610 993 938 1056 Censorino
953 987 1024 1079 ²),
1059 993 1436 1083 ‘Tertulliano
1447 986 1520 1078 ⁸),
1567 993 1891 1073 Lactantio,
1936 991 2249 1072 Macrobio,
2295 992 2601 1054 Prisciano

295 1091 550 1172 singula,
597 1091 869 1154 Diomedi
912 1094 1182 1155 notitiam
1231 1085 1702 1176 epitomarum.⁴)
1794 1091 2044 1152 loannes
2092 1089 2289 1170 Lydus
2342 1097 2601 1170 utroque

294 1190 443 1271 loco,
493 1210 614 1271 quo
662 1192 792 1253 eius
837 1193 1126 1271 meminit,
1173 1209 1272 1252 res
1317 1191 1585 1270 miscuit3
1633 1207 1753 1250 uno
1791 1191 1951 1251 enim
1990 1207 2054 1250 se
2094 1207 2164 1250 ex
2213 1188 2383 1250 lunio
2423 1188 2601 1250 Grac·

297 1288 490 1350 chano
538 1292 867 1370 sumpsisse
914 1289 1170 1370 simulat,
1208 1307 1357 1368 quae
1395 1307 1467 1350 ex
1504 1288 1749 1367 leiano
1799 1285 2051 1351 deducta
2088 1295 2228 1349 sunt
2262 1288 2419 1361 (uid.
2458 1290 2602 1348 adn.

299 1390 386 1449 ad
421 1388 512 1466 fr.
559 1389 650 1464 4),
706 1387 891 1449 altero
939 1388 1048 1465 (fr.
1096 1388 1168 1462 8)
1227 1395 1286 1448 et
1339 1385 1735 1449 Fenestellam
1793 1395 1854 1447 et
1899 1385 2211 1447 Sisennam
2259 1405 2292 1447 a
2338 1385 2601 1446 Varrone

298 1487 361 1546 in
427 1505 607 1549 usum
673 1493 913 1549 uocatos
979 1505 1114 1548 esse
1167 1485 1328 1547 dicit.
1419 1485 1589 1565 Apud
1655 1484 1801 1546 alios
1862 1486 2185 1564 scriptores
2250 1491 2412 1545 certa
2474 1487 2604 1546 eius

300 1603 448 1646 usus
509 1583 728 1645 indicia
793 1586 1010 1646 frustra
1073 1586 1476 1664 quaesiuimus
1535 1602 1731 1662 neque
1789 1581 1855 1643 Ε.
1916 1581 2165 1644 Maassio
2226 1584 2603 1662 assentimur,

302 1685 404 1762 qui
451 1701 810 1762 anonymum
857 1683 1082 1744 codicis
1118 1681 1590 1744 vindobonensis
1638 1701 1743 1742 sua
1792 1699 1863 1742 ex
1902 1678 2231 1742 Fenestella
2277 1683 2605 1760 sumpsisse

302 1783 538 1843 censuit
586 1784 742 1857 (uid.
787 1783 1060 1844 Bursian
1096 1783 1446 1843 Jahresber.
1483 1781 1690 1841 XVII
1729 1779 1962 1855 (1879)
1995 1800 2064 1857 p.
2106 1780 2284 1855 191).

868 2121 952 2194 A.
1011 2119 1559 2194 CREMVTIVS
1617 2119 1981 2193 CORDVS
1999 2115 2052 2204 ὃ)

488 2281 654 2353 Quae
701 2281 774 2344 de
821 2281 998 2343 huius
1041 2284 1169 2344 uita
1213 2283 1572 2361 accepimus,
1620 2300 1757 2342 cum
1806 2299 1983 2343 causa
2030 2283 2223 2342 omnia
2272 2281 2608 2362 cohaerent,

309 2399 422 2460 qua
477 2382 702 2460 petitus
747 2387 1000 2442 mortem
1047 2380 1163 2441 sibi
1207 2381 1518 2442 consciuit.
1589 2379 1731 2441 hinc
1785 2398 1961 2441 anno.
1996 2382 2119 2441 sere
2176 2376 2415 2462 35s719
2471 2399 2607 2442 eum

309 2486 512 2540 natum
589 2496 721 2539 esse
779 2477 1197 2558 intellegimus,
1262 2480 1399 2558 quia
1460 2486 1586 2539 tum
1635 2470 1811 2561 (2517
1822 2471 1933 2561 78)
1985 2473 2058 2539 ἐν
2106 2475 2347 2552 πύλαις
2390 2479 2610 2559 γήρως

311 2586 438 2637 erat
476 2577 626 2650 (Dio
663 2578 768 2652 57,
806 2576 941 2658 24),
989 2585 1441 2656 senatoremque
1491 2577 1693 2655 fuisse,
1742 2578 1879 2656 quia
1924 2575 2080 2655 apud
2128 2585 2398 2638 senatum
2437 2595 2608 2638 accu-

311 2685 472 2737 satus
521 2683 629 2736 est.
677 2693 874 2754 neque
920 2684 1117 2738 tamen
1163 2694 1446 2756 umquam
1483 2675 1547 2735 in
1583 2675 1772 2736 uitam
1810 2674 2110 2755 publicam
2147 2677 2456 2757 processit,
2504 2675 2609 2736 sed

313 2775 498 2836 otium
544 2775 608 2834 in
647 2773 843 2836 studia
889 2775 1191 2836 insumere
1236 2773 1448 2835 maluit
1483 2781 1659 2853 atque
1695 2781 1765 2834 ut
1818 2775 1995 2835 etiam
2041 2782 2286 2853 propter
2332 2773 2609 2854 eloquen-

309 2875 452 2934 tiam
513 2871 653 2933 libri
711 2872 1097 2934 laudarentur
1157 2873 1358 2934 efl'ecit
1418 2873 1685 2946 (Seneca
1740 2874 1828 2933 ad
1880 2872 2079 2934 Marc.
2128 2873 2186 2948 1,
2241 2873 2301 2932 3.
2358 2872 2463 2948 24,
2517 2873 2611 2949 2),

297 2974 485 3033 cuius
542 2972 692 3032 artis
737 2970 1022 3051 reliquias
1079 2971 1364 3052 quasdam
1421 2969 1649 3032 Seneca
1706 2978 1876 3050 pater
1932 2971 2039 3048 (fr.
2090 2973 2149 3032 1.
2194 2972 2267 3047 2)
2326 2973 2610 3034 seruauit.

311 3087 508 3150 neque
561 3087 709 3130 uero
757 3069 956 3130 Seiani
1009 3072 1336 3149 potentiam
1383 3076 1753 3131 crescentem
1800 3068 1960 3131 ferre
2005 3072 2200 3149 potuit
2244 3079 2321 3150 et,
2368 3089 2503 3132 cum
2546 3071 2611 3132 in

313 3175 595 3183 e——-—-——-

494 3225 545 3292 1)
585 3221 800 3276 Gellius
837 3221 924 3293 (fr.
959 3227 1046 3292 17)
1083 3223 1435 3278 Fenestellae
1471 3239 1678 3279 nomen
1714 3239 1782 3276 ex
1820 3222 2062 3278 Asconio
2099 3223 2354 3294 sumpsit.

491 3307 544 3373 2)
583 3302 842 3358 Fortasse
871 3320 938 3358 ex
969 3303 1252 3371 Suetoni0‚
1283 3301 1687 3358 Reifferscheid
1713 3320 1768 3373 p.
1790 3309 1911 3372 434,
1960 3303 2217 3359 Glaesser
2254 3306 2341 3360 De
2380 3305 2611 3360 Vari-on.

310 3384 479 3440 doctr.
509 3401 602 3453 ap.
633 3385 995 3440 Plutarchum
1029 3385 1276 3456 mtiyiis
1310 3402 1365 3454 p.
1398 3390 1499 3438 193
1521 3401 1643 3453 sqq.

492 3467 546 3534 3)
584 3462 749 3529 Quod
783 3463 878 3518 hic
905 3463 1282 3520 Fenestellam
1309 3463 1598 3519 annalium
1637 3467 2239 3520 commentatorem
2278 3463 2435 3534 citat,
2473 3481 2615 3520 caue

309 3544 418 3600 hoe
455 3544 528 3598 de
565 3545 872 3615 interprete
911 3544 1126 3600 dictum
1155 3561 1276 3600 esse
1314 3546 1635 3613 existumas,
1672 3548 1760 3600 est
1794 3543 1945 3600 idem
1982 3545 2137 3613 quod
2164 3544 2453 3599 annalium
2480 3544 2614 3599 seri-

311 3629 460 3696 ptor3
505 3623 576 3679 ef.
607 3625 679 3680 de
716 3641 884 3680 carne
921 3623 1131 3681 Christi
1169 3643 1214 3681 e.
1245 3631 1338 3682 22:
1381 3626 1725 3694 Matthaeus,
1763 3626 2113 3693 fidelissimus
2156 3627 2434 3698 euanqelii
2474 3643 2613 3682 com-

311 3711 597 3762 mutator.

490 3789 548 3856 4)
586 3786 757 3856 Apud
801 3787 1045 3842 eundem
1081 3786 1409 3842 Diomedem
1445 3804 1500 3856 p.
1533 3791 1655 3853 381,
1686 3792 1751 3841 22
1791 3784 1918 3840 Keil
1965 3787 2112 3842 hanc
2149 3787 2484 3858 scripturam
2522 3803 2615 3842 ex-

313 3865 526 3921 hibuit:
575 3867 756 3923 Varro
791 3867 868 3923 acl
905 3867 1212 3924 Giceronmn
1247 3869 1314 3922 de
1347 3868 1659 3924 Fenestella
1702 3869 1889 3937 quiri
1898 3873 2086 3922 tatur
2128 3867 2617 3937 Fenestellamque

313 3944 374 3999 in
417 3945 610 4001 indice
655 3951 950 4002 auctorum
985 3947 1178 4018 posuit
1221 3949 1293 4019 (p.
1333 3952 1474 4016 569).
1541 3949 1693 4002 recte
1740 3950 1931 4002 tamen
1976 3946 2249 4003 Mercklin
2301 3948 2501 4003 Philol.
2538 3949 2617 4004 111

315 4045 369 4098 p.
399 4035 501 4082 151
545 4028 636 4082 ‘de
669 4029 950 4095 fenestella
985 4029 1309 4098 quiritatur’
1351 4027 1607 4083 defendit
1634 4027 1955 4098 recepitque
1992 4045 2061 4082 ea.
2090 4029 2264 4084 uerba.
2290 4029 2439 4084 inter
2465 4029 2617 4101 frag-

314 4111 508 4163 menta.
543 4106 816 4163 Varronis
853 4109 924 4163 de
969 4107 1167 4180 lingua
1211 4107 1395 4163 latina.
1429 4111 1499 4164 A.
1525 4108 1844 4163 Wilmanns
1881 4110 1971 4164 De
2008 4109 2167 4164 Varr.
2197 4110 2355 4166 libris
2387 4127 2613 4182 yramm.

315 4206 368 4258 p.
400 4195 519 4244 170.

495 4273 550 4337 5)
586 4269 636 4323 J.
665 4269 814 4324 Held
854 4269 1243 4326 Commentatio
1279 4271 1343 4325 de
1379 4272 1502 4326 uita
1535 4272 1859 4340 scriptisque
1887 4271 1956 4325 A.
1990 4270 2077 4326 Or.
2110 4269 2167 4325 G.
2206 4269 2397 4342 Progr.
2426 4289 2615 4340 gymn.

319 4347 568 4404 Suidnic.
602 4355 757 4404 1841.
807 4349 863 4405 C.
895 4349 1133 4405 Rathlef
1163 4351 1253 4405 De
1280 4353 1350 4405 A.
1385 4351 1472 4406 Gr.
1506 4351 1563 4406 0.
1594 4353 1972 4405 commentatio
2008 4348 2155 4404 Diss.
2186 4349 2417 4420 Dorpat.
2461 4356 2614 4406 1860-

423 4459 546 4500 mot.
574 4459 706 4500 Bon.
733 4459 814 4500 rel.
841 4459 914 4512 11,
943 4459 1012 4500 ed.
1041 4459 1224 4500 Peter.
2064 4439 2191 4494 VHI
