3234 5034
733 329 846 387 GN.
885 331 1296 387 CORNELIVS
1333 287 1715 386 LENTVLVS
1756 329 2208 386 GAETVLIGVS
2444 351 2635 400 cxvn

335 504 674 562 maiestatis
719 518 892 562 reum
931 499 1192 580 secer-at,
1236 502 1412 561 homo
1458 518 1641 576 quam
1688 502 1933 578 inprobi
1978 503 2171 561 animi
2208 508 2329 561 tam
2366 500 2633 577 infelicis

335 602 596 678 inqenii,
659 618 796 661 cum
860 601 1023 661 hanc
1079 602 1426 660 suasoriam
1484 593 1592 678 [de
1653 603 1945 660 trecentis
2003 600 2351 660 Laconibus
2412 605 2633 660 contra

333 697 608 758 Xerxem
653 693 880 779 missis]
937 700 1335 773 declamaret,
1392 698 1580 757 dixit:
1629 692 2086 774 ‘Expectemus,
2143 700 2200 758 si
2252 699 2409 758 nihil
2462 700 2632 773 aliut,

329 797 446 857 hoc
501 797 817 874 effecturi,
877 815 955 856 ne
1012 799 1277 858 insolens
1332 797 1641 855 barbarus
1698 796 1895 855 dicat:
1949 791 2161 875 ζνεηί,
2210 797 2369 871 uidi,
2425 789 2631 872 uici'',

330 913 468 956 cum
514 897 634 956 hoc
666 903 810 973 post
854 897 1071 955 multos
1117 910 1310 954 annos
1357 895 1540 954 diuus
1577 892 1773 954 Iulius
1810 897 1974 954 uicto
2015 894 2344 955 Pharnace
2383 895 2630 955 dixerit.

331 991 647 1054 delationis
720 1001 940 1072 tamen,
1007 1010 1183 1072 quam
1247 989 1541 1052 Macronis
1606 991 1791 1070 gratia
1857 1009 1905 1051 a.
1964 987 2200 1070 34s787
2268 999 2631 1072 susceperat,

329 1091 529 1152 fructu
537 1137 556 1171 ,
613 1110 790 1172 quem
838 1097 1279 1171 expectauerat,
1336 1091 1554 1170 caruit3
1609 1107 1747 1151 nam
1804 1091 1941 1170 quia
1995 1091 2309 1170 pecuniam
2368 1109 2401 1151 a
2457 1090 2629 1152 Vario

327 1189 549 1270 Ligure
607 1189 966 1252 omittendae
1018 1188 1330 1250 delationis
1374 1196 1643 1268 ceperat,
1706 1189 1768 1248 in
1824 1188 2079 1250 insulam
2135 1189 2451 1250 interdicto
2506 1191 2631 1269 igni

325 1295 506 1368 atque
565 1307 716 1368 aqua
775 1287 1048 1351 demotus
1103 1294 1222 1367 est,
1280 1287 1408 1347 siue
1465 1285 1758 1347 Seruilius
1814 1287 1943 1347 siue
1991 1286 2301 1348 Cornelius
2348 1287 2485 1370 fuit3
2541 1290 2630 1348 sic

323 1385 572 1468 quidem
621 1407 654 1448 a
689 1387 892 1448 Tacito
942 1388 1114 1461 (ann.
1158 1386 1249 1445 VI
1266 1384 1355 1444 29
1381 1388 1498 1460 sq.)
1539 1383 1817 1445 Mamerci
1858 1385 2066 1446 Scauri
2105 1383 2219 1446 duo
2256 1394 2630 1447 accusatores

322 1487 728 1547 nominantur.
829 1484 1088 1547 Dubium
1153 1491 1351 1546 tamen
1417 1493 1533 1563 est,
1608 1502 1750 1545 num
1817 1492 1977 1544 recte
2041 1483 2139 1544 hic
2204 1485 2362 1545 inter
2425 1503 2629 1546 rerum

321 1585 656 1663 scriptores
718 1591 1085 1646 numeretur.
1175 1591 1368 1664 potest
1441 1583 1599 1644 enim
1666 1581 1952 1643 iudicium
2016 1580 2164 1644 illud
2229 1581 2489 1644 Senecae
2554 1583 2627 1645 ad

319 1683 526 1762 ipsum
590 1681 814 1744 dictum
861 1682 1364 1764 Thermopylense
1412 1682 1644 1762 referri,
1701 1699 1817 1760 quo
1874 1681 2031 1742 fatue
2090 1688 2293 1741 contra
2346 1681 2627 1743 historias

318 1780 560 1844 Tuscus
607 1783 964 1862 peccauerit.

505 2005 656 2078 CN.
697 2003 1229 2079 CORNELIVS
1283 2003 1793 2078 LENTVLVS
1849 2001 2445 2077 GAETVLICVS

505 2183 696 2245 Etiam
736 2184 834 2246 hic
870 2185 1028 2246 inter
1065 2183 1400 2246 adulatores
1437 2184 1853 2263 imperatorios
1890 2181 2085 2244 locum
2125 2202 2296 2243 suum
2337 2184 2622 2245 inueniat.

315 2290 484 2344 certe
536 2301 607 2344 eo
653 2301 774 2345 uno
819 2282 966 2363 loco,
1014 2302 1131 2362 quo
1169 2284 1408 2343 omnino
1447 2283 1682 2360 citatur,
1732 2280 2067 2361 SuetoniuS,
2114 2288 2181 2341 ut
2218 2279 2319 2342 ubi
2359 2280 2623 2361 Caligula

313 2389 500 2443 natus
563 2383 660 2460 sit,
725 2389 912 2460 eruat,
976 2378 1136 2460 larga
1202 2383 1263 2441 in
1311 2373 1729 2441 ‘tradentium'
1784 2381 1821 2440 i.
1860 2399 1910 2456 e.
1958 2379 2377 2440 historicorum
2435 2381 2621 2461 copia,

313 2479 480 2561 quod
526 2481 812 2542 mentitus
860 2487 1020 2540 esset
1063 2496 1174 2559 per
1219 2478 1639 2558 adulationem,
1696 2477 1887 2539 Plinio
1944 2477 2231 2538 adsensus
2280 2496 2415 2540 eum
2464 2479 2619 2540 uitu-

309 2587 508 2660 perat‚
585 2576 863 2658 idemque
928 2577 1121 2639 filium
1178 2577 1379 2638 Seiani
1433 2595 1721 2656 generum
1796 2575 1911 2638 sibi
1979 2575 2379 2638 destinauerat
2443 2577 2619 2650 (Tac,

313 2697 462 2740 ann.
511 2678 601 2737 VI
618 2677 756 2751 30).
848 2675 1063 2737 multas
1118 2684 1314 2737 autem
1374 2694 1468 2736 res
1523 2674 1757 2736 uiderat
1809 2673 1905 2734 uel
1954 2681 2245 2753 gesserat,
2307 2693 2453 2754 quas
2521 2674 2619 2736 de·

311 2775 614 2838 scriberet
651 2776 806 2848 (uid.
855 2777 1104 2852 Prosop.
1145 2776 1188 2835 I
1215 2773 1348 2834 455
1384 2793 1440 2835 n.
1484 2773 1704 2847 1134).
1798 2791 1933 2833 nam
1981 2778 2258 2852 praetura
2304 2775 2620 2852 peregrina

309 2894 360 2936 a.
420 2868 667 2954 23s776
741 2880 801 2934 et
873 2871 1186 2934 consulatu
1249 2891 1298 2933 a.
1355 2866 1591 2953 26s779
1668 2871 1908 2932 functus
1980 2888 2091 2951 per
2164 2869 2367 2932 decem
2434 2891 2618 2933 annos

311 2965 1004 3056 (29s782—39s792)
1063 2969 1291 3050 legatus
1336 2971 1681 3048 prouinciae
1729 2968 2077 3030 Germaniae
2136 2971 2461 3050 superioris
2508 2971 2619 3032 fuit

309 3073 656 3149 mirumque
723 3087 984 3129 amorem
1050 3067 1366 3130 adsecutus
1440 3075 1532 3128 est
1592 3062 1837 3128 ‘effusae
1904 3067 2279 3148 clementiae,
2348 3068 2616 3131 modicus

309 3160 672 3228 seueritate'
709 3167 883 3241 (Tac.
923 3185 1066 3228 ann.
1117 3166 1209 3227 VI
1235 3167 1370 3240 30).
1465 3164 1569 3226 sed
1614 3165 1713 3226 hic
1758 3166 1888 3244 ipse
1937 3185 2101 3226 amor
2148 3185 2327 3228 causa
2374 3168 2618 3231 uidetur

309 3265 526 3344 fuisse,
583 3273 649 3326 ut
705 3284 842 3326 cum
891 3263 963 3325 Μ.
1011 3263 1259 3326 Aemilio
1308 3263 1532 3343 Lepido
1579 3283 1628 3324 a.
1677 3259 1932 3344 39s792
1990 3266 2416 3326 coniurationis
2476 3284 2615 3328 reus

309 3363 506 3425 factus
536 3361 913 3424 occideretur
941 3364 1132 3438 (Suet.
1171 3364 1381 3424 Claud.
1413 3363 1470 3422 9.
1501 3363 1663 3424 Acta
1684 3363 1769 3440 [ν.
1799 3363 2015 3424 Arual.
2044 3363 2299 3425 Henzen
2323 3383 2392 3442 p.
2422 3370 2614 3442 na).

308 3471 585 3524 ceterum
631 3463 696 3522 in
753 3461 1083 3523 litterarum
1131 3460 1396 3523 studium
1453 3479 1588 3522 eum
1635 3460 1982 3522 incubuisse
2032 3463 2209 3523 etiam
2257 3481 2410 3543 quae
2454 3483 2612 3525 com-

306 3563 512 3641 posuit
560 3563 824 3622 carmina
870 3567 1184 3639 testantur,
1231 3578 1350 3621 non
1400 3559 1591 3621 solum
1640 3560 1861 3620 erotica
1909 3559 2013 3620 sed
2060 3562 2239 3622 etiam
2287 3580 2446 3640 epOS,
2496 3583 2612 3644 quo

307 3659 676 3720 hexametris
725 3657 796 3719 de
843 3658 1144 3720 Britannis
1191 3661 1314 3738 egit
1360 3660 1707 3733 (Baehrens
1744 3659 1829 3736 fr.
1854 3677 1923 3736 p.
1972 3660 2142 3721 Rom.
2179 3679 2245 3737 p.
2285 3661 2434 3722 361.
2484 3666 2611 3725 uid.

311 3759 566 3835 Prowp.
612 3761 650 3818 Ι.
687 3760 785 3833 sn),
841 3775 912 3818 ex
960 3776 1078 3837 quo
1125 3757 1282 3838 quod
1329 3756 1396 3818 Ο.
1441 3757 1593 3818 Jahn
1643 3758 1759 3830 (ad
1802 3758 1969 3818 Per-S.
2004 3777 2073 3836 p.
2116 3761 2345 3833 cnm)
2405 3759 2611 3821 Sueto-

308 3857 476 3917 nium
537 3875 644 3916 sua
701 3857 1030 3935 sumpsisse
1093 3857 1372 3934 coniecit,
1431 3873 1649 3916 uereor
1703 3863 1771 3916 ut
1827 3863 1987 3916 recte
2044 3875 2111 3917 ea
2158 3851 2431 3918 ‘tradita’
2476 3877 2609 3920 esse

305 3953 546 4016 dixerit.

305 4115 392 4178 22,
423 4116 458 4163 3
509 4125 544 4163 a.
581 4107 860 4162 militibus
906 4106 1124 4162 occisus
1157 4110 1270 4174 est,
1311 4107 1476 4176 ‘quos
1511 4107 1665 4177 ipsos
1700 4107 1969 4162 facundia
2006 4124 2109 4162 sua.
2154 4111 2405 4164 moratus
2442 4112 2609 4180 erat’,

305 4189 460 4259 apud
505 4187 790 4242 Valerium
837 4185 1144 4242 Maximum
1171 4187 1224 4243 V
1259 4194 1310 4257 3,
1340 4193 1372 4242 3
1419 4187 1679 4257 proditus
1726 4205 1761 4241 a
1808 4187 2043 4242 Sextilio
2080 4189 2137 4244 C.
2168 4188 2343 4245 Iulius
2385 4190 2606 4260 Caesar,

308 4269 366 4324 ‘a
401 4286 521 4338 quo
568 4285 696 4322 cum
743 4267 994 4323 studiose
1039 4272 1160 4322 tum
1198 4268 1372 4322 etiam
1417 4268 1661 4324 feliciter
1695 4267 2021 4338 grauissimi
2059 4269 2307 4324 criminis
2344 4287 2471 4326 reus
2510 4273 2605 4326 de-

305 4349 500 4404 fensus
537 4348 766 4403 fuerat'.
831 4347 978 4403 Vide
1007 4347 1202 4402 Gesch.
1233 4349 1366 4404 Litt.
1397 4350 1422 4402 Ι
1456 4368 1511 4421 p.
1541 4357 1627 4405 21.
