3234 5034
557 269 695 318 CCII
1045 266 1140 321 DE
1179 266 1645 322 SCRIPTORVM
1684 267 1875 322 vl'rls
1912 266 2005 321 ΕΤ
2044 265 2360 321 SCRIPTIS

556 437 785 516 recepit
819 453 867 496 s,
885 454 946 496 u.
967 435 1044 496 ΙΙ
1063 435 1101 496 1
1142 453 1194 497 c.
1225 435 1399 497 1121
1439 437 1666 513 mum..-
1694 429 2063 515 Ὀνάσιμος,
2100 430 2403 514 Κύπριος
2438 429 2479 514 ἢ
2516 427 2869 510 Σπαρτιά-

555 555 690 614 της,
720 530 1051 615 ἱστορικὸς
1087 527 1196 594 καὶ
1236 534 1574 617 σοφιστής,
1600 540 1738 596 τῶν
1774 529 1883 596 ἐπὶ
1910 530 2429 595 Κωνσταντίνου
2458 525 2867 611 γενομένων.

556 632 801 713 ἔγραψε
856 628 1157 694 στάσεων
1209 627 1594 714 διαιρέσεις,
1650 626 1889 712 τέχνην
1944 627 2291 710 δικανικὴν
2344 625 2512 710 πρὸς
2554 623 2867 709 Ἀψίνην,

554 728 706 812 περὶ
760 725 1224 811 ἀντιρρητικῆς
1275 724 1528 812 τέχνης,
1579 725 2169 812 προγυμνάσματα,
2223 722 2511 810 μελέτας,
2568 721 2867 808 ἐγκώμια

555 823 666 891 καὶ
713 826 883 892 ἄλλα
928 829 1223 907 πλεῖστα,
1267 827 1374 890 ubi
1421 846 1556 891 eum
1605 847 1771 890 more
1818 846 1927 890 suo
1966 827 2236 889 diuersos
2272 827 2601 906 scriptores
2636 829 2863 888 miscu-

555 930 677 989 isse
723 929 842 989 iam
890 926 963 988 ab
1010 926 1142 988 aliis
1189 926 1673 990 animaduersum
1720 933 1812 988 est
1847 926 2161 1001 (Brzoalca
2206 944 2303 1004 ap.
2332 926 2567 1003 Pauly·
2588 925 2754 987 Wiss.
2786 923 2875 986 II

557 1047 608 1090 c.
639 1024 816 1101 278).
881 1043 1019 1088 nam
1059 1027 1162 1105 qui
1198 1025 1540 1087 referuntur
1577 1024 1735 1088 tituli
1781 1025 2073 1086 librorum
2120 1023 2569 1102 rhetoricorum,
2614 1023 2867 1085 fuerunt

557 1123 824 1187 Onasimi
879 1123 1179 1204 sophistae
1233 1123 1639 1204 Atheniensis,
1695 1124 1883 1204 patris
1941 1123 2205 1204 Apsinis,
2268 1123 2413 1183 item
2479 1121 2865 1183 Atheniensis

558 1224 874 1304 sophistae,
921 1221 1031 1284 filii
1077 1222 1315 1302 Apsinis
1362 1220 1740 1286 Gadarensis.
1814 1221 2133 1284 Onesimus
2188 1222 2373 1300 igitur
2416 1219 2633 1282 Suidae
2681 1217 2861 1283 ἱστο-

558 1320 744 1401 ρικός
788 1322 978 1401 patria
1023 1319 1304 1382 utebatur
1349 1319 1422 1382 ab
1469 1321 1821 1382 Atheniensi
1867 1320 2123 1398 diuersa,
2170 1325 2333 1380 aetas
2376 1327 2575 1380 autem
2622 1325 2682 1380 et
2716 1337 2863 1380 cum

557 1418 672 1480 hoc
716 1426 781 1482 et
823 1436 961 1481 cnm
1008 1417 1110 1480 illo
1155 1419 1452 1497 conuenit,
1497 1421 1779 1500 quoniam
1826 1422 1943 1481 nisi
1988 1419 2229 1480 omnino
2276 1435 2411 1478 cnm
2454 1417 2657 1479 codice
2691 1415 2863 1478 Pari-

558 1518 690 1578 sino
727 1515 773 1577 Β
813 1517 1169 1597 scripturam
1217 1523 1354 1578 τῶν
1397 1509 1508 1580 ἐπὶ
1545 1517 1991 1602 Κωνσταντίφ
2027 1516 2441 1598 praeferimus,
2476 1523 2643 1577 certe
2680 1513 2865 1576 Probi

558 1617 763 1696 uitam,
809 1633 988 1696 quam
1033 1621 1170 1676 ante
1217 1633 1272 1676 a.
1309 1611 1437 1676 311
1478 1615 1769 1696 Vopiscus
1814 1618 2110 1696 cognouit,
2145 1613 2467 1676 Onesimus
2506 1613 2865 1676 adulescens

559 1730 918 1794 componere
963 1715 1172 1793 potuit,
1219 1712 1470 1776 sortasse
1517 1716 1678 1776 inter
1720 1714 1834 1776 alia
1880 1711 2184 1795 ἐγκώμια,
2240 1731 2393 1794 quae
2440 1711 2653 1774 Suidas
2698 1731 2863 1774 com·

559 1813 934 1874 memorauit.

1127 2061 1635 2139 TVRDVLVS
1692 2061 2179 2138 GALLIGAN
2182 2062 2297 2137 VS

739 2223 901 2290 Inter
947 2225 1142 2286 fontes
1188 2242 1330 2286 suos
1367 2224 1656 2305 Vopiscus
1702 2226 1767 2286 in
1804 2224 1997 2286 Probo
2034 2243 2085 2287 c.
2116 2225 2177 2302 2,
2206 2225 2244 2286 1
2274 2243 2361 2302 sq.
2398 2231 2641 2305 praeter
2676 2223 2863 2284 libros

561 2341 634 2384 ex
693 2321 1049 2384 bibliotheca
1106 2321 1270 2404 leia
1331 2329 1393 2385 et
1455 2341 1524 2384 ex
1593 2321 1769 2385 domo
1827 2322 2171 2402 Tiberiana,
2235 2329 2469 2402 regesta
2524 2319 2861 2384 scribarum

559 2423 828 2502 porticus
883 2421 1367 2502 porphyreticae,
1431 2430 1560 2484 acta
1627 2429 1868 2484 senatus
1932 2440 2001 2483 ac
2056 2418 2261 2502 populi
2315 2427 2625 2482 enumerat
2681 2422 2863 2482 etiam

558 2519 738 2583 huius
777 2518 1248 2600 ephemeridem:
1293 2528 1354 2582 et
1389 2525 1678 2597 quoniam
1714 2538 1809 2582 me
1847 2523 1934 2582 ad
1966 2523 2311 2596 colliyenda
2350 2523 2489 2582 talis
2526 2523 2656 2582 uiri
2687 2527 2865 2596 qesta

559 2621 912 2696 ephemeris·
957 2619 1214 2681 Turduli
1269 2606 1584 2681 'Gallicani
1624 2623 1961 2697 plurimum
2021 2622 2207 2694 iuuit,
2266 2621 2397 2680 uiri
2454 2619 2866 2680 honestissimi

563 2729 642 2779 ac
683 2719 1098 2796 sincerissimi,
1144 2719 1502 2792 beneficium
1547 2721 1737 2780 amici
1776 2723 1941 2780 senis
1988 2725 2195 2779 tacere
2241 2734 2363 2780 non
2410 2717 2610 2778 debui.
2686 2734 2863 2796 quam

562 2814 802 2895 quidem
849 2814 1293 2894 ephemeridem
1341 2817 1581 2876 nomine
1628 2817 1848 2877 omisso
1886 2849 1971 2858 -—
2010 2833 2205 2896 neque
2254 2817 2411 2877 enim
2459 2831 2591 2876 eam
2637 2811 2713 2874 ab
2752 2813 2863 2876 alia

563 2912 930 3000 distinguere
983 2931 1232 2976 necesse
1287 2921 1418 2974 erat
1453 2947 1538 2958 --
1579 2912 1809 2976 duobus
1865 2913 2011 2975 locis
2058 2915 2283 2992 citauit,
2334 2912 2520 2974 altero
2566 2911 2864 2992 fragmen-

563 3019 687 3073 tum
745 3012 902 3073 inter
959 3010 1348 3091 epistularum
1403 3013 1677 3074 fictarum
1734 3012 2092 3092 farraginem
2150 3013 2450 3090 inserens,
2506 3012 2621 3072 etsi
2684 3012 2863 3072 etiam

563 3109 786 3190 dubito,
831 3128 976 3172 num
1021 3109 1183 3172 illius
1229 3112 1406 3172 amici
1453 3114 1614 3174 senis
1653 3110 2035 3192 ephemeride
2073 3110 2360 3190 Vopiscus
2396 3126 2543 3170 uere
2581 3127 2731 3170 usus
2770 3111 2865 3170 sit.

563 3210 680 3271 Die
717 3209 941 3286 script.
976 3210 1034 3271 h.
1067 3209 1137 3270 Α.
1161 3226 1229 3286 p.
1259 3209 1408 3271 238.

1492 3427 1623 3434 --·—————
1671 3427 1726 3432 .--
1742 3427 1951 3432 ———-.—-

783 3608 1345 3721 IMOERATOR
1399 3607 1476 3680 L.
1531 3604 1986 3678 DOMITIVS
2040 3601 2652 3677 AVRELIANVS

1345 3744 1672 3814 (imperator
1708 3736 2085 3810 saio—275.)

743 3877 936 3940 Etiam
991 3877 1090 3939 hic
1143 3877 1466 3943 memoriae
1515 3892 1658 3936 suae
1704 3872 2108 3951 consuluerat,
2156 3891 2293 3933 cum
2340 3880 2403 3933 et
2446 3869 2867 3952 ephemerides

565 3986 626 4038 et
673 3975 849 4042 ‘bella
895 3975 1243 4038 charactere
1281 3975 1568 4036 historico
1605 3969 1855 4052 digesta’
1896 3970 2205 4032 scriberet.
2268 3987 2405 4032 nam
2452 3972 2517 4031 in
2558 3971 2867 4050 prooemio

565 4078 725 4140 uitae
765 4073 1066 4136 Aureliani
1099 4073 1386 4154 Vopiscus
1423 4072 1659 4134 lunium
1696 4069 2081 4132 Tiberianam
2118 4087 2183 4130 se
2223 4067 2651 4147 cohortantem,
2688 4077 2761 4129 nt
2794 4067 2865 4129 ad

564 4174 878 4234 historiam
919 4171 1177 4251 accedat,
1225 4172 1364 4233 facit
1409 4173 1588 4232 etiam
1634 4169 1780 4230 haec
1829 4167 2124 4229 dicentem
2163 4167 2254 4243 (1,
2292 4167 2391 4241 6):
2437 4175 2497 4228 et
2544 4174 2768 4243 tamen,
2811 4170 2869 4228 si

565 4275 718 4336 bene
763 4275 926 4347 noui,
974 4272 1393 4348 ephemeridas
1437 4273 1600 4332 illius
1646 4271 1775 4330 uiri
1818 4270 2085 4345 scriptas
2127 4267 2436 4342 habemus,
2482 4268 2671 4328 etiam
2706 4267 2867 4328 bella
