3234 5034
585 335 943 385 cnxxxxvl
1110 331 1208 387 DE
1247 330 1711 387 SCRIPTORVM
1748 330 1938 386 vrrls
1976 329 2071 385 ΕΤ
2108 328 2425 386 SCRIPTIS

761 503 952 581 Atque
997 501 1268 581 prioris
1315 498 1556 580 quidem
1613 502 1855 580 operis
1905 500 2215 579 inscriptio
2262 505 2542 578 quattuor
2588 496 2875 576 fragmen·

583 603 661 662 tis
717 619 749 660 a
805 599 1104 679 Stephano
1159 599 1440 679 Byzantio
1495 597 1570 659 ad
1626 597 1957 660 breuiatam
2011 597 2262 658 formam
2310 593 2625 668 Χιλιᾶδος
2679 593 2878 655 relatis

584 699 690 778 (fr.
722 699 927 773 1—4)
965 698 1367 777 confirmatur,
1415 697 1519 758 sed
1567 695 1727 777 quod
1774 698 2030 776 spatium
2075 694 2239 757 mille
2284 712 2577 756 annorum
2618 692 2878 765 Quadra·

582 807 679 860 tus
735 797 808 859 ab
863 796 1012 859 urbe
1069 796 1302 858 condita
1357 795 1703 876 complexus
1759 797 1840 856 sit
1884 795 2207 874 quaeritur.
2281 811 2419 855 nam
2474 795 2527 854 si
2570 809 2763 872 usque
2808 791 2879 853 ad

581 898 752 957 initia
815 896 1051 976 imperii
1109 893 1426 956 Alexandri
1473 894 1686 955 Seueri
1742 885 1823 976 (a.
1871 886 2273 977 222—235),
2338 892 2437 953 hic
2499 890 2879 953 millesimum

581 993 750 1056 urbis
797 1013 1017 1056 annum
1066 992 1368 1055 celebrare
1415 995 1545 1054 sine
1595 991 1774 1054 dubio
1814 1010 1932 1053 non
1970 992 2286 1069 omisisset,
2324 990 2497 1052 cuius
2533 991 2625 1050 rei
2662 991 2879 1051 mentio

583 1111 875 1173 nusquam
923 1093 1074 1154 facta
1121 1101 1228 1155 est.
1243 1085 1294 1176 1)
1360 1110 1554 1171 neque
1601 1089 1749 1152 illud
1796 1089 1906 1151 sub
1951 1088 2301 1168 Alexandro,
2348 1107 2523 1168 quem
2570 1106 2764 1168 usque
2810 1087 2879 1148 ad

582 1211 632 1253 a.
671 1187 800 1253 248
847 1193 1034 1253 uitam
1086 1190 1518 1271 producturum
1573 1208 1707 1250 esse
1764 1196 2051 1269 speraret,
2112 1186 2411 1267 incohare,
2464 1195 2592 1249 tum
2639 1195 2882 1269 propter

583 1288 860 1351 acerbam
925 1291 1055 1350 eius
1119 1298 1373 1350 mortem
1431 1287 1540 1349 sub
1595 1287 1889 1368 Philippis
1944 1285 2255 1348 absoluere
2308 1289 2528 1366 potuit:
2584 1289 2669 1348 ita
2722 1288 2879 1348 enim
2970 1285 2975 1288 ’

584 1389 762 1448 etiam
809 1404 905 1449 res
953 1386 1024 1448 ab
1065 1385 1160 1447 his
1199 1395 1398 1466 gestae
1436 1387 1495 1447 ei
1534 1384 1958 1448 describendae
1998 1385 2253 1446 fuerunt.
2326 1385 2440 1446 hoc
2476 1404 2665 1447 unum
2701 1387 2882 1466 igitur

583 1484 971 1566 relinquitur,
1027 1493 1091 1547 ut
1149 1502 1500 1547 censeamus
1545 1482 1939 1564 Quadratum,
1996 1502 2132 1545 cum
2192 1482 2303 1545 sub
2359 1482 2720 1564 Alexandro,
2778 1485 2880 1564 qui

583 1602 805 1645 annum
869 1591 1147 1664 quartum
1214 1582 1510 1645 decimum
1573 1600 1757 1662 agens
1820 1599 2071 1662 regnum
2136 1580 2383 1662 adeptus
2438 1588 2592 1663 erat,
2654 1581 2880 1645 fautore

583 1683 943 1762 scriptorum
998 1680 1478 1762 litterarumque,
1532 1679 1916 1742 millesimum
1972 1679 2140 1742 urbis
2193 1698 2415 1743 annum
2480 1700 2545 1743 se
2608 1683 2880 1744 uisurum

585 1798 719 1841 esse
754 1799 864 1861 pro
903 1788 1066 1842 certo
1103 1779 1369 1862 haberet,
1405 1778 1553 1841 illud
1590 1797 1741 1860 opus
1778 1785 2097 1860 praecepto
2134 1797 2253 1840 uno
2290 1777 2415 1841 fere
2450 1797 2608 1841 anno
2654 1782 2775 1841 iam
2811 1778 2883 1840 ad

583 1879 765 1940 linem
818 1877 1188 1959 perduxisse,
1242 1884 1372 1940 tum
1426 1896 1592 1958 uero,
1648 1896 1786 1939 cum
1842 1877 1962 1938 iam
2016 1879 2080 1940 in
2135 1895 2205 1939 eo
2261 1884 2436 1957 esset,
2490 1886 2560 1940 ut
2606 1876 2711 1940 ille
2758 1877 2881 1939 dies

583 1977 770 2038 festus
836 1976 1267 2057 celebraretur,
1339 1975 1736 2038 Alexandrum
1813 1974 2008 2037 subita
2080 1983 2273 2037 morte
2336 1977 2633 2039 interisse.
2722 1978 2881 2056 atqui

585 2075 792 2137 Castor
836 2074 1084 2136 Romam
1131 2092 1264 2136 esse
1301 2093 1350 2135 a.
1394 2070 1523 2136 764
1561 2093 1610 2135 a.
1643 2072 1778 2135 Chr.
1808 2092 1864 2134 n.
1896 2072 2193 2135 conditam
2241 2092 2372 2136 esse
2420 2083 2883 2155 computauerat,

586 2191 765 2254 quem
833 2172 989 2253 apud
1054 2171 1312 2234 Graecos
1377 2175 1554 2233 etiam
1620 2180 1746 2233 tum
1803 2166 2001 2256 (uelut
2057 2170 2215 2252 apud
2266 2167 2625 2258 Eusebium)
2672 2191 2881 2254 magna

583 2272 932 2333 auctoritate
989 2269 1265 2332 floruisse
1322 2279 1570 2350 constat,
1625 2279 1695 2332 ut
1740 2288 1932 2331 annus
1978 2266 2110 2331 236
2156 2288 2212 2351 p.
2253 2268 2389 2332 Chr.
2425 2271 2596 2333 urbis
2642 2271 2882 2333 millesi-

583 2387 716 2431 mus
773 2388 906 2431 esse
965 2371 1052 2430 eis
1110 2368 1434 2431 uideretur.
1509 2369 1917 2449 Philipporum
1975 2377 2173 2430 autem
2226 2370 2483 2430 maxime
2537 2369 2883 2432 interfuisse

584 2469 781 2529 omnia
843 2469 1096 2547 uestigia
1161 2467 1294 2528 talis
1360 2475 1675 2548 apparatus
1733 2465 1932 2529 delere
1986 2485 2097 2548 per
2150 2485 2216 2529 se
2280 2467 2493 2530 elucet.
2567 2471 2657 2531 sic
2692 2467 2885 2530 Vossii

585 2568 766 2641 (Hist.
801 2585 900 2643 ar.
925 2586 994 2644 p.
1023 2566 1158 2628 286
1194 2567 1397 2642 West.)
1438 2564 1724 2628 dubitatio
1764 2565 1837 2628 de
1876 2565 2094 2629 Suidae
2130 2567 2481 2628 auctoritate
2522 2575 2883 2629 remouetur.

761 2663 1006 2743 Euagrii
1068 2664 1262 2725 fontes
1327 2682 1528 2726 rerum
1592 2663 1990 2726 Romanarum
2060 2663 2483 2744 perlustrantis
2547 2683 2619 2726 eo
2693 2667 2883 2745 eapite

582 2763 992 2824 testimonium
1049 2761 1122 2823 ad
1168 2760 1444 2824 Parthica
1487 2763 1678 2823 Asinii
1726 2760 2011 2833 Quadrati
2066 2765 2328 2844 pertinet
2381 2771 2441 2824 et
2496 2781 2531 2824 a
2584 2762 2882 2843 Stephano

582 2860 862 2941 Byzantio
908 2859 1111 2922 multis
1158 2860 1306 2922 locis
1353 2869 1414 2922 et
1459 2879 1490 2921 a
1537 2859 1866 2940 Capitolino
1912 2862 2108 2922 citata.
2180 2879 2317 2922 nam
2365 2860 2525 2942 quod
2559 2860 2880 2923 Eusebium

585 2977 684 3020 res
723 2959 795 3019 ab
833 2956 1177 3038 Octauiano,
1205 2958 1477 3038 Traiano,
1507 2958 1705 3020 Marco
1742 2977 1935 3038 usque
1973 2957 2047 3020 ad
2084 2958 2220 3020 Cari
2256 2967 2511 3020 mortem
2550 2958 2879 3038 deduxisse,

583 3065 710 3118 tum
769 3054 842 3118 de
897 3057 993 3118 his
1045 3056 1414 3136 temporibus
1459 3056 1753 3137 quaedam
1808 3056 1881 3119 ab
1925 3058 2177 3118 Arriano
2234 3063 2295 3118 et
2338 3057 2543 3118 Asinio
2588 3056 2880 3130 Quadrato

585 3157 805 3235 scripta
853 3173 985 3216 esse
1032 3154 1234 3235 refert,
1280 3154 1416 3218 illos
1463 3164 1531 3217 ut
1575 3155 1939 3217 clarissimos
1983 3154 2339 3217 Parthorum
2385 3157 2650 3217 uictores
2696 3157 2878 3217 nomi·

585 3257 770 3333 nauit,
813 3254 1131 3315 Arrianum
1188 3261 1385 3315 autem
1439 3252 1595 3316 bella
1642 3272 1675 3315 a
1720 3253 1975 3315 Traiano
2022 3271 2158 3316 cum
2204 3253 2440 3315 Parthis
2494 3261 2659 3334 gesta
2706 3252 2879 3315 tradi-

686 3387 805 3392 ---...
988 3385 1067 3394 -ο--

766 3436 820 3505 1)
857 3434 912 3489 C.
953 3433 1192 3489 Mueller
1235 3435 1323 3490 Fr.
1353 3434 1422 3490 Η.
1453 3434 1517 3491 G.
1546 3435 1625 3490 111
1668 3453 1722 3505 p.
1758 3441 1862 3490 6⁶9
1917 3433 2281 3490 millesimum
2332 3435 2491 3492 urbis
2546 3451 2755 3490 annum
2810 3435 2879 3490 ab

585 3514 768 3569 initiis
796 3512 1104 3570 Alexandri
1130 3515 1293 3586 regni
1319 3518 1590 3586 reputans
1619 3531 1769 3570 anno
1800 3521 1901 3570 '2⁷6
1930 3515 2127 3570 urbem
2156 3514 2445 3572 conditam
2477 3530 2599 3572 esse
2628 3515 2883 3570 Asinium

586 3593 832 3650 uoluisse
889 3595 1191 3662 conclusit,
1246 3595 1395 3649 unde
1448 3599 1750 3666 postquam
1807 3593 1871 3650 G.
1927 3593 2075 3650 'heu
2125 3594 2357 3650 titulum
2403 3595 2757 3667 Olympicum
2794 3593 2886 3668 (Ἡ

579 3673 882 3745 Ὀλυμπικὴ
922 3675 1092 3746 βουλὴ
1131 3675 1228 3730 καὶ
1265 3675 1296 3730 ὁ
1334 3677 1512 3745 δῆμος
1545 3685 1659 3731 τῶν
1688 3673 1922 3731 Ἠλείων
1960 3675 2191 3749 Πάιον]
2219 3673 2459 3733 Ἀσίνιον
2494 3678 2884 3745 Κουαδρᾶτον,

587 3757 943 3824 ἀνθύπατον,
979 3754 1198 3811 ὕπατον
1233 3753 1729 3827 ἀποδεδειγμένον,
1766 3755 2103 3827 τειμήσαντα
2140 3757 2244 3827 τὴν
2264 3753 2571 3826 Ὀλυμπίαν
2606 3757 2705 3812 καὶ
2740 3755 2881 3829 λόγῳ

587 3836 686 3890 καὶ
741 3835 880 3909 ἔργῳ
934 3836 1336 3907 Dittenberger
1369 3836 1396 3890 1
1436 3855 1489 3906 p.
1521 3843 1625 3891 625
1663 3854 1717 3891 n.
1748 3840 1876 3908 417)
1932 3837 2006 3891 ad
2059 3837 2209 3892 hunc
2264 3837 2593 3909 scriptorem
2645 3836 2883 3904 rettulit,

589 3933 716 3970 eum
755 3933 790 3970 a
826 3920 1026 3972 senatu
1057 3916 1349 3988 Olympico
1386 3916 1709 3989 populoque
1738 3916 1876 3972 Eleo
1912 3919 2105 3973 statua
2140 3920 2403 3973 ornatum
2438 3933 2577 3986 esse,
2612 3918 2767 3988 quod
2804 3917 2885 3972 ‘in

588 3996 872 4067 prooemio
921 3997 990 4052 de
1036 3997 1181 4051 mira.
1227 3996 1345 4065 illa,
1393 4014 1539 4067 quae
1575 3996 1727 4052 inter
1771 3996 2017 4069 origines
2052 3997 2209 4053 urbis
2246 4001 2305 4054 et.
2338 3998 2599 4053 ludorum
2636 3997 2886 4070 Olympi-

589 4093 780 4132 corum
826 4077 1203 4133 intercederet
1245 4077 1514 4148 temporis
1559 4077 1782 4133 ratione
1818 4078 1997 4134 uerba.
2031 4078 2301 4148 fecisset’‚
2340 4077 2742 4150 Dittenberger
2777 4078 2816 4135 1.
2842 4097 2885 4134 s.

589 4156 873 4228 sagaciter
917 4158 1236 4228 suspicatus
1283 4162 1371 4213 est
1415 4174 1596 4228 neque
1642 4161 1835 4213 tamen
1879 4158 2021 4214 mihi
2056 4159 2353 4231 persuasit.
2418 4161 2669 4214 ceterum
2704 4175 2887 4214 rerum

591 4237 919 4309 scriptorem
949 4239 1378 4308 proconsulatus
1405 4242 1578 4308 atque
1607 4238 1933 4295 consulatus
1960 4240 2266 4295 honoribus
2302 4241 2561 4296 functum
2598 4255 2720 4296 esse
2756 4239 2887 4294 Dio-

589 4317 678 4372 nis
717 4320 776 4372 et
811 4317 978 4372 Marii
1016 4317 1248 4372 Maximi
1288 4317 1558 4390 exemplis
1593 4319 1717 4376 ueri
1760 4320 1944 4376 simile
1980 4321 2058 4376 fit.
