3234 5034
662 332 875 380 cxxw
1140 309 1237 366 DE
1276 307 1744 367 SCRIPTORVM
1783 309 1974 366 VITIS
2011 307 2106 366 ΕΤ
2143 309 2458 368 SCRIPTIS

664 479 917 542 alterum
972 481 1311 541 testimonio
1357 478 1709 551 Quintiliani
1757 482 1830 554 (l.
1865 483 1964 558 3.),
2013 482 2114 559 qui
2161 480 2317 560 quod
2365 499 2500 542 eum
2547 483 2960 543 auctoritatem

654 579 937 640 historiae
996 576 1257 658 ‘egregie
1322 581 1529 659 utique
1594 581 1656 640 in
1723 577 1892 640 libris
1959 578 2099 639 belli
2155 578 2494 640 Germanici
2559 577 2958 659 praestitisse)

654 677 901 756 iudicat,
967 673 1219 756 ‘genere
1282 679 1411 757 ipso
1476 676 1846 757 prohabilem
1907 679 1971 738 in
2039 678 2340 758 omnihus,
2413 676 2768 758 quibusdam
2835 680 2961 740 suis

656 779 851 856 ipsum
890 776 1123 838 uiribus
1158 774 1494 856 minorem’,
1531 778 1719 837 miror
1755 776 1912 856 quod
1949 775 2274 838 Mommsen
2313 779 2491 838 etiam
2529 795 2692 838 nunc
2731 777 2959 854 (praef.

658 877 746 936 ad
786 876 1007 937 Chron.
1044 879 1185 936 min.
1224 875 1304 936 II
1326 893 1387 951 p.
1419 875 1576 949 112)
1618 871 1863 937 ‘bellum
1902 871 2344 936 Germanicum'
2391 874 2692 936 annalium
2731 884 2960 955 partem

658 974 930 1034 effecisse
978 981 1201 1052 censet,
1248 979 1633 1052 posteaquam
1681 971 2079 1053 Nipperdeius
2117 975 2259 1050 (Op.
2287 993 2355 1051 p.
2385 973 2546 1048 438)
2586 976 2734 1036 satis
2779 975 2962 1034 certis

659 1074 1025 1150 argumentis
1068 1070 1133 1132 id
1179 1069 1482 1150 redarguit
1529 1071 1638 1148 (cf.
1676 1076 1859 1133 etiam
1897 1073 2094 1134 Fabia
2119 1090 2186 1148 p.
2215 1073 2352 1133 356
2367 1067 2598 1157 sqq).¹)
2673 1072 2786 1133 sed
2845 1091 2962 1151 quo

659 1188 813 1232 anno
850 1169 1117 1231 Aufidius
1156 1171 1391 1230 initium
1440 1169 1652 1230 fecerit
1697 1188 1803 1230 sua
1851 1177 2116 1249 tempora
2163 1169 2482 1250 scribendi,
2531 1189 2648 1250 quo
2695 1170 2962 1249 desierit,

660 1270 983 1348 quaeritur.
1049 1269 1210 1347 atqui
1258 1276 1327 1329 ut
1370 1269 1632 1347 primum
1672 1267 1746 1330 de
1781 1267 1894 1329 hoc
1931 1267 2323 1349 disputemus,
2360 1287 2488 1330 rem
2527 1287 2682 1330 anno
2721 1264 2962 1348 557808

660 1375 887 1445 gestam
932 1369 1050 1428 iam
1088 1366 1315 1427 Plinius
1352 1369 1619 1427 uarrauit
1657 1367 1766 1444 (fr.
1793 1368 1902 1441 5);
1947 1366 2358 1428 Cassiodorius
2407 1373 2622 1446 autem,
2669 1369 2772 1448 qui
2809 1385 2962 1446 quae

664 1483 760 1526 res
808 1473 942 1545 post
990 1465 1227 1526 Liuium
1284 1473 1344 1526 et
1398 1471 1535 1526 ante
1582 1464 1867 1526 Paschale
1925 1458 1992 1548 (i.
2031 1485 2082 1526 e.
2121 1465 2364 1526 Victorii
2400 1459 2710 1549 Aquitani)
2759 1473 2964 1544 gestae

661 1571 887 1644 essent,
944 1582 1009 1625 se
1066 1562 1377 1643 collegisse
1431 1582 1503 1624 ex
1549 1563 1782 1624 Aufidio
1829 1562 2012 1625 Basso
2071 1566 2201 1643 ipse
2249 1570 2502 1625 testatur
2557 1566 2641 1640 (p.
2673 1565 2853 1642 161),
2911 1565 2965 1624 si

662 1661 896 1723 Liuium
962 1679 1151 1741 usque
1212 1661 1283 1722 ad
1346 1663 1571 1723 exitum
1633 1655 1712 1745 (a.
1751 1655 1976 1746 9f745)
2043 1669 2286 1724 secutus
2341 1669 2450 1742 est,
2511 1681 2560 1723 a.
2600 1659 2745 1742 32s7
2753 1659 2842 1723 85
2891 1660 2964 1722 ad

659 1759 937 1821 Paschale
984 1779 1048 1821 se
1096 1762 1417 1840 conuertit,
1474 1779 1546 1820 ex
1592 1759 1822 1821 Aufidio
1872 1778 1966 1840 ea,
2014 1778 2164 1840 quae
2211 1763 2366 1822 intra
2413 1761 2522 1821 hos
2567 1778 2754 1821 annos
2803 1767 2964 1838 sunt,

660 1860 917 1938 sumpsit
980 1858 1087 1936 (fr.
1134 1859 1234 1934 3),
1306 1857 1369 1918 id
1442 1858 1726 1938 explicari
1799 1877 1920 1920 non
1997 1867 2195 1938 potest
2278 1861 2398 1918 nisi
2470 1860 2552 1919 ita
2630 1876 2824 1938 usque
2891 1857 2967 1919 ad

662 1977 712 2018 a.
750 1952 1007 2038 31s784‚
1054 1975 1173 2036 quo
1220 1955 1469 2018 Seianus
1516 1955 1943 2018 condemnatus
1991 1963 2099 2035 est,
2145 1955 2442 2018 Aufidium
2479 1956 2788 2018 historiam
2826 1974 2964 2036 per-

660 2057 922 2116 texuisse
970 2063 1030 2115 et
1074 2054 1249 2134 paulo
1293 2063 1445 2134 post,
1500 2074 1638 2116 cum
1685 2054 2192 2136 quadragenarius
2241 2055 2366 2116 fere
2412 2062 2589 2133 esset,
2649 2057 2712 2115 in
2767 2053 2964 2133 puhli-

662 2173 801 2216 cum
848 2154 1148 2235 emisisse3
1206 2155 1294 2214 sic
1348 2155 1543 2234 potuit
1598 2173 1730 2214 eam
1777 2153 2002 2214 Seneca
2058 2154 2262 2215 rhetor
2308 2153 2514 2215 audire
2561 2171 2756 2232 neque
2811 2171 2964 2232 opus

664 2260 759 2314 est
812 2253 1042 2332 opinari
1100 2259 1329 2331 partem
1386 2258 1615 2313 tantum
1685 2253 1814 2312 eius
1869 2251 2166 2312 Aufidium
2233 2254 2533 2313 recitasse.
2640 2253 2966 2330 repetierat

662 2359 861 2414 autem
898 2370 931 2410 a
960 2357 1149 2411 morte
1188 2357 1350 2411 certe
1390 2351 1696 2411 Ciceronis
1733 2351 1841 2429 (fr.
1865 2351 1922 2410 1.
1939 2351 2028 2429 2),
2068 2360 2130 2412 et
2166 2369 2302 2411 cum
2341 2349 2414 2411 ab
2467 2369 2535 2411 ea
2579 2356 2647 2410 ut
2683 2347 2756 2410 ab
2789 2349 2965 2409 initio

660 2467 877 2529 parum
936 2448 1151 2510 idoneo
1210 2449 1311 2509 uix
1369 2466 1616 2510 exorsus
1678 2457 1864 2528 esset,
1922 2449 2174 2510 sortasse
2237 2456 2306 2510 ut
2361 2449 2588 2510 Seneca
2641 2451 2836 2510 maior
2890 2447 2964 2510 ah

660 2549 833 2608 initio
880 2545 1020 2607 belli
1058 2545 1273 2626 ciuilis,
1312 2545 1565 2608 habehat
1600 2565 1726 2625 cur,
1765 2547 1924 2627 quod
1965 2549 2092 2608 eius
2131 2555 2394 2608 terrores
2431 2549 2702 2627 oppressi
2740 2555 2966 2626 essent,

661 2653 732 2707 ut
776 2645 1105 2724 Epicureus
1151 2647 1530 2725 potissimum
1574 2644 1962 2725 praedicaret.

841 2743 1043 2804 Libri
1086 2742 1268 2804 belli
1315 2741 1722 2805 Germanici
1781 2763 1926 2823 quas
1983 2763 2081 2805 res
2129 2742 2388 2823 amplexi
2431 2746 2578 2822 sint,
2637 2761 2755 2823 quo
2813 2751 2965 2805 tem-

662 2859 805 2922 pore
853 2843 1077 2922 scripti,
1125 2841 1422 2903 statuendi
1470 2850 1632 2903 certa
1679 2859 1820 2904 ansa
1869 2861 2158 2924 caremuS,
2205 2842 2310 2903 sed
2359 2841 2518 2921 qnod
2553 2841 2777 2903 bellum
2817 2841 2965 2903 Ger-

664 2941 965 3000 manicum
1012 2938 1345 3001 absolutum
1392 2959 1525 3002 esse
1572 2941 1856 3020 singulari
1903 2959 2150 3003 numero
2199 2941 2586 3020 significauit,
2640 2959 2834 3020 usque
2893 2940 2966 3002 ad

664 3037 1085 3100 Germanicum
1132 3057 1269 3100 eum
1315 3040 1666 3118 peruenisse
1705 3041 1980 3119 coniciaS,
2028 3059 2060 3100 a
2098 3058 2216 3120 quo
2253 3038 2315 3099 id
2353 3039 2688 3118 perfectum
2725 3057 2965 3119 pacem·

665 3156 780 3216 que
810 3139 1141 3198 restitutam
1172 3155 1305 3198 esse
1334 3143 1459 3198 tum
1488 3155 1694 3198 omnes
1724 3137 2017 3198 iactabant
2045 3139 2364 3211 (F'leclceis.
2395 3155 2537 3199 ann.
2569 3138 2697 3198 111
2715 3157 2782 3214 p.
2813 3138 2966 3212 502,

662 3239 755 3296 sic
800 3239 985 3296 etiam
1031 3235 1228 3296 Fabia
1260 3255 1328 3312 p.
1360 3236 1537 3311 407),
1592 3237 1859 3315 itemque
1913 3253 2050 3297 cum
2107 3235 2468 3316 Nipperdeio
2525 3228 2612 3317 (p.
2651 3229 2818 3320 439)
2873 3237 2966 3296 in·

664 3335 898 3412 cepisse
960 3331 1059 3393 uel
1106 3351 1241 3393 cum
1304 3331 1459 3394 bello
1525 3334 1808 3396 Ariouisti
1874 3333 1971 3395 uel
2038 3353 2172 3395 cum
2229 3334 2488 3395 Cimbris
2543 3333 2967 3414 Teutonisque,

664 3438 790 3492 tum
836 3449 985 3492 uero
1030 3430 1287 3501 Plinium
1334 3434 1640 3512 maiorem,
1689 3432 1846 3513 quod
1885 3449 1950 3493 se
1987 3451 2018 3494 a
2057 3432 2248 3494 Druso
2295 3433 2721 3512 quiescentem,
2777 3440 2848 3493 ut
2893 3431 2966 3493 ab

662 3531 883 3590 iniuria
962 3528 1279 3590 obliuionis
1366 3549 1431 3590 se
1514 3530 1845 3609 adsereret,
1921 3532 2150 3591 somnio
2213 3538 2446 3592 oratum
2511 3548 2646 3592 esse
2699 3533 2968 3591 narrauit

666 3630 755 3701 (u.
786 3628 957 3706 infra
981 3646 1049 3704 p.
1084 3630 1446 3706 cxxxxvm),
1476 3646 1609 3689 cum
1640 3628 1856 3690 Aufidii
1893 3629 2140 3690 historia
2181 3631 2309 3691 eius
2349 3628 2476 3691 laus
2513 3630 2706 3690 minui
2743 3631 2798 3690 ei
2837 3631 2966 3690 uisa

667 3733 843 3804 esset,
901 3724 1011 3786 suh
1057 3726 1415 3804 imperatore
1473 3725 1715 3788 Claudio
1770 3735 1839 3789 ut
1883 3726 2058 3788 Drusi
2115 3726 2236 3788 filio
2282 3726 2382 3788 illa
2428 3725 2582 3788 bella
2629 3729 2966 3808 scripsisse,

664 3823 963 3885 Aufidium
1030 3830 1164 3884 ante
1230 3823 1539 3886 Claudium
1604 3826 1884 3899 (Schanz
1924 3826 2002 3886 II
2039 3817 2110 3886 2²
2141 3843 2208 3903 p.
2239 3825 2418 3900 253).
2511 3824 2617 3886 sed
2680 3825 2966 3887 historiae

848 3997 899 4064 1)
938 3992 1132 4049 Omnis
1160 3993 1445 4052 dubitatio
1474 3997 1690 4052 remota.
1718 3999 1883 4066 esset,
1911 3995 1962 4050 si
1989 3995 2248 4050 Halmius
2276 4013 2403 4051 cum
2421 3995 2480 4052 C.
2497 3996 2556 4051 L.
2577 3995 2788 4052 Rothio
2815 4000 2966 4052 recte

665 4074 727 4129 in
762 4077 981 4129 textum
1016 4074 1345 4144 recepisset:
1404 4076 1591 4146 utique
1627 4077 1690 4130 in
1718 4077 1874 4132 libris
1911 4077 2036 4132 belli
2075 4077 2409 4144 Germanici,
2459 4095 2650 4148 yenere
2687 4080 2808 4146 ipso
2835 4094 2966 4148 pro-

668 4156 883 4222 babilis,
928 4157 991 4209 in
1028 4157 1281 4224 operibus
1316 4157 1644 4226 quibusdam
1679 4159 1798 4212 suis
1833 4159 1948 4226 ipse
1983 4156 2204 4213 uiribus
2249 4159 2444 4212 minor.
2513 4161 2574 4211 at
2609 4157 2774 4212 codd.
2813 4158 2966 4212 exhi-

665 4235 805 4290 bent
830 4236 893 4289 in
920 4237 1175 4290 omnibus
1200 4237 1527 4306 quibusdam
1556 4235 1624 4303 (G
1645 4237 1702 4305 S)
1729 4237 1822 4291 uel
1851 4239 1914 4292 in
1942 4237 2194 4293 omnibus
2219 4237 2314 4292 sed
2339 4239 2404 4292 in
2431 4236 2762 4307 quibusdam
2783 4238 2860 4306 (M
2881 4241 2963 4304 ς);

668 4315 889 4369 cautius
926 4314 1158 4370 Meister
1186 4317 1509 4385 probabilia,
1546 4318 1609 4371 in
1639 4317 1898 4386 partibus
1933 4317 2278 4387 quibusdam.
