3234 5034
1039 299 1100 354 Τ.
1131 299 1554 356 POMPONIVS
1589 301 1897 356 ATTICVS
2465 323 2611 370 xxv

295 467 762 546 imperiosorum
798 466 1154 546 populorum
1192 475 1252 528 et
1289 485 1496 546 regum
1524 467 1849 531 illustrium
1880 472 2065 543 (orat.
2095 475 2131 531 l.
2159 464 2258 554 3.),
2292 489 2405 550 qua
2444 472 2507 530 in
2546 488 2611 531 re

298 573 685 626 externarum
723 583 926 628 rerum
965 568 1192 627 ratione
1229 566 1428 628 habita
1459 560 1652 649 (certe
1686 567 2153 647 Atheniensium,
2194 568 2267 629 cf.
2308 570 2613 631 Muenzer

295 667 336 724 l.
367 681 417 724 s,
451 682 524 741 p.
567 663 652 724 78
669 658 826 748 sqq.)
875 683 1012 725 cum
1071 663 1344 727 Cornelio
1401 668 1590 728 amico
1640 673 1699 728 et
1746 666 2101 728 admiratore
2149 669 2468 748 concinuit,
2515 685 2610 728 ea-

301 761 560 842 demque
609 761 680 823 de
731 781 908 824 causa
951 781 1235 825 numeros
1279 763 1448 826 urbis
1494 763 1765 826 conditae
1810 784 1946 826 cum
1983 765 2415 846 olympiadibus
2453 785 2609 827 com-

296 862 552 941 parauit.
631 859 884 940 denique
931 860 1090 940 quod
1135 865 1489 942 propagines
1529 863 1827 925 clarorum
1861 866 2132 926 uirorum
2172 864 2431 926 adiectas
2478 883 2611 926 esse

297 959 398 1020 ille
455 961 752 1040 narrauit,
813 979 960 1020 usus
1018 961 1148 1022 eius
1203 959 1544 1040 diligentiae
1600 963 1665 1022 in
1720 962 1905 1023 Bruto
1960 962 2165 1025 multis
2220 963 2367 1025 locis
2432 965 2613 1024 etiam

299 1077 463 1119 nunc
518 1057 889 1120 manufestus
945 1065 1054 1120 est.
1128 1055 1316 1139 quid?
1379 1059 1538 1139 quod
1597 1067 1733 1140 post
1792 1059 2064 1122 annalem
2120 1061 2346 1123 editum
2403 1061 2611 1123 Cicero

299 1158 538 1218 cautius
573 1155 884 1218 historiam
921 1157 1131 1236 attigit,
1169 1165 1237 1219 ut
1263 1159 1326 1218 in
1357 1177 1427 1219 eo
1454 1157 1607 1219 libro
1636 1157 1937 1238 pollicitus
1966 1167 2060 1221 est
2089 1160 2222 1236 (11,
2252 1161 2387 1237 44),
2418 1178 2612 1240 neque

299 1273 520 1336 operae
574 1257 844 1335 pepercit
899 1273 972 1316 ex
1028 1255 1220 1317 Attico
1277 1255 1604 1336 quaerendi
1659 1259 1837 1318 etiam
1893 1257 1967 1319 de
2024 1255 2331 1338 ‘ineptiis’,
2388 1261 2439 1320 si
2496 1276 2612 1339 qua

303 1353 596 1415 dubitatio
645 1356 700 1414 ei
747 1362 876 1416 erat
921 1353 1146 1434 oborta,
1193 1354 1360 1416 uelut
1406 1375 1544 1416 cum
1589 1357 1652 1416 in
1701 1355 1852 1417 libro
1900 1355 1971 1418 de
2028 1356 2249 1419 linibus
2297 1356 2613 1419 scribendo

301 1460 652 1514 uersaretur
708 1445 788 1534 (a.
826 1446 1135 1536 46s708),
1202 1452 1418 1533 quibus
1483 1453 1830 1516 consulibus
1888 1453 1949 1515 P.
2001 1454 2283 1516 Scaeuola
2345 1455 2613 1536 pontifex

301 1553 599 1612 maximus
607 1597 626 1629 ,
673 1549 892 1630 quibus
939 1543 1032 1634 (L.
1069 1545 1388 1636 Hostilius)
1445 1551 1742 1631 TubuluS,
1800 1552 2015 1632 quibus
2074 1552 2137 1613 L.
2186 1551 2331 1614 Libo
2386 1553 2613 1614 tribuni

301 1647 496 1729 plebis
554 1649 779 1710 fuerint
823 1667 1060 1729 quoque
1108 1651 1360 1710 crimine
1405 1649 1675 1713 Tubulus
1728 1649 2157 1713 condemnatus
2204 1653 2283 1712 sit
2330 1653 2447 1725 (ad
2488 1653 2612 1713 Att.

301 1749 451 1808 ΧΙῙ
487 1749 548 1823 5,
585 1749 678 1826 3),
733 1754 800 1808 ut
855 1765 1007 1827 quae
1064 1747 1138 1809 de
1195 1750 1283 1809 eis
1331 1751 1408 1811 de
1445 1753 1553 1823 fin.
1595 1751 1677 1812 II
1714 1751 1817 1826 16,
1846 1751 1935 1810 54
1978 1749 2269 1830 proferat,
2316 1749 2390 1810 ad
2436 1749 2613 1812 Attici

303 1848 618 1908 scientiam
657 1844 930 1925 redeant,
975 1853 1101 1908 tum
1141 1865 1258 1927 quo
1295 1866 1450 1908 anno
1485 1839 1576 1931 (C.
1609 1842 2030 1933 Sempronius)
2070 1847 2399 1910 Tuditanus
2436 1867 2615 1929 quae-

304 1953 434 2005 stor
469 1952 573 2006 aut
599 1944 878 2006 tribunus
905 1945 1164 2008 militum
1193 1948 1311 2020 (ad
1335 1949 1456 2008 Aet.
1487 1947 1671 2008 XIII
1697 1947 1802 2023 33,
1831 1948 1921 2027 3),
1961 1966 2079 2026 quo
2117 1944 2177 2007 C.
2207 1947 2469 2008 Fannius
2508 1948 2613 2007 tri-

304 2043 504 2105 bunus
533 2041 726 2122 plebis
747 2045 944 2117 (XVI
965 2044 1208 2125 13⁶‚2);
1250 2043 1462 2106 deinde
1489 2063 1626 2105 cum
1659 2044 1729 2105 de
1759 2045 1923 2106 luctu
1952 2043 2275 2106 minuendo
2306 2044 2613 2125 scriberet,

305 2161 450 2202 num
488 2139 595 2202 Cn.
627 2140 860 2221 Caepio,
891 2140 1179 2203 Seruiliae
1209 2141 1438 2203 Claudii
1473 2151 1661 2222 pater,
1698 2145 1917 2204 uiuone
1954 2151 2123 2222 patre
2161 2163 2269 2204 suo
2306 2143 2615 2223 naufragio

306 2241 558 2320 perierit
612 2257 688 2300 an
742 2247 1005 2319 mortuo,
1061 2239 1281 2301 Rutilia
1336 2242 1554 2300 uiuone
1602 2239 1663 2300 C.
1705 2241 1871 2302 Cotta
1928 2241 2048 2302 filio
2106 2260 2213 2302 suo
2258 2249 2493 2302 mortua
2540 2244 2617 2303 sit

307 2356 384 2397 an
437 2345 678 2398 mortuo
731 2338 901 2411 (XII
941 2338 1043 2414 20,
1083 2338 1153 2412 2)
1210 2337 1542 2419 similiaque
1602 2337 1673 2399 de
1731 2337 1862 2399 aliis
1911 2340 2085 2413 (XII
2122 2339 2227 2412 22,
2266 2339 2323 2400 2.
2374 2340 2477 2415 24,
2516 2340 2616 2421 2);

305 2455 487 2516 porro
554 2454 704 2516 quae
771 2454 948 2496 causa
1020 2434 1330 2516 legationis
1391 2435 1711 2498 Carneadis
1777 2437 1958 2498 suerit
2004 2471 2087 2480 —
2136 2435 2247 2498 hoc
2310 2438 2495 2517 igitur
2551 2439 2615 2498 in

309 2535 508 2596 annali
567 2531 1013 2595 desiderauerat
1059 2535 1165 2612 (fr.
1205 2535 1277 2609 8)
1316 2569 1420 2615 —-,
1465 2537 1600 2616 quis
1658 2554 1726 2596 ea
1783 2543 1973 2596 aetate
2037 2536 2363 2616 praefuerit
2426 2535 2616 2598 hortis

307 2633 624 2713 Epicureis
633 2678 651 2712 ,
709 2634 811 2714 qui
872 2632 1118 2694 Athenis
1175 2633 1506 2695 πολιτικοί
1560 2634 1782 2695 fuerint
1841 2632 2103 2695 illustres
2166 2635 2340 2708 (XII
2385 2635 2487 2711 23,
2527 2635 2615 2713 2),

303 2733 566 2792 maxime
605 2740 802 2793 autem
839 2733 1014 2792 torsit
1050 2733 1224 2792 amici
1254 2730 1617 2810 diligentiam
1649 2730 2129 2812 facilitatemque,
2155 2741 2239 2812 ut,
2269 2734 2371 2812 qui
2412 2731 2615 2793 decem

309 2830 486 2910 legati
543 2829 824 2891 Mummio
883 2830 1163 2909 fuissent,
1221 2831 1579 2908 comperiret
1626 2830 1837 2902 (XIII
1871 2830 1978 2906 30,
2015 2831 2058 2890 3
2069 2852 2091 2901 ;
2146 2831 2251 2908 33,
2290 2830 2349 2891 3.
2408 2830 2486 2907 cf.
2526 2849 2614 2907 ep.

309 2929 370 3006 6,
409 2930 488 3002 4,·
536 2929 596 3004 4,
637 2929 712 3000 1,·
757 2929 817 3004 5,
857 2929 944 3001 1).

490 3025 578 3086 Ex
632 3025 728 3086 his
785 3034 981 3088 autem
1042 3024 1316 3105 epistulis
1361 3027 1504 3086 item
1550 3024 1851 3104 uidemuS,
1900 3043 1973 3086 ex
2019 3025 2237 3104 quibus
2294 3028 2322 3086 f
2325 3045 2409 3087 on
2422 3025 2618 3088 tibus

307 3125 570 3204 Atticus,
625 3126 688 3185 in
743 3124 854 3185 hac
914 3143 1094 3203 opera
1149 3122 1222 3184 ab
1269 3123 1556 3184 Antiocho
1613 3141 1789 3184 seruo
1845 3122 2083 3184 adiutus
2139 3125 2346 3196 (XIII
2382 3125 2487 3200 33,
2526 3125 2617 3203 3),

309 3243 420 3284 sua
479 3223 723 3284 haurire
780 3222 988 3283 solitus
1046 3223 1148 3304 sit3
1206 3222 1530 3301 delegatur
1567 3223 1725 3281 enim
1774 3239 1806 3280 a
1855 3220 2139 3283 Cicerone
2193 3230 2258 3281 ut
2305 3220 2377 3282 ad
2424 3222 2618 3283 fontes

307 3323 426 3401 ipsi
475 3327 672 3381 notos·
703 3328 1126 3399 promptosque
1175 3328 1234 3380 et
1281 3320 1353 3382 ad
1399 3321 1677 3381 uiuorum
1724 3319 2097 3398 quorundam
2146 3319 2615 3382 recordationem

311 3420 490 3492 (XII
518 3418 625 3494 22,
653 3418 725 3493 2)
765 3425 824 3479 et
871 3417 944 3478 ad
992 3427 1232 3480 senatus
1279 3418 1687 3480 consultorum
1725 3416 2135 3480 collectionem
2176 3420 2386 3493 (XIII
2410 3419 2515 3495 33,
2543 3420 2616 3492 3)

311 3526 374 3580 et
419 3516 494 3578 de
541 3515 726 3578 rebus
773 3515 1017 3577 Graecis
1065 3516 1138 3578 ad
1183 3517 1598 3596 Apollodorum
1640 3517 1817 3590 (XII
1841 3516 1947 3593 23,
1975 3517 2066 3597 2),
2113 3517 2285 3577 cuius
2330 3515 2618 3577 indicium

308 3619 430 3677 iam
469 3632 652 3694 supra
689 3614 1123 3694 adnotauimus,
1161 3614 1318 3676 aliud
1353 3614 1494 3674 inde
1533 3613 1769 3675 elucere
1807 3613 2065 3693 uidetur,
2103 3613 2260 3695 quod
2308 3613 2619 3676 Cornelius

309 3713 511 3794 Nepos
566 3715 686 3774 iam
735 3733 784 3774 a.
833 3707 1086 3794 63s691
1148 3712 1398 3773 eundem
1464 3721 1705 3773 secutus
1772 3713 2049 3773 chronica
2116 3730 2219 3772 sua
2288 3713 2621 3791 composuit

313 3815 470 3886 (uid.
495 3831 564 3890 p.
595 3833 630 3872 ι
657 3813 772 3888 sq.)
785 3805 868 3895 ¹);
917 3809 1172 3892 denique
1209 3820 1444 3871 ueteres
1481 3808 1766 3889 quosdam
1804 3811 2261 3872 commentarios
2301 3808 2374 3870 de
2417 3818 2619 3890 poeta-

499 3997 553 4060 1)
592 3989 852 4047 Ceterum
897 3990 1176 4046 rationem
1223 3993 1513 4046 auctorum
1561 3989 2041 4046 aestimandorum
2088 3988 2378 4045 Cornelius
2426 3991 2619 4062 Nepos

317 4073 508 4128 Attico
565 4071 772 4128 debere
825 4070 1071 4127 uidetur.
1137 4087 1269 4126 nam
1313 4071 1365 4124 11
1402 4077 1451 4140 9,
1486 4076 1514 4124 1
1564 4070 1953 4140 Thucydidem
1991 4069 2061 4125 de
2108 4069 2503 4126 Themistoclis
2559 4071 2619 4126 in

315 4152 604 4208 Persidem
642 4152 893 4207 aduentu
931 4167 990 4206 se
1029 4149 1190 4220 sequi
1226 4150 1538 4222 profitetur,
1577 4151 1731 4219 quod
1768 4153 1827 4204 et
1856 4152 2045 4206 aetate
2072 4149 2359 4220 pron'mus
2389 4154 2448 4206 et
2474 4151 2619 4206 eius-

319 4233 446 4287 dem
483 4232 738 4288 ciuitatis
783 4231 1004 4300 fuisset,
1050 4231 1312 4300 idemque
1353 4236 1436 4298 10,
1466 4237 1500 4284 4
1547 4231 1620 4285 de
1666 4229 1787 4285 eius
1834 4231 2015 4285 morte
2052 4231 2293 4286 eundem
2331 4233 2619 4286 auctorem

323 4313 544 4383 probat.
611 4313 682 4367 de
720 4313 920 4367 eadem
956 4315 1150 4367 autem
1185 4328 1246 4366 re
1284 4309 1474 4366 Cicero
1519 4311 1580 4364 in
1617 4310 1793 4365 Bruto
1832 4317 1919 4381 11,
1948 4317 2017 4366 43
2054 4311 2293 4366 eundem
2331 4314 2621 4368 auctorem
