3234 5034
1010 359 1108 414 DE
1145 359 1322 415 VITA
1357 357 1901 414 IMPERATORVM
2480 359 2603 426 127

481 542 578 590 ΒΕ
615 542 782 590 VITA
820 541 1238 590 PERTINAGIS
2648 583 2749 630 175

485 621 576 690 1¹7
590 626 654 690 *.
710 627 903 704 Capit.
944 628 1107 688 Pert.
1146 627 1206 702 2,
1245 628 1288 687 6
1347 627 1704 707 Marcusque
1755 627 2080 707 imperator
2118 661 2201 670 -—
2240 629 2607 707 praetorium
2645 655 2749 721 ζῇ

297 743 436 786 eum
481 723 928 804 [Pertinacem]
969 725 1113 786 fecit
1159 733 1219 786 et
1253 727 1479 805 primae
1527 724 1751 804 legioni
1796 724 2089 805 regendae
2147 726 2435 806 inposuit,
2490 733 2607 787 sta-

295 826 528 903 timque
576 822 814 886 Raetias
863 830 923 885 et
970 823 1252 884 Noricum
1299 822 1372 885 ab
1427 822 1698 885 hostibus
1752 821 2099 884 uindicauit.
2176 840 2247 884 ex
2300 841 2416 902 quo
2464 826 2608 884 emi·

243 945 268 984 5
297 930 482 984 nente
538 921 834 984 industria
889 921 1086 984 studio
1141 921 1326 982 Marci
1381 922 1761 1001 imperatoris
1820 921 2026 982 consul
2092 930 2183 982 est
2249 920 2609 1002 designatus.

299 1027 495 1082 exstat
561 1023 750 1082 oratio
816 1019 973 1100 apud
1036 1018 1287 1082 Marium
1352 1019 1671 1080 Maximum
1727 1019 1933 1082 laudes
1990 1021 2120 1081 eius
2180 1021 2495 1081 continens
2551 1031 2610 1081 et

298 1120 500 1180 omnia
557 1117 656 1180 uel
716 1136 868 1198 quae
923 1119 1067 1180 fecit
1119 1117 1218 1180 uel
1274 1136 1426 1198 quae
1479 1136 1803 1198 perpessus
1858 1127 1965 1179 est.
2041 1124 2101 1178 et
2156 1124 2394 1198 praeter
2448 1117 2607 1180 illam

297 1219 662 1293 orationem,
718 1235 896 1297 quam
954 1215 1195 1296 longum
1259 1217 1374 1277 fuit
1431 1225 1773 1296 conectere,
1839 1218 2187 1296 saepissime
2241 1215 2517 1278 Pertinax
2576 1237 2608 1277 a

297 1313 500 1375 Marco
547 1323 606 1375 et
653 1318 716 1375 in
766 1317 1042 1377 contione
1091 1313 1335 1376 militari
1382 1322 1443 1376 et
1487 1317 1551 1375 in
1597 1322 1808 1377 senatu
1845 1313 2117 1375 laudatus
2155 1320 2263 1393 est,
2305 1313 2609 1394 doluitque

218 1437 272 1476 ιο
298 1411 496 1493 palam
543 1412 797 1492 Marcus,
853 1412 1013 1492 quod
1067 1421 1309 1474 senator
1355 1421 1512 1474 esset
1559 1420 1618 1473 et
1666 1413 2003 1492 praefectus
2048 1420 2235 1493 praet„
2284 1413 2415 1474 lieri
2462 1431 2495 1474 a
2541 1431 2607 1473 se

299 1530 422 1573 non
469 1519 692 1591 posset.

487 1603 602 1672 18.
659 1610 850 1688 Capit.
883 1612 1115 1670 Pertin.
1147 1611 1250 1686 15,
1278 1607 1321 1669 8
1371 1607 1693 1670 Horruisse
1729 1616 1927 1670 autem
1964 1607 2133 1670 illum
2164 1606 2607 1687 [Pertinacem]

299 1709 623 1788 imperium
671 1706 926 1788 epistula
973 1706 1162 1787 docet,
1209 1725 1362 1786 quae
1406 1708 1567 1768 uitae
1615 1705 1777 1769 illius
1824 1725 1856 1766 a
1902 1705 2087 1767 Mario
2133 1705 2386 1768 Maximo
2432 1725 2609 1788 appo·

299 1809 414 1868 sita
463 1812 572 1866 est.
649 1824 826 1885 quam
875 1825 983 1885 ego
1029 1806 1300 1867 inserere
1349 1804 1425 1865 ob
1471 1806 1719 1866 nimiam
1766 1803 2196 1883 longitudinem
2242 1804 2421 1866 nolui.

219 1929 270 1968 ιε.
483 1917 580 1964 DE
619 1917 786 1964 VITA
825 1916 1078 1966 SEVERI

491 1995 602 2066 19.
669 2003 874 2080 Spart.
931 2003 1059 2064 Get.
1107 2003 1166 2078 2,
1207 2003 1244 2063 1
1311 1999 1457 2062 Geta
1512 2008 1713 2062 autem
1770 2001 1963 2061 dictus
2023 2009 2115 2062 est
2167 2000 2265 2062 uel
2324 2021 2357 2063 a
2412 2003 2609 2082 patrui

297 2103 543 2162 nomine
590 2099 690 2161 uel
737 2102 835 2162 aui
879 2101 1132 2180 paterni,
1181 2099 1254 2161 de
1302 2101 1474 2161 cuius
1519 2101 1643 2160 uita
1691 2106 1751 2160 et
1796 2098 2063 2160 moribus
2118 2101 2182 2159 in
2228 2101 2351 2160 uita
2399 2099 2612 2161 Seueri

298 2197 526 2260 Marius
571 2197 861 2260 Maximus
907 2199 1104 2278 primo
1149 2199 1490 2278 septenario
1538 2199 1684 2258 satis
1733 2198 1970 2276 copiose
2019 2195 2238 2258 retulit.

482 2291 594 2360 20.
657 2297 972 2374 Lamprid.
1011 2297 1188 2358 Alex.
1229 2297 1288 2372 5,
1325 2297 1370 2356 3
1433 2287 1703 2357 Delatum
1770 2293 1885 2356 sibi
1949 2296 2230 2356 Antonini
2297 2313 2512 2357 nomen
2577 2315 2611 2356 a
2710 2305 2715 2308 '

219 2419 272 2459 2⁰
299 2403 514 2456 senatu
562 2397 868 2456 recusauit
913 2393 1346 2473 [Alexander],
1395 2412 1533 2456 cum
1579 2393 1679 2454 hic
1734 2394 1923 2472 magis
1980 2392 2281 2455 adfinitate
2325 2393 2613 2456 Caracalli

298 2497 671 2573 iungeretur,
727 2511 904 2572 quam
963 2492 1064 2553 ille
1121 2491 1490 2554 subditiuus.·
1556 2494 1607 2553 si
1657 2491 1915 2572 quidem,
1952 2499 2022 2553 ut
2064 2491 2285 2554 Marius
2322 2491 2611 2554 Maximus

302 2591 454 2653 dixit
517 2593 582 2652 in
645 2592 768 2652 uita
836 2590 1072 2670 Seueri,
1129 2588 1388 2651 nobilem
1443 2592 1694 2653 orientis
1751 2589 2066 2652 mulierem
2112 2589 2392 2670 Seuerus,
2440 2592 2611 2652 cuius
2646 2591 2752 2668 {⁷-

299 2689 458 2752 hanc
503 2691 845 2769 genituram
892 2706 1024 2750 esse
1071 2696 1439 2768 conpererat,
1484 2696 1553 2750 ut
1587 2707 1741 2750 uxor
1775 2689 2153 2768 imperatoris
2192 2695 2371 2768 esset,
2416 2686 2610 2750 adhuc
2648 2681 2751 2729 940

298 2790 578 2869 priuatus
623 2795 684 2848 et
729 2804 848 2848 non
896 2788 1098 2866 magni
1143 2788 1288 2847 satis
1334 2786 1466 2867 loci,
1515 2785 1684 2848 duxit
1718 2803 1984 2865 uxorem,
2032 2804 2103 2846 ex
2142 2804 2257 2866 qua
2306 2784 2608 2848 adfinitate

220 2909 272 2950 ει
297 2886 402 2948 hic
439 2884 779 2947 Alexander
824 2885 952 2964 fuit,
1002 2886 1101 2946 cui
1146 2902 1292 2946 uere
1332 2903 1439 2964 per
1476 2891 1730 2945 matrem
1769 2901 1935 2945 suam
1977 2882 2371 2945 consobrinus
2400 2884 2609 2946 Varius

296 2982 726 3063 Heliogabalus
773 2982 902 3044 suit.
2648 3046 2750 3096 198

485 3075 658 3144 21²⁸.
722 3083 917 3158 Capit.
963 3083 1128 3143 Clod.
1169 3083 1303 3143 Alb.
1341 3082 1402 3157 3,
1440 3082 1484 3142 4
1548 3079 1671 3142 Nec
1718 3083 1925 3161 negari
1968 3087 2180 3160 potest»
2226 3079 2384 3160 ‘1⁰0⁶
2431 3082 2609 3141 etiam
2644 3117 2749 3184 §Te

608 3195 788 3202 -—..-—-

486 3253 584 3309 18.
627 3253 709 3321 Of.
741 3270 784 3306 c.
816 3256 903 3320 13,
931 3258 962 3307 1
1001 3251 1306 3334 Imperium
1344 3254 1403 3307 et,
1439 3252 1629 3306 omnia.
1665 3251 1987 3322 imperialia
2023 3251 2103 3306 sic
2140 3251 2378 3321 horruit,
2405 3256 2469 3307 ut
2498 3252 2608 3307 sibi

297 3340 526 3394 semper
563 3321 886 3378 ostenderet
923 3321 1238 3393 displlcere.

485 3395 514 3450 1
525 3395 585 3452 9.
625 3397 714 3450 De
726 3395 963 3464 (RSept.
973 3394 1138 3462 Geta)
1147 3401 1349 3464 patruo
1367 3395 1484 3448 uid.
1499 3397 1655 3449 Pros.
1667 3395 1780 3448 ΙΙΙ
1785 3412 1842 3464 p.
1854 3399 1969 3450 208
1983 3413 2037 3449 n.
2052 3399 2180 3461 326,
2196 3395 2262 3450 de
2280 3413 2390 3450 auo
2406 3413 2463 3450 n.
2476 3397 2605 3450 328.

483 3466 585 3522 2⁰.
627 3467 712 3534 Cf.
751 3468 818 3521 de
852 3466 1010 3520 Iulia
1047 3467 1272 3522 Damna
1301 3466 1485 3536 Spart.
1515 3466 1640 3520 Seu.
1672 3471 1724 3532 3,
1753 3471 1789 3521 9
1825 3466 1965 3521 Cum
1994 3467 2203 3521 amissa
2229 3483 2400 3521 uxore
2433 3465 2607 3521 aliam

297 3538 482 3594 uellet
529 3539 750 3606 ducere,
787 3538 1078 3608 geniturae
1118 3551 1450 3619 sponsarum
1486 3537 1830 3606 requirebat,
1867 3539 1990 3608 ipse
2027 3554 2253 3606 quoque
2288 3537 2608 3594 matheseos

297 3609 699 3682 peritissimus,
745 3610 805 3664 et
850 3625 978 3663 cum
1027 3607 1285 3663 audisset
1329 3624 1452 3663 esse
1497 3609 1556 3664 in
1604 3607 1769 3678 Syria
1812 3609 2113 3678 quandam,
2160 3625 2306 3679 quae
2351 3608 2411 3663 id
2520 3609 2605 3664 ni·

299 3687 466 3736 turae
503 3680 758 3747 haberet,
796 3682 862 3734 ut
896 3679 1019 3750 regi
1056 3679 1398 3751 iungeretur,
1427 3680 1667 3734 eandem
1693 3697 1919 3736 uxorem
1948 3681 2111 3751 petit,
2140 3679 2343 3734 Iuliam
2374 3681 2449 3735 sc·
2476 3681 2607 3751 ieet,

300 3757 362 3808 et
399 3752 626 3823 aceepit
658 3752 984 3806 interuentu
1023 3750 1345 3806 amicorum.
1393 3767 1462 3806 ex
1497 3767 1610 3820 qua.
1649 3752 1843 3806 statim
1922 3755 2047 3807 ater
2081 3751 2265 3806 factus
2305 3754 2407 3806 est.
2468 3753 2609 3809 Geta

301 3831 355 3893 3,
386 3831 418 3880 1
475 3823 660 3879 Natus
698 3825 787 3878 est
823 3821 969 3878 Geta
1007 3822 1213 3877 Seuero
1252 3827 1311 3878 et
1337 3820 1574 3878 Vitenio
1611 3840 1749 3879 coss.
1782 3823 1873 3878 Me
1914 3823 2107 3893 iolani,
2156 3823 2263 3878 etsi
2303 3823 2469 3878 aliter
2505 3823 2607 3879 alii

299 3895 700 3968 prodiderunt,
757 3897 914 3950 sexto
967 3893 1244 3948 kalendas
1299 3894 1516 3962 Iunias,
1572 3910 1641 3949 ex
1686 3894 1858 3962 Iulia,
1906 3913 2073 3966 quam
2120 3894 2331 3949 ideirco
2370 3895 2606 3952 Seuerus

303 3983 536 4023 uxorem
580 3965 836 4034 duxerat,
882 3964 1032 4035 quod
1081 3981 1206 4020 eam
1251 3965 1312 4020 in
1357 3966 1620 4037 genitura
1666 3965 1875 4022 habere
1922 3969 2296 4036 compererat,
2340 3969 2408 4022 ut
2455 3965 2607 4040 regin

303 4055 447 4094 uxor
483 4041 649 4107 esset,
687 4037 850 4107 isque
887 4037 1148 4107 priuatus
1185 4037 1284 4092 sed
1321 4035 1436 4091 iam
1474 4037 1676 4108 optimi
1712 4037 1772 4092 in
1809 4036 2103 4108 republica.
2140 4037 2265 4092 loci.

485 4109 585 4166 21.
633 4109 760 4166 Hoc
797 4109 952 4164 Mar.
993 4109 1078 4164 M.
1126 4125 1196 4164 ea:
1238 4109 1364 4179 ipsa
1411 4109 1603 4164 Sem
1644 4110 1769 4164 uita
1812 4110 2047 4179 sumpsit
2092 4110 2187 4178 (fr.
2226 4113 2307 4179 2).
2380 4109 2609 4167 eandem

491 4270 606 4357 18,
657 4279 759 4338 13.
806 4279 1086 4354 opposite
1122 4279 1179 4336 P
1359 4279 1455 4337 14.
1501 4277 1687 4338 inseri
1724 4278 1781 4336 P
1803 4296 1905 4337 em.
1935 4279 2237 4339 Puteanus

485 4360 598 4448 20,
650 4368 750 4426 20.
797 4384 934 4425 eum
978 4383 1086 4425 om.
1115 4367 1174 4425 P
1355 4368 1460 4426 24.
1507 4370 1570 4426 et
1615 4361 1765 4448 non]
1810 4367 1915 4428 sed
1957 4370 2081 4427 iem
2125 4367 2509 4429 Kellerbauer
