3234 5034
1037 333 1135 387 DE
1171 333 1252 387 IN
1254 331 1657 389 LVSTRIBVS
1696 332 1885 389 VIRIS
2528 333 2613 398 3¹1

491 496 609 565 9²¹².
661 504 818 563 Plut.
867 502 990 563 Tib.
1037 502 1298 563 Graecia.
1335 502 1421 562 21
1475 498 1786 581 Θυγατὴρ
1834 498 1960 583 γὰρ
1998 496 2207 563 αὐτοῦ
2248 500 2343 579 [Ρ.
2380 500 2613 579 Crassi]

331 598 624 662 Λικιννία
683 599 862 685 Γαΐῳ
911 596 1188 684 Γράγχῳ
1234 593 1548 684 συνῴκει·
1609 598 1829 662 καίτοι
1874 594 2115 673 Νέπως
2158 594 2195 663 ὁ
2246 597 2617 681 Κορνήλιος

327 694 528 779 φησιν
591 694 674 759 οὐ
740 694 1088 780 Κράσσου,
1152 694 1461 780 Βρούτου
1534 694 1608 759 δὲ
1671 703 1793 759 τοῦ
1846 694 2427 779 θριαμβεύσαντος
2488 692 2613 764 ἀπὸ

321 796 710 858 Λυσιτανῶν
754 790 1096 878 θυγατέρα
1131 802 1336 877 γῆμαι
1377 792 1606 857 Γάιον·
1684 791 1849 858 ἀλλὰ
1886 793 1951 857 οἱ
1986 794 2259 869 πλείους
2296 792 2386 869 ὡς
2430 792 2616 877 ἡμεῖς

270 910 294 950 5
319 892 662 976 γράφομεν
708 892 1110 974 ἱστοροῦσιν.

494 986 658 1056 10*.
727 995 882 1055 Plut.
929 994 1078 1054 Luc.
1125 993 1214 1053 43
1287 988 1418 1053 Καὶ
1482 991 1612 1075 πρό
1678 1012 1754 1072 γε
1816 998 1931 1074 τῆς
1989 993 2295 1075 τελευτῆς
2354 987 2611 1073 λέγεται
2648 955 2754 1095 ἕέἓ

311 1096 587 1171 νοσῆσαι
647 1088 770 1171 τὴν
832 1087 1140 1153 διάνοιαν
1199 1086 1380 1174 αὐτῷ
1443 1086 1610 1152 κατὰ
1669 1087 1909 1172 μικρὸν
1967 1086 2610 1173 ἀπομαραινομένην.

313 1184 550 1262 Νέπως
595 1181 671 1251 δὲ
719 1186 1090 1268 Κορνήλιος
1127 1184 1252 1269 οὐχ
1289 1184 1417 1250 ὑπὸ
1456 1186 1677 1270 γήρως
1732 1184 1943 1269 φησιν
1989 1184 2149 1251 οὐδὲ
2196 1187 2399 1250 νόσου
2444 1206 2611 1271 παρ-

313 1280 580 1361 αλλάξαι
647 1284 767 1349 τὸν
831 1284 1298 1366 Λούκουλλον,
1363 1282 1530 1349 ἀλλὰ
1601 1282 1973 1367 φαρμάκοις
2038 1282 2173 1348 ὑπό
2230 1306 2416 1359 τινος
2472 1292 2609 1348 τῶν

243 1404 288 1443 ιο
313 1379 780 1464 ἀπελευθέρων
845 1380 1352 1457 Καλλισθένους
1426 1379 1915 1467 διαφθαρέντα·
2015 1381 2095 1445 τὰ
2158 1380 2235 1446 δὲ
2296 1380 2611 1466 φάρμακα

313 1480 601 1563 δοθῆναι
644 1478 788 1563 μέν,
835 1478 922 1556 ὡς
969 1479 1278 1566 ἀγαπῷτο
1324 1482 1583 1562 μᾶλλον
1629 1479 1664 1545 ὁ
1714 1478 2180 1561 Καλλισθένης
2228 1476 2335 1543 ὑπ’
2378 1479 2608 1564 αὐτοῦ,

312 1578 621 1662 τοιαύτην
667 1579 846 1663 ἔχειν
890 1578 1224 1643 δοκοῦντα
1269 1578 1392 1661 τὴν
1437 1577 1751 1659 δύναμιν,
1799 1574 2107 1661 ἐκστῆσαι
2154 1573 2230 1642 δὲ
2266 1574 2377 1642 καὶ
2412 1600 2607 1642 κατα-

312 1675 544 1741 κλύσαι
605 1675 729 1741 τὸν
793 1676 1142 1760 λογισμόν,
1219 1672 1371 1740 ὥστ’
1438 1678 1534 1740 ἔτι
1605 1678 1847 1755 ζῶντος
1910 1674 2119 1741 αὐτοῦ
2182 1676 2305 1759 τὴν
2368 1676 2607 1741 οὐσίαν

313 1774 586 1839 διοικεῖν
629 1774 751 1839 τὸν
797 1772 1112 1859 ἀδελφόν.

243 1892 286 1933 ιι
486 1869 650 1939 11*.
719 1876 963 1937 Sueten.
1021 1879 1096 1937 de
1144 1884 1308 1953 poet.
1347 1861 1434 1951 '6,
1474 1876 1511 1935 1
1591 1874 1703 1935 Hic
1769 1874 2143 1953 [Terentius]
2202 1894 2339 1937 cum
2402 1876 2606 1937 multis

311 1972 599 2034 nobilibus
645 1973 1014 2035 familiariter
1057 1974 1234 2054 uixit,
1280 1973 1384 2035 sed
1429 1976 1685 2035 maxime
1732 1992 1869 2035 cum
1916 1968 2193 2052 Scipione
2226 1973 2501 2035 Africano
2548 1982 2607 2035 et

311 2070 366 2131 C.
395 2071 606 2151 Laelio,
636 2072 853 2152 quihus
883 2074 1060 2133 etiam
1089 2074 1356 2152 corporis
1393 2074 1580 2151 gratia
1616 2072 1965 2133 conciliatus
2002 2073 2391 2133 existimatur.
2446 2073 2603 2153 quod

309 2177 364 2230 et
398 2171 593 2249 ipsum
621 2169 952 2231 Fenestella
989 2172 1199 2249 arguit,
1237 2170 1600 2232 contendens
1634 2177 1887 2250 utroque
1916 2172 2202 2231 maiorem
2230 2179 2371 2231 natu
2404 2170 2601 2233 fuisse.
2642 2174 2705 2229 fr.
2738 2182 2787 2231 9.

307 2270 574 2347 quamuis
621 2276 682 2329 et
725 2267 922 2349 Nepos
967 2267 1243 2349 aequales
1290 2288 1496 2329 omnes
1543 2270 1726 2330 fuisse
1775 2267 1981 2335 tradat.

231 2386 282 2427 ιο
484 2360 649 2429 12*.
707 2368 950 2429 Sueten.
990 2369 1066 2429 de
1103 2374 1262 2444 poet.
1303 2369 1362 2442 6,
1390 2367 1434 2427 3
1493 2365 1691 2446 Nepos
1738 2374 1977 2428 auctore
2026 2374 2189 2429 certo
2240 2370 2601 2448 comperisse

305 2482 366 2525 se
413 2466 496 2525 ait
539 2464 601 2525 C.
641 2464 904 2525 Laelium
961 2464 1258 2545 quondam
1312 2466 1375 2525 in
1426 2464 1747 2526 Puteolano
1803 2462 2070 2525 kalendis
2122 2463 2347 2525 Martiis
2402 2463 2600 2527 admo-

304 2564 490 2623 nitum
538 2562 610 2623 ab
656 2580 860 2642 uxore,
907 2564 1230 2642 temperius
1276 2570 1344 2624 ut
1391 2561 1811 2641 discumberet,
1856 2564 2078 2642 petisse
2125 2562 2197 2623 ah
2236 2581 2303 2623 ea
2338 2582 2417 2625 ne
2452 2559 2600 2643 (se)

303 2660 728 2740 interpellaret,
785 2679 1036 2741 seroque
1105 2660 1338 2722 tandem
1405 2663 1739 2739 ingressum
1806 2660 2129 2721 triclinium
2192 2660 2411 2721 dixisse
2480 2680 2598 2722 non

475 2851 534 2905 9.
578 2851 658 2919 C'f.
691 2851 902 2920 Δωροῖ.
933 2854 1022 2916 19,
1041 2856 1076 2905 4
1113 2850 1178 2905 D.
1209 2850 1416 2905 Brutus
1445 2848 1743 2920 Callaicus,
1780 2848 1881 2918 qui
1910 2848 1965 2904 C.
1990 2848 2300 2905 Gracchum
2328 2866 2597 2921 generum

301 2952 364 2962 —
394 2938 522 2976 cum
559 2920 785 2991 Opimio
823 2922 1050 2976 consule
1087 2922 1382 2993 oppressit.

475 2992 572 3049 1⁰.
615 2994 698 3060 Of.
730 2994 880 3047 Ptin.
911 3011 965 3049 n.
995 2995 1047 3047 h.
1075 2998 1168 3061 25,
1196 2999 1272 3047 25
1317 3009 1423 3063 ego
1465 3009 1568 3047 nee
1605 2992 1869 3047 abortiua.
1914 2992 2041 3047 dico
2089 3009 2155 3047 ae
2200 3009 2272 3047 ne
2320 2993 2597 3049 amatoria.

295 3062 542 3133 quidem,
587 3080 800 3119 memor
847 3063 1142 3119 Lucullum
1187 3064 1584 3135 imperatorem
1628 3063 2003 3118 clarissimum
2050 3064 2327 3119 amatorio
2362 3064 2592 3135 perisse.

295 3136 468 3206 [Aur.
504 3137 674 3206 Vica]
701 3136 768 3190 de
803 3136 911 3190 u-ir.
941 3138 1020 3191 ill.
1053 3140 1140 3203 74,
1169 3141 1208 3191 8
1243 3136 1378 3191 Post
1415 3153 1542 3189 oum
1580 3134 1831 3190 alienata.
1868 3137 2057 3190 mente
2092 3134 2351 3205 desipere
2389 3136 2592 3207 eoepit,

298 3206 478 3261 tutela.
515 3206 635 3261 eius
673 3206 747 3262 M.
777 3206 1013 3261 Lucullo
1053 3206 1215 3261 fratri
1254 3206 1526 3278 permissa.
1563 3208 1665 3263 est.

293 3352 402 3404 ΠΙ
473 3278 570 3334 12.
613 3280 694 3345 Of.
719 3278 1008 3334 Ritschezii
1033 3286 1308 3335 comment.
1339 3280 1494 3348 apud
1521 3278 1927 3345 Reifferscheid.
1956 3295 2010 3347 p.
2034 3283 2142 3333 513
2159 3296 2268 3349 sqq.
2294 3306 2359 3325 =
2394 3280 2588 3349 opusc.

431 3354 546 3405 250
559 3366 672 3420 sqq.

477 3528 591 3615 10,
644 3540 742 3596 12.
805 3539 903 3596 13.
959 3537 1320 3597 κατακλύσαι
1373 3538 1582 3598 Reiske
1664 3536 1983 3598 καταλύσαι
2036 3538 2186 3613 uolq.
2268 3541 2591 3597 καταλῦσαι

285 3627 566 3699 Schaefer

474 3707 588 3793 ll,
642 3718 742 3775 19.
790 3712 876 3791 et]
924 3715 1338 3789 Remu-,Neap
1397 3734 1466 3774 ex
1503 3714 1725 3775 Par.A
1770 3735 1885 3777 eor.
1924 3716 2147 3777 Par.B
2182 3717 2586 3778 Leid.Dre3d.

285 3803 584 3864 cornelius
623 3804 759 3864 Vrb.
789 3806 874 3864 ed.
893 3824 992 3879 pr.

473 3884 588 3973 12,
638 3896 740 3953 20.
790 3913 826 3952 a
860 3895 1132 3953 Reorecio
1167 3892 1356 3967 Neap.
1405 3912 1442 3951 a.
1479 3912 1647 3953 reore
1684 3896 1839 3953 cerio
1878 3894 2046 3953 Leid.
2075 3894 2289 3954 Dresd.
2338 3914 2374 3953 a
2420 3914 2585 3955 reore

283 4002 430 4043 cer*
447 3983 549 4042 *io
590 3984 649 4042 B
706 3986 948 4042 auctore
997 3982 1151 4043 corio
1189 3974 1278 4064 (io
1313 3986 1381 4043 in
1415 4001 1533 4042 ras.
1564 3984 1662 4042 alt.
1692 3973 1879 4065 man.)
1907 3982 2114 4059 Regin.
2290 3987 2389 4045 21.
2440 3994 2582 4061 quo·

281 4072 429 4132 dum
465 4073 528 4132 B
573 4072 834 4148 quodam
873 4072 1007 4133 Vrb.
1097 4074 1333 4149 inputet
1369 4072 1510 4130 lano
1547 4071 1605 4130 A
1786 4074 1997 4132 martis
2034 4072 2092 4131 A
2285 4075 2385 4133 22.
2434 4078 2581 4134 tem·

281 4164 498 4239 parius
526 4154 612 4220 B¹
640 4161 810 4221 Leid.
840 4162 1054 4221 Dresd.
1091 4163 1422 4237 temporius
1449 4155 1620 4236 Rey.²
1728 4178 1803 4221 se·
1828 4162 1963 4221 add.
1994 4162 2218 4223 Ritscm
2345 4164 2445 4222 23.
2492 4167 2581 4222 in-

284 4251 636 4327 terpellaret
672 4250 730 4309 A
791 4251 1278 4327 interponeretur
1313 4250 1453 4324 Rey.
1509 4252 1997 4327 interpellaretur
2040 4256 2157 4311 cett.
2196 4254 2357 4312 codd.

279 4359 538 4417 seroque
567 4338 627 4398 A
683 4342 914 4401 Seruius
954 4340 1015 4398 B
1069 4342 1254 4400 seruis
1301 4340 1471 4399 Leia.
1499 4342 1713 4401 Dresd.
1770 4343 1957 4401 serius
2004 4346 2119 4401 cett.
2150 4342 2313 4403 codd.
2490 4344 2581 4402 in·
