3234 5034
1164 307 1219 362 C.
1261 307 1547 364 ASINIVS
1586 307 1848 364 POLLIO
2392 328 2663 376 LXXXIII

346 474 702 536 Plutarchus
740 473 1075 536 Messallam
1121 483 1363 536 secutus
1412 477 1509 554 sit,
1554 477 1822 554 exceptis
1867 477 1958 536 eis
1993 475 2284 554 partibuS,
2330 474 2548 554 quibus
2589 475 2661 536 de

346 573 659 634 Volumnio
719 575 868 653 agit,
923 574 1121 634 omnia
1180 572 1253 633 ad
1300 575 1428 634 eius
1477 575 1890 634 auctoritatem
1939 572 2252 634 referenda
2301 581 2457 652 sunt,
2504 571 2660 652 apud

346 674 681 751 Appianum
738 682 937 734 autem
996 689 1095 732 res
1151 673 1447 732 contraria
1506 678 1624 748 est,
1683 673 1786 750 qui
1841 669 1995 732 telae
2051 688 2192 732 suae
2241 689 2312 731 ex
2361 669 2496 732 aliis
2541 670 2659 731 filis

347 777 539 830 textae
586 772 761 848 quasi
809 769 1096 848 quasdam
1142 769 1362 848 figuras
1408 787 1482 830 ex
1530 768 1650 830 illis
1688 770 2134 830 commentariis
2173 771 2446 830 inseruit.
2523 786 2658 830 nam

348 866 503 946 quod
548 867 657 928 ubi
721 867 1075 928 Plutarchus
1128 864 1532 940 Μεσσάλλας
1598 861 1808 948 φησὶν
1873 869 2171 944 οἴεσθαι,
2232 866 2330 927 hic
2377 866 2523 928 dicit
2569 866 2660 928 εί-

350 961 647 1044 wigman,
684 965 791 1026 ubi
831 964 931 1025 ille
968 959 1427 1045 ἀνεφθέγξατο
1466 961 1593 1027 δύο
1631 965 1921 1044 στίχους,
1969 953 2067 1026 ὧν
2109 962 2231 1026 τὸν
2271 959 2500 1045 ἕτερον
2537 963 2660 1027 Bo·

349 1060 671 1144 λούμνιος
726 1058 1215 1143 ἀνεφθέγξατο,
1264 1063 1363 1124 hic
1419 1057 1629 1144 φασὶν
1672 1095 1763 1106 --·-
1809 1058 2020 1124 αὐτὸν
2073 1061 2315 1142 εἰπεῖν,
2371 1063 2484 1124 hoc
2539 1081 2660 1125 non

346 1179 549 1222 rerum
606 1163 1015 1222 communioni
1080 1160 1185 1222 sed
1250 1162 1510 1222 auctoris
1566 1159 1951 1222 tribuendum
2009 1168 2116 1222 est.
2193 1162 2372 1222 etiam
2429 1179 2528 1222 res
2587 1159 2660 1220 ab

346 1262 473 1338 ipso
538 1258 813 1320 Messalla
875 1267 1073 1338 gestas
1140 1261 1201 1319 in
1268 1258 1437 1320 libris
1500 1266 1713 1337 quarto
1777 1260 2103 1338 quintoque
2171 1261 2660 1320 commemorauit

348 1361 725 1436 maximeque
802 1356 1066 1418 laudauit
1138 1358 1267 1418 eius
1343 1356 1415 1417 de
1491 1355 1820 1418 Octauiano
1895 1358 2108 1417 merita
2181 1357 2318 1430 (IV
2354 1356 2458 1418 38.
2509 1356 2656 1417 136.

362 1457 407 1514 V
441 1455 577 1515 102
605 1473 691 1532 sq.
742 1455 889 1516 109.
929 1455 1076 1515 112.
1117 1455 1294 1528 113).

522 1552 677 1614 lllnd
742 1552 995 1614 adiciam
1061 1555 1317 1632 scriptos
1384 1571 1517 1614 esse
1582 1552 1782 1614 uideri
1845 1552 1954 1612 hos
2020 1553 2478 1612 commentarios
2525 1559 2660 1631 post

346 1651 573 1712 editum
620 1651 870 1729 Augusti
917 1650 1113 1712 simile
1160 1669 1327 1730 opuS,
1376 1652 1413 1710 i.
1454 1669 1504 1712 e.
1542 1659 1680 1729 post
1725 1669 1774 1710 a.
1813 1645 2090 1730 23s731‚
2131 1651 2182 1709 si
2221 1649 2462 1728 quidem
2501 1649 2658 1728 quod

344 1749 457 1810 hoc
512 1748 725 1810 eodem
780 1748 910 1809 loco
967 1747 1063 1808 bis
1108 1767 1143 1808 a
1187 1747 1523 1826 Plutarcho,
1571 1745 1758 1809 semel
1809 1747 1884 1808 ab
1929 1747 2194 1826 Appiano
2243 1747 2351 1824 (cf.
2392 1749 2534 1809 adn.
2575 1749 2662 1806 ad

346 1849 503 1922 Any.
534 1847 622 1924 fr.
664 1847 778 1922 10)
819 1844 1119 1908 laudatum
1159 1852 1268 1923 est,
1306 1863 1448 1906 casu
1488 1847 1619 1906 fieri
1656 1862 1777 1906 non
1814 1847 2024 1924 potuit,
2062 1844 2170 1906 sed
2207 1847 2306 1924 ita,
2343 1852 2411 1906 ut
2447 1843 2656 1904 eodem

344 1944 497 2006 libro
536 1946 652 2022 usi,
699 1946 737 2004 i.
777 1961 851 2022 e.‚
890 1945 943 2004 si
989 1951 1153 2005 recte
1190 1942 1610 2020 conclusimus,
1657 1942 1982 2020 Messallae,
2021 1951 2081 2003 et
2119 1961 2216 2003 res
2253 1950 2316 2002 et
2356 1950 2658 2002 auctorem

344 2042 427 2102 ibi
458 2044 708 2104 citatum
736 2040 1147 2103 exscriberem
1169 2043 1277 2119 (cf.
1308 2043 1668 2104 Geschichtl.
1689 2041 1904 2102 Litter.
1922 2041 2072 2118 ΙΙΙ).
2093 2041 2226 2102 254
2243 2042 2417 2116 sqq).
2464 2039 2658 2100 Etiam

346 2149 583 2219 tempus
640 2139 788 2201 illud
844 2147 973 2200 erat
1027 2146 1259 2218 aptum,
1314 2157 1431 2218 quo
1486 2137 1761 2200 Messalla
1815 2140 2096 2217 pietatem
2163 2155 2333 2198 suam
2397 2144 2457 2198 et
2517 2155 2656 2215 erga

346 2239 677 2317 Augustum
716 2245 777 2298 et
823 2255 963 2316 erga
1010 2236 1261 2298 Brutum
1300 2235 1691 2317 Cassiumque
1729 2235 1918 2297 libere
1955 2236 2368 2316 profiteretur3
2415 2253 2552 2296 nam
2590 2241 2658 2294 ut

346 2343 473 2397 erat
525 2337 771 2414 ingenio
836 2337 1001 2395 mitis
1056 2342 1118 2395 et
1184 2337 1374 2413 magis
1431 2333 1505 2394 ad
1560 2333 1915 2413 obsequium
1963 2351 2140 2413 quam
2189 2332 2263 2394 ad
2313 2331 2656 2394 dominandi

346 2433 733 2512 cupiditatem
779 2441 1109 2512 promptus,
1160 2435 1239 2494 ita
1297 2441 1356 2493 et
1402 2432 1813 2493 adsentatione
1859 2430 2310 2509 seruilitateque
2361 2432 2544 2490 animi
2597 2439 2658 2490 et

347 2533 669 2611 asperitate
707 2532 1147 2608 seueritateque
1183 2530 1449 2610 uacabat,
1486 2531 1738 2610 Augusti
1767 2537 1966 2590 autem
1997 2531 2279 2606 animum,
2309 2530 2413 2607 qui
2442 2527 2653 2589 eodem

348 2647 498 2690 anno
534 2624 813 2710 23s731,
860 2628 923 2690 L.
964 2628 1253 2707 Sestium,
1300 2631 1415 2689 etsi
1461 2647 1493 2689 a
1532 2627 1716 2688 Bruto
1765 2626 2060 2707 quondam
2109 2633 2358 2688 steterat
2394 2633 2650 2688 statuas-

347 2745 459 2806 que
498 2729 681 2787 etiam
726 2734 853 2787 tum
900 2724 1247 2805 possidebat
1292 2727 1440 2799 (Dio
1478 2726 1584 2800 53,
1613 2726 1717 2802 32,
1748 2727 1806 2786 4.
1857 2726 1936 2803 cf.
1967 2727 2119 2802 App.
2151 2725 2255 2784 IV
2283 2726 2386 2785 51.
2442 2726 2652 2786 Gesch.

348 2825 485 2886 Litt.
514 2825 559 2886 I
573 2842 643 2901 p.
675 2824 809 2899 66),
855 2822 1164 2885 consulem
1222 2823 1581 2902 designauit,
1639 2832 1808 2884 cauta
1863 2825 2128 2902 aequitas
2176 2821 2482 2883 Messallae
2529 2821 2653 2881 lau-

350 2922 601 2984 dationis
662 2922 966 2983 ofl'endere
1012 2939 1133 2982 non
1180 2922 1394 3000 potuit,
1440 2923 1794 3001 praesertim
1833 2939 1970 2981 cum
2013 2919 2218 2981 eadem
2265 2919 2654 2980 uehementes

350 3028 407 3081 et
440 3023 803 3100 impotentes
842 3019 1013 3080 Bruti
1052 3019 1443 3080 admiratores
1490 3018 1906 3080 moderaretur
1951 3017 2303 3096 leniretque.

1010 3384 1081 3458 C.
1140 3383 1522 3458 ASINIVS
1578 3382 1913 3456 POLLIO
1933 3375 1985 3466 ¹)

519 3553 581 3614 C.
622 3555 812 3614 Asinii
861 3553 1144 3615 Pollionis
1190 3555 1315 3613 uita
1363 3552 1601 3632 publica
1650 3553 1792 3612 satis
1841 3561 1980 3612 nota
2027 3558 2137 3629 est,
2185 3552 2248 3611 in
2296 3568 2473 3628 quam
2518 3559 2654 3630 post

348 3653 459 3713 iter
496 3651 793 3712 Graecum
841 3671 890 3712 a.
930 3647 1187 3732 54s700
1234 3649 1585 3712 adulescens
1629 3651 1842 3728 uiginti
1886 3666 2178 3709 annorum
2220 3640 2423 3730 (natus
2469 3649 2654 3726 igitur

523 3827 578 3894 1)
613 3824 663 3878 J.
694 3823 761 3877 R.
790 3822 1121 3878 Thorbecke
1158 3823 1247 3876 De
1278 3822 1334 3876 0.
1366 3823 1437 3877 A.
1470 3822 1557 3888 P.,
1595 3820 1740 3875 Diss.
1770 3819 1961 3890 inaug.
1993 3819 2169 3890 Lugd.
2204 3822 2360 3872 1820.
2407 3817 2470 3873 O.
2501 3819 2648 3872 Hen-

352 3903 581 3959 decom
626 3904 842 3959 Etudes
876 3921 975 3958 sur
1010 3904 1069 3959 la
1104 3905 1341 3958 camere
1376 3904 1648 3972 politiqwe
1693 3908 1744 3956 et
1789 3902 2052 3955 litteraire
2097 3899 2252 3954 d'As.
2293 3901 2361 3953 P.
2399 3897 2648 3953 Louvain

354 3989 499 4039 1858.
568 3983 786 4038 Aulard
822 3983 911 4038 De
952 3985 1008 4039 0.
1041 3986 1137 4038 Aa.
1170 3985 1236 4038 Ρ.
1264 3984 1389 4038 uita
1434 3989 1485 4038 et
1528 3984 1764 4051 scriptia.
1832 3979 1992 4034 Paris
2031 3984 2188 4048 1877,
2235 3995 2403 4047 quem
2439 3978 2650 4033 librum

352 4081 458 4118 non
492 4064 643 4119 noui.
702 4061 768 4117 G.
797 4063 1048 4118 Thouret
1083 4064 1174 4119 De
1203 4063 1457 4118 Cicerone
1484 4063 1688 4118 Asinio
1717 4061 1970 4116 Pollione
2000 4062 2057 4115 0.
2093 4061 2270 4130 Oppio
2306 4053 2490 4114 reru-m
2519 4059 2649 4113 Cae-

351 4146 697 4200 manorum
751 4144 1109 4213 scriptoribus
1161 4143 1221 4196 in
1277 4143 1423 4197 stud.
1464 4142 1614 4213 Lips.
1655 4141 1680 4194 I
1727 4159 1782 4211 p.
1824 4144 2123 4194 zos—360.
2189 4139 2251 4194 E.
2289 4139 2650 4193 Kornemann

356 4223 457 4279 Die
488 4223 803 4280 hmorioeloe
837 4223 1276 4291 Schriftetellerei
1312 4225 1406 4278 des
1441 4225 1513 4277 A.
1544 4224 1609 4277 P.
1640 4221 1699 4275 in
1738 4219 2083 4275 Fleckeisen.
2123 4234 2250 4274 ann.
2283 4217 2466 4289 suppl.
2497 4217 2651 4272 XXII

355 4307 527 4372 (1896)
566 4323 619 4373 p.
652 4308 953 4370 556—772,
992 4301 1091 4371 qui
1127 4319 1393 4372 magnam
1432 4301 1653 4372 copiam
1691 4300 1962 4356 librorum
2001 4303 2060 4354 et.
2094 4299 2418 4354 libellorum
2457 4298 2526 4351 de
2553 4301 2646 4350 As.

2103 4387 2217 4440 VI*
