3234 5034
613 303 978 351 CLXXXVIII
1109 301 1206 354 DE
1247 299 1711 355 SCRIPTORVM
1748 297 1939 354 VITIS
1974 299 2071 353 ΕΤ
2109 297 2429 354 SCRIP'I'IS

607 470 812 530 uersia
857 470 920 528 in
969 486 1038 530 eo
1084 470 1278 548 posita
1325 476 1434 547 est,
1481 485 1627 528 num
1674 485 1784 547 per
1830 475 2031 546 totam,
2077 473 2373 547 quatenus
2420 465 2553 525 fleri
2598 471 2821 544 posset,
2862 461 2922 525 id

609 575 704 628 est
755 585 868 646 per
920 569 1185 646 priorem
1241 564 1636 646 aequabiliter
1687 568 1817 646 ipse
1883 564 2185 626 adhibitus
2250 564 2349 625 sit.
2436 581 2574 624 nam
2640 581 2921 642 magnum

611 663 934 725 discrimen
989 666 1228 743 generis
1283 665 1569 726 materiae
1625 665 2118 744 tractationisque
2171 670 2233 723 et
2278 660 2419 724 fidei
2464 663 2625 722 inter
2670 663 2925 740 impera·

606 769 806 823 torum
854 769 916 823 et
959 761 1212 824 aliorum
1258 764 1601 842 principum
1650 770 2156 842 tyrannorumque
2200 763 2360 822 uitas
2406 759 2746 822 intercedit.
2806 762 2925 822 iam

607 879 754 921 uero
791 860 905 922 hoc
945 860 1452 921 demonstrauisse
1489 859 1665 920 nobis
1701 859 1983 921 uidemur
2012 861 2159 934 (Die
2186 860 2489 935 Scripth.
2510 861 2582 919 Α.
2598 876 2669 935 p.
2689 857 2783 920 86
2798 877 2923 935 sqq.

610 960 743 1019 114
767 960 926 1035 sqq.)
965 977 1078 1019 nec
1123 957 1362 1019 illarum
1408 976 1522 1019 nec
1567 959 1781 1019 harum
1830 961 2155 1038 scriptores
2206 955 2481 1017 facultate
2528 975 2602 1017 ex
2648 956 2925 1037 pluribus

609 1055 952 1118 auctoribus
1009 1075 1146 1118 suas
1203 1055 1647 1117 contaminandi
1706 1058 1998 1137 caruisse3
2044 1051 2269 1136 {quodsi
2334 1053 2424 1114 illi
2482 1056 2652 1134 operi
2706 1054 2925 1118 melius

609 1155 997 1234 suffecerunt,
1059 1156 1216 1215 uitas
1281 1157 1399 1216 iam
1465 1150 1622 1234 apud
1686 1154 1939 1216 Marium
2004 1154 2324 1215 Maximum
2390 1170 2459 1213 eo
2526 1152 2766 1233 ordine,
2824 1155 2927 1233 qui

609 1255 758 1332 ipsis
813 1252 1142 1332 placuerat,
1200 1252 1518 1332 dispositas
1574 1261 1711 1314 ante
1767 1252 1973 1315 oculos
2028 1251 2353 1329 habebant,
2407 1258 2475 1312 ut
2529 1250 2757 1331 largam
2806 1271 2926 1313 ma-

609 1353 820 1412 teriam
887 1353 1289 1431 excerpsisse,
1354 1359 1636 1431 excerpta
1704 1369 1775 1411 ex
1840 1350 1955 1411 alio
2018 1357 2263 1411 auctore
2334 1348 2711 1429 suppleuisse
2782 1352 2927 1411 satis

609 1456 796 1528 esset,
851 1448 946 1510 his
1003 1457 1199 1510 autem
1249 1457 1310 1509 et
1363 1448 1509 1509 ordo
1557 1448 1997 1510 construendus
2045 1456 2107 1510 et
2149 1450 2406 1509 maxima
2453 1465 2592 1528 pars
2636 1450 2927 1510 materiae

609 1565 681 1608 ex
731 1546 988 1609 diuersis
1037 1546 1380 1608 auctoribus
1428 1546 1795 1608 corradenda
1844 1547 1970 1626 fuit,
2018 1545 2237 1626 quibus
2284 1548 2339 1606 si
2388 1546 2621 1607 lunium
2658 1545 2925 1608 Cordum

609 1644 858 1706 eandem
925 1662 1166 1724 operam
1222 1647 1595 1723 praestitisse
1653 1647 2057 1707 existimatum
2115 1653 2207 1706 est
2260 1662 2436 1724 quam
2492 1644 2611 1706 illis
2670 1645 2927 1706 Marium

606 1743 946 1822 Maximum,
993 1742 1158 1803 solus
1195 1741 1564 1822 Capitolinus
1610 1743 1773 1804 hunc
1821 1745 2181 1823 scriptorem
2226 1744 2413 1821 nouit,
2460 1745 2631 1804 cuius
2678 1745 2923 1805 nomine

606 1859 728 1902 una
771 1843 898 1901 uita
944 1839 1134 1900 Clodii
1183 1840 1255 1901 de
1303 1843 1410 1920 eis,
1457 1860 1609 1920 quae
1655 1842 1775 1902 huc
1820 1844 2141 1921 pertinent,
2186 1843 2475 1920 inscripta
2522 1849 2632 1901 est.

791 1937 908 1999 Sed
973 1940 1087 2000 etsi
1153 1939 1482 2016 fragmenta
1547 1939 1720 2000 Marii
1772 1939 2041 2018 Maximi,
2100 1957 2249 2018 quae
2308 1937 2465 2018 apud
2520 1957 2630 2000 nos
2678 1939 2928 2002 collecta

608 2037 820 2116 habeS,
874 2037 1182 2097 minimam
1238 2045 1469 2116 partem
1524 2040 1810 2100 materiae
1868 2055 1938 2098 ex
1997 2056 2067 2098 eo
2124 2045 2395 2116 sumptae
2452 2045 2925 2118 repraesentant,

607 2143 808 2196 tamen
865 2136 1228 2195 coniecturis
1285 2152 1351 2194 ea
1409 2153 1770 2214 exaggerare
1826 2144 1889 2197 et
1932 2134 2255 2196 obscurare
2302 2135 2621 2214 noluimuS,
2668 2155 2821 2215 quas
2862 2144 2929 2198 ut

609 2233 1118 2312 confirmaremuS,
1183 2231 1341 2293 haud
1413 2235 1627 2312 exigua
1692 2252 1832 2313 pars
1898 2232 2062 2312 libri,
2128 2251 2306 2312 quem
2382 2230 2453 2293 de
2528 2234 2927 2313 scriptoribus

607 2331 892 2391 historiae
938 2330 1238 2409 Augustae
1296 2332 1759 2410 composuimuS,
1815 2331 1935 2392 huc
1979 2329 2393 2392 transferenda
2439 2331 2569 2411 fuit,
2622 2330 2695 2392 ad
2744 2351 2923 2413 quem

523 2491 532 2502 ‚
608 2430 712 2507 qui
787 2427 1155 2507 singularum
1229 2445 1432 2488 rerum
1497 2430 1699 2508 priore
1768 2437 1938 2508 parte
2012 2430 2144 2490 eius
2207 2428 2493 2490 historiae
2564 2428 2925 2492 traditarum

607 2525 788 2586 fidem
837 2527 1232 2586 examinaturi
1277 2534 1433 2605 sunt,
1479 2526 1699 2606 releg0.
1714 2521 1765 2611 1)

790 2787 842 2855 1)
878 2785 918 2840 Ι.
948 2785 1024 2842 M.
1055 2785 1206 2841 Heer
1241 2786 1374 2858 (Der
1419 2786 1759 2842 historische
1796 2787 1959 2842 Wert
2005 2787 2105 2842 der
2132 2787 2200 2842 V.
2230 2787 2516 2843 Commod.
2552 2806 2609 2858 p.
2642 2794 2747 2844 147
2762 2792 2927 2859 sqq.)‚

609 2865 672 2922 Ο.
713 2865 916 2920 Schulz
954 2867 1241 2938 (Beitritge
1285 2884 1341 2937 p.
1386 2869 1489 2936 73),
1528 2867 1825 2921 Lecrivain
1863 2873 1934 2938 (p.
1978 2872 2080 2923 193
2102 2869 2261 2938 sqq.)‚
2303 2867 2665 2923 Kornemann
2703 2868 2931 2941 (Kaiser

607 2945 867 3000 Hadrian
901 2964 955 3017 p.
987 2949 1109 3016 121)
1146 2949 1392 3002 maxime
1439 2946 1856 3016 aequabilitate
1902 2948 2195 3003 citationis
2242 2947 2442 3002 offensi
2488 2947 2736 3004 Marium
2773 2949 2925 3004 Max.

607 3043 722 3081 non
769 3027 842 3081 ab
888 3027 1030 3097 ipsis
1075 3026 1207 3082 hist.
1247 3029 1540 3098 Augustae
1579 3028 1949 3098 scriptoribus
1986 3027 2046 3082 in
2081 3045 2246 3082 usum
2282 3031 2551 3082 uocatum
2588 3029 2688 3083 sed
2728 3030 2803 3084 ab
2842 3047 2927 3099 eo,

607 3107 710 3176 qui
743 3105 850 3160 has
885 3107 1037 3162 uitas
1075 3108 1136 3162 in
1171 3107 1434 3162 ultimam
1471 3109 1711 3162 formam
1746 3109 1989 3179 redegit,
2024 3108 2380 3164 nominatum
2418 3111 2477 3163 et
2510 3109 2927 3180 interpolatum

610 3203 733 3242 esse
780 3187 1166 3257 coniecerunt,
1214 3189 1314 3243 sed
1364 3190 1431 3242 ut
1479 3189 1549 3243 de
1596 3189 1990 3244 communione
2037 3187 2249 3256 cultus,
2294 3206 2407 3258 quo
2450 3206 2643 3244 omnes
2678 3190 2929 3260 impera.-

607 3268 796 3321 torum
843 3268 998 3322 uitae
1046 3271 1306 3322 senatum
1352 3285 1657 3338 omnesque
1704 3269 2093 3340 imperatores,
2138 3271 2238 3339 qui
2283 3269 2435 3324 hunc
2474 3271 2736 3325 uenerati
2774 3274 2925 3340 sunt,

609 3346 683 3402 ab
731 3347 1023 3402 Hadriano
1070 3365 1247 3418 usque
1297 3349 1370 3402 ad
1417 3349 1803 3404 Alexandrum
1849 3349 2118 3406 Seuerum
2163 3353 2495 3420 prosecutae
2542 3352 2691 3418 sunt,
2740 3351 2924 3420 deque

606 3427 732 3480 uita
750 3427 841 3480 Pii
871 3429 944 3481 ab
971 3443 1085 3482 uno
1115 3435 1344 3484 auctore
1370 3430 1656 3499 pendente
1685 3432 1787 3485 aut
1814 3431 1884 3484 de
1905 3447 2181 3485 consensu
2199 3430 2553 3499 quorundam
2571 3429 2636 3484 in
2654 3433 2925 3486 contextu

605 3506 858 3562 locorum
887 3524 1014 3562 cum
1041 3508 1166 3578 ipso
1185 3509 1369 3564 Mario
1397 3509 1663 3578 Maximo,
1692 3510 1793 3579 qui
1820 3509 1881 3563 in
1910 3510 2281 3566 adnotatione
2308 3527 2437 3565 mea
2464 3511 2743 3581 adscripti
2772 3515 2921 3580 sunt,

607 3591 857 3655 taceam,
905 3587 1033 3658 ipsa
1078 3589 1366 3660 appendix
1413 3590 1877 3645 documentorum
1924 3590 1998 3644 ab
2045 3607 2113 3646 eo
2158 3590 2221 3646 in
2266 3590 2566 3646 historiam
2600 3592 2921 3662 Augustam

605 3666 889 3724 translata
925 3668 1293 3739 taediumque
1329 3668 1561 3737 laboris,
1598 3687 1711 3738 quo
1750 3672 1995 3742 correpti
2031 3671 2153 3726 eius
2189 3670 2609 3742 longitudinem
2646 3671 2921 3741 abiciunt,

607 3747 752 3802 satie
791 3748 1194 3822 demonstrant,
1231 3750 1363 3806 illos
1400 3767 1435 3806 a
1472 3751 1719 3805 ueritate
1758 3751 2067 3806 aberrasse.
2105 3751 2171 3807 V.
2202 3751 2466 3806 Bursiani
2494 3751 2732 3806 annales
2766 3759 2918 3808 190⁶.
