3234 5034
1247 307 1310 373 Q.
1349 305 1655 361 DELLIVS
2511 300 2597 364 53

479 473 594 540 2*.
654 480 810 540 Plut.
849 480 1023 540 Brut.
1062 478 1146 537 51
1196 476 1495 558 Βροῦτος
1533 472 1607 537 δὲ
1647 473 1929 553 [fugiens
1960 481 2106 551 post
2136 489 2417 548 puqnam
2456 470 2596 529 Phi·
2635 410 2743 549 341}

305 575 659 655 lippensem]
718 574 954 657 διαβάς
1010 596 1074 637 τι
1135 572 1416 656 ῥεῖθρον
1467 569 1723 645 ὑλῶδες
1776 566 1885 633 καὶ
1940 565 2416 651 παράκρημνον
2471 566 2598 648 ἤδη

303 674 584 747 σκότους
639 672 832 748 ὄντος
885 670 966 737 οὐ
1020 672 1193 736 πολὺ
1248 672 1593 753 προῆλθεν
1647 665 1779 731 ἀλλ’
1845 666 1917 731 ἐν
1981 668 2158 754 τόπφ
2222 665 2423 752 κοίλῳ
2492 661 2603 728 καὶ

305 769 557 851 πέτραν
619 772 837 855 ἔχοντι
901 768 1195 853 μεγάλην
1259 765 1705 851 προκειμένην
1764 767 2079 847 καθίσας,
2146 762 2393 847 ὀλίγων
2452 759 2603 847 περὶ

253 889 278 929 ε
304 868 510 933 αὐτὸν
557 867 902 951 ἡγεμόνων
945 866 1057 932 καὶ
1104 870 1326 950 φίλων
1369 866 1587 930 ὄντων
1632 875 1859 947 πρῶτα
1904 858 2027 947 μὲν
2072 860 2455 945 ἀποβλέψας
2508 861 2603 935 εἰς

303 967 423 1031 τὸν
469 966 766 1048 οὐρανὸν
812 964 1110 1050 ἀστέρων
1155 966 1319 1030 ὄντα
1363 963 1607 1045 μεστὸν
1654 960 2109 1045 ἀνεφθέγξατο
2151 960 2279 1025 δύο
2317 962 2604 1043 στίχους,

307 1058 402 1129 ὧν
449 1065 570 1129 τὸν
613 1060 843 1147 ἕτερον
888 1064 1307 1148 Βολούμνιος
1355 1060 1689 1145 ἀνέγραψε

575 1161 756 1243 ‘zea
802 1163 888 1247 μὴ
938 1163 1140 1227 λάθοι
1186 1178 1262 1226 σε
1309 1158 1505 1225 τῶνδ’
1563 1158 1635 1236 ὃς
1681 1157 1890 1234 αἴτιος
1934 1158 2198 1223 κακῶν’.

303 1270 425 1326 τοῦ
474 1258 536 1324 δ’
584 1258 812 1342 ἑτέρου
859 1257 1070 1344 φησὶν
1117 1258 1577 1324 ἐπιλαθέσθαι.
1622 1260 1759 1322 κτλ.

1249 1505 1328 1589 Q.
1383 1501 1672 1576 DELLI

1038 1649 1367 1708 BELLVM
1412 1646 1885 1708 PARTHIOVM

233 1798 281 1840 ιο
488 1766 554 1835 l.
602 1774 828 1835 Strabo
865 1774 972 1834 XI
1003 1774 1107 1849 13,
1136 1774 1181 1834 3
1203 1792 1271 1850 p.
1311 1772 1444 1834 523
1490 1770 1845 1835 Βασίλειον
1892 1764 1953 1830 δ’
1998 1765 2219 1831 αὐτῶν
2258 1765 2607 1845 [Medorum
2661 1782 2729 1829 36

304 1869 798 1949 Atropatiorum]
845 1869 1129 1951 θερινὸν
1173 1864 1297 1953 μὲν
1341 1866 1417 1933 ἐν
1461 1868 1667 1955 πεδίῳ
1720 1864 2083 1951 ἱδρυμένον
2127 1864 2403 1943 Γάζακα,
2432 1860 2605 1945 <χει-
2644 1852 2749 1919 fi}

311 1966 592 2050 μερινὸν
638 1961 753 2049 δὲ)
803 1964 876 2030 ἐν
921 1968 1227 2054 φρουρίῳ
1275 1965 1538 2053 ἐρυμνῷ
1573 1963 1812 2050 Οὐέρα,
1859 1963 2018 2046 ὅπερ
2057 1959 2410 2035 Ἀντώνιος
2458 1959 2605 2025 ἐπο-

310 2066 620 2147 λιόρκησε
657 2066 823 2128 κατὰ
859 2066 981 2147 τὴν
1018 2062 1122 2129 ἐπὶ.
1153 2068 1597 2150 Παρθυαίους
1632 2066 2009 2149 στρατείαν·
2058 2058 2258 2143 διέχει
2298 2058 2371 2122 δὲ
2408 2066 2605 2122 τοῦτο

312 2171 432 2227 τοῦ
469 2159 739 2244 Ἀράξου
783 2170 1083 2246 ποταμοῦ
1130 2172 1250 2227 τοῦ
1297 2162 1634 2247 ὁρίζοντος
1680 2164 1803 2245 τήν
1847 2184 1915 2225 τε
1944 2160 2297 2243 Ἀρμενίαν
2336 2154 2447 2221 καὶ
2484 2157 2608 2238 τὴν

239 2287 285 2327 ιι
303 2258 790 2343 Ἀτροπατηνὴν
828 2261 1184 2343 στραδιόυς
1222 2260 1590 2345 δισχιλίους
1615 2257 1725 2325 καὶ
1756 2260 2242 2343 τετρακοσίους,
2272 2256 2360 2332 ὥς
2398 2272 2608 2338 φησιν

311 2356 347 2423 ὁ
391 2357 698 2440 Δέλλιος,
745 2356 781 2422 ὁ
827 2366 950 2423 τοῦ
989 2356 1350 2423 Ἀντωνίου
1398 2362 1614 2443 φίλος,
1661 2356 2051 2443 συγγράψας
2104 2356 2227 2439 τὴν
2276 2354 2377 2418 ἐπὶ
2427 2356 2608 2435 Παρ-

307 2460 596 2531 θυαίους
672 2456 880 2521 αὐτοῦ
943 2459 1322 2540 στρατείαν,
1388 2456 1462 2521 ἐν
1528 2448 1566 2543 ᾖ
1630 2465 1851 2540 παρῆν
1914 2453 2024 2520 καὶ
2098 2453 2298 2529 αὐτὸς
2371 2450 2609 2535 ἡγεμο-

305 2558 460 2619 νίαν
506 2551 698 2638 ἔχων.

486 2650 602 2719 2*.
652 2656 810 2716 Plut.
848 2658 1070 2719 Ancon.
1109 2657 1197 2717 59
1261 2655 1573 2730 Πολλοὺς
1630 2648 1701 2717 δὲ
1756 2648 1866 2716 καὶ
1922 2662 2057 2715 τῶν
2112 2652 2334 2715 ἄλλων
2390 2651 2610 2733 φίλων

239 2776 288 2817 2⁰
317 2752 622 2831 [Antonii]
670 2749 736 2814 οἱ
785 2750 1212 2834 Κλεοπάτρας
1255 2752 1532 2827 κόλακες
1578 2748 1887 2833 ἐξέβαλον
1932 2750 2051 2825 τὰς
2103 2750 2455 2831 παροινίας
2498 2746 2609 2811 καὶ

487 2908 546 2961 2.
589 2908 672 2973 Of.
702 2907 849 2975 App.
881 2908 928 2963 b.
959 2925 1001 2961 c.
1033 2908 1132 2962 IV
1153 2912 1262 2962 130
1299 2906 1362 2963 ‘O
1398 2907 1461 2961 δὲ
1505 2912 1747 2975 Βροῦτος
1793 2905 2104 2975 ἀναφεύγει
2148 2904 2250 2973 μὲν
2298 2904 2355 2965 ἐς
2396 2902 2467 2957 τὰ
2504 2903 2607 2972 ὅρη

309 2980 408 3033 σὺν
457 2976 638 3048 ἱκανῷ
683 2976 918 3046 πλήθει,
965 2980 1041 3041 ὡς
1083 2980 1284 3041 νυκτὸς
1329 2979 1386 3041 ἐς
1429 2978 1492 3033 τὸ
1541 2977 1920 3046 στρατόπεδον
1957 2974 2325 3045 ὑποστρέψων
2361 2972 2396 3043 ἢ
2434 2993 2607 3029 κατα·

309 3047 615 3121 βησόμενος
651 3049 744 3105 ἐπὶ
779 3049 884 3118 τὴν
919 3052 1236 3105 θάλατταν·
1283 3050 1401 3105 ἐπεὶ
1439 3052 1502 3106 δὲ
1539 3049 1896 3118 περιείληπτο
1932 3046 2122 3103 πάντα
2160 3051 2455 3116 φυλακαῖς,
2494 3049 2607 3100 διε-

309 3120 636 3188 νυκτέρευεν
675 3119 909 3183 ἔνοπλος
935 3121 1072 3189 μετὰ
1099 3120 1347 3189 πάντων,
1384 3120 1482 3175 καί
1521 3138 1697 3191 φασιν
1735 3120 1910 3174 αὐτὸν
1938 3120 1994 3182 ἐς
2028 3120 2159 3181 τοὺς
2196 3116 2432 3185 ἀστέρας
2466 3117 2605 3171 ἀνα-

307 3190 582 3263 βλέποντα
622 3192 834 3246 εἰπεῖν·
907 3192 1057 3258 (Ζεῦ,
1105 3192 1180 3262 μή
1226 3192 1397 3247 λα’θοι
1453 3211 1512 3247 σε
1566 3190 1739 3247 τῶνδ’
1791 3189 1853 3254 ὃς
1898 3190 2077 3253 αἴτιος
2121 3190 2334 3244 παιών’
2375 3189 2605 3257 (Em-ip.

312 3264 458 3319 Med.
491 3267 647 3331 332),
685 3262 1163 3334 ἐνσημαινόμενον
1201 3264 1314 3332 ἄρα
1350 3266 1448 3318 τὸν
1477 3262 1785 3318 Ἀντώνιον.
1845 3264 1967 3317 Hos
2009 3264 2151 3317 solos
2194 3278 2387 3315 uersus
2424 3262 2607 3328 (τοῦτο

308 3335 367 3389 τὸ
389 3333 742 3404 Ἡράκλειον)
772 3352 894 3389 ewm
930 3337 1259 3391 exclamasse
1294 3336 1531 3391 tradidit
1571 3336 1715 3391 Cass.
1750 3336 1863 3389 Dio
1893 3335 2007 3388 XL
2021 3334 2142 3388 VII
2170 3336 2271 3386 49:
2303 3326 2365 3385 Ὦ
2402 3334 2609 3399 τλῆμον

309 3404 492 3475 ἀρετή,
531 3403 692 3474 λόγος
731 3401 829 3473 ἄρ’
862 3398 1032 3475 ἦσθ’·
1072 3404 1179 3476 ἐγὼ
1217 3406 1282 3462 δέ
1321 3423 1380 3460 σε
1419 3409 1494 3469 ὡς
1521 3406 1685 3477 ἔργον
1714 3405 1947 3473 ἤσκουν·
1992 3405 2059 3458 σὺ
2096 3399 2155 3457 δ’
2190 3400 2285 3471 ἄρ’
2323 3402 2609 3463 ἐδούλευες

307 3476 442 3550 τύχῃ
483 3476 707 3547 (Nauck
751 3477 800 3530 T
793 3494 912 3548 ray.
951 3494 1032 3549 9⁹·-
1058 3478 1162 3545 fr.²
1185 3496 1240 3547 p.
1272 3482 1422 3545 910).

489 3549 545 3604 1.
588 3549 672 3615 C'f.
695 3549 826 3603 Liu.
849 3566 928 3617 ep.
944 3554 1050 3603 130
1069 3549 1278 3620 uiginti
1297 3554 1356 3605 et
1375 3566 1486 3603 uno
1507 3548 1709 3603 diebus
1724 3551 1979 3602 trecenta
1996 3545 2156 3601 milia
2174 3545 2313 3615 fuga
2332 3561 2605 3599 emensus.

313 3619 703 3675 Gardthausen
740 3624 978 3691 Auyust.
1007 3621 1050 3673 I
1073 3638 1128 3689 p.
1159 3625 1274 3675 295
1291 3638 1368 3691 sq.
1407 3622 1484 3674 ΙΙ
1515 3626 1623 3675 153
1639 3638 1714 3688 sq.
1746 3624 1870 3673 156.

487 3764 554 3850 2,
607 3773 662 3830 7.
711 3771 1112 3849 βουλούμνιος
1157 3772 1279 3831 cod.
1317 3773 1476 3845 qui-d.

488 3851 554 3939 l,
606 3862 707 3919 10.
754 3859 1084 3939 χειμερινὸν
1130 3857 1195 3921 δὲ
1245 3879 1378 3920 owm
1423 3861 1719 3921 Meinekio
1762 3861 1991 3919 inserui
2032 3864 2171 3932 post
2212 3858 2450 3930 Γάζακα
2500 3856 2609 3935 [sic

316 3948 620 4008 Groskurd
663 3949 812 4029 γάζα
847 3948 948 4009 καὶ
984 3944 1195 4030 codd.].
1235 3950 1542 4011 Βασίλειον
1595 3943 1652 4009 δ’
1694 3947 1892 4009 αὐτῶν
1928 3943 2295 4027 (χειμερινὸν
2343 3944 2450 4025 μὲν
2480 3969 2510 4002 *
2528 3972 2557 4001 ια
2574 3970 2605 4005 ιιι

311 4054 524 4097 nomen
583 4035 940 4117 intercidit),
1001 4038 1248 4120 θερινὸν
1306 4036 1370 4099 δὲ
1434 4037 1500 4099 ἐν
1561 4038 1745 4123 πεδίῳ
1810 4036 2131 4117 ἱδρυμένον
2193 4038 2429 4110 Γάζακα
2493 4038 2607 4098 σὺν

313 4128 580 4211 φρουρίῳ
607 4125 843 4211 ἐρυμνῷ
880 4126 1076 4212 Οὗέρᾳ
1104 4130 1424 4189 Fabricius
1461 4130 1498 4187 l.
1525 4146 1572 4187 s,
1601 4148 1667 4202 p.
1695 4129 1926 4200 228341.
1973 4124 2193 4205 Οὐέρα]
2222 4130 2307 4187 sic
2334 4124 2609 4188 Meineke

317 4211 508 4294 Οὔερα
552 4216 712 4291 may.
741 4222 990 4277 ceterum
1039 4218 1280 4279 Gazaca
1326 4223 1378 4278 et
1416 4218 1568 4278 Vera
1602 4221 1809 4291 partes
1852 4217 2019 4276 urbis
2062 4216 2467 4290 Praasporum
2510 4219 2607 4279 uel

309 4304 736 4365 Raraartorum
769 4308 1012 4381 fuermzt
1130 4310 1230 4366 16.
1271 4303 1302 4367 ὁ
1330 4304 1570 4379 Δέλλιος
1599 4325 1704 4366 em.
1738 4306 2121 4367 Gasaubonus
2157 4304 2437 4384 ἀδέλφιος
2468 4309 2608 4368 libri
