3234 5034
1148 296 1220 353 M.
1251 296 1558 353 TVLLIVS
1597 296 1855 353 CICERO
1992 338 1999 343 .
2594 320 2641 365 v

329 463 404 524 ab
451 484 644 544 eoque
691 468 890 546 petiit,
945 472 1014 525 ut
1061 483 1172 545 per
1226 464 1532 537 Graeciam
1591 463 2002 543 diuulgaretur
2049 468 2165 538 (ad
2198 468 2319 527 Att.
2351 467 2392 526 I
2422 466 2525 541 19,
2556 467 2643 527 10

329 566 464 624 coll.
506 565 564 624 Ι.
586 564 692 641 19,
722 564 804 623 11
846 573 904 625 et
941 564 1020 624 ῙῙ
1050 564 1108 639 1,
1139 565 1226 638 1).

510 661 675 722 Idem
738 680 888 723 uero
954 660 1164 722 eodem
1230 669 1496 741 tempore
1562 663 1627 722 in
1684 660 1995 722 consulatu
2058 680 2165 722 suo
2220 661 2472 723 Latine
2541 661 2639 724 de·

331 758 651 821 scribendo
689 759 1060 838 uersabatur,
1107 758 1266 840 quod
1304 778 1453 839 opus
1491 778 1637 821 num
1672 760 2017 841 perfecerit,
2064 762 2405 839 ignoramus
2444 754 2639 844 (certe

333 860 464 919 eius
519 859 774 937 uestigia
830 876 950 919 non
996 852 1288 941 exstant),
1345 857 1623 938 idemque
1683 856 1783 920 ‘ne
1839 857 1998 939 quod
2055 876 2243 937 genus
2298 877 2331 919 a
2388 878 2453 921 se
2509 862 2639 941 ipso

331 955 526 1017 laudis
581 974 724 1018 suae
770 954 1394 1037 praetermitteretur’,
1442 956 1514 1017 de
1563 955 1771 1018 eadem
1818 976 1883 1017 re
1936 975 2180 1037 poema
2230 960 2411 1019 trium
2458 957 2638 1019 libro·

333 1074 466 1116 rum
515 1058 633 1127 (ad
675 1057 790 1117 Ad.
820 1057 863 1116 I
901 1056 1005 1131 19,
1037 1056 1172 1131 10),
1218 1054 1292 1116 ad
1338 1054 1496 1134 quod
1544 1055 1703 1115 infra
1753 1065 2145 1117 reuertemur.

511 1152 797 1215 Secutum
854 1161 948 1215 est
1002 1134 1210 1215 foedus
1265 1152 1414 1214 illud
1461 1152 1759 1233 Caesaris,
1805 1152 2075 1233 Pompei,
2124 1153 2355 1237 Crassi3
2401 1157 2640 1216 transiit

331 1250 392 1313 P.
441 1250 685 1313 Clodius
740 1250 1054 1332 adoptione
1109 1254 1174 1312 in
1231 1250 1492 1333 plebem3
1553 1250 1764 1313 Cicero
1820 1252 2079 1313 honores
2136 1270 2167 1312 a
2226 1251 2477 1315 Caesare
2534 1252 2636 1314 ob·

331 1349 481 1411 latos
539 1350 773 1411 fortiter
819 1349 1174 1429 repudiauit,
1235 1352 1477 1411 ineunte
1516 1369 1568 1410 a.
1597 1345 1855 1430 59s695
1904 1350 2067 1411 uillis
2114 1353 2242 1412 suis
2290 1370 2354 1411 se
2394 1350 2636 1429 abdidit,

329 1448 628 1509 Romanae
685 1451 776 1509 rei
829 1468 887 1529 p.
925 1447 1119 1511 taedio
1176 1454 1489 1528 correptus
1535 1448 1761 1509 Antiati
1818 1447 2102 1509 delectari
2159 1448 2276 1510 sibi
2320 1448 2637 1511 uidebatur

333 1554 766 1627 contentusque
821 1546 956 1608 odio
1011 1546 1445 1627 improborum,
1501 1565 1618 1626 quo
1674 1554 1742 1607 ut
1796 1546 1991 1626 aliqua
2038 1564 2108 1608 ex
2155 1554 2323 1627 parte
2372 1549 2635 1609 animum

332 1644 578 1723 leuaret,
626 1644 971 1706 effundebat
1011 1647 1076 1706 in
1107 1640 1482 1725 Ἀνέκδοτα,
1529 1664 1681 1725 quae
1722 1642 2149 1725 ‘Theopompio
2196 1644 2459 1725 genere',
2506 1649 2543 1707 i.
2583 1666 2633 1707 8.

331 1746 440 1823 ita,
493 1751 563 1804 ut
619 1762 718 1805 res
773 1762 846 1804 ex
893 1743 1120 1805 ultimis
1167 1746 1538 1823 secretisque
1594 1746 1791 1805 causis
1846 1738 2230 1828 repeteret1),
2278 1740 2401 1805 ‘aut
2455 1746 2632 1805 etiam

329 1844 635 1921 asperiore
683 1841 869 1903 multo
916 1860 949 1902 a
995 1860 1060 1901 se
1107 1838 1310 1921 pangi'
1360 1839 1433 1902 ad
1481 1842 1740 1903 Atticum
1796 1844 2044 1922 scripsit
2088 1838 2272 1904 ‘nullo
2329 1860 2465 1903 cum
2514 1850 2631 1904 sto-

329 1940 540 2001 macho
577 1939 684 2001 sed
721 1942 920 2020 potius
957 1958 1092 2001 cum
1133 1938 1328 2019 aliqua
1365 1939 1669 2000 scribendi
1704 1938 2031 2020 uoluptate'
2073 1942 2184 2015 (II
2212 1941 2269 2017 6,
2303 1941 2389 2014 2).
2440 1960 2633 2020 neque

327 2048 528 2099 tamen
571 2038 688 2099 hoc
733 2056 884 2118 opus
930 2058 1003 2099 ex
1051 2040 1346 2099 sententia
1395 2040 1704 2117 processit.
1766 2056 1904 2099 nam
1950 2046 2333 2118 posteaquam
2372 2040 2435 2099 in
2472 2058 2632 2101 com-

329 2136 604 2217 pluribus
651 2138 781 2198 eius
825 2139 1113 2218 temporis
1161 2135 1433 2217 epistulis
1481 2154 1546 2197 se
1591 2155 1713 2197 non
1760 2135 1967 2199 deesse
2017 2138 2193 2198 amici
2240 2139 2460 2199 acriter
2496 2138 2631 2199 hor-

327 2238 508 2297 tantis
563 2234 858 2297 uoluntati
911 2237 1212 2317 promisit,
1265 2241 1572 2296 crescente
1628 2236 1877 2296 materia
1932 2242 2115 2296 totam
2162 2253 2291 2297 rem
2338 2234 2629 2298 fluctuare

328 2335 604 2413 queritur
651 2326 846 2416 (ἥκετ’
901 2329 1168 2413 ὀπώρην
1213 2328 1429 2415 τρύξ’)
1485 2351 1681 2413 neque
1739 2352 1803 2394 se
1870 2332 1943 2394 ad
2008 2332 2393 2395 scribendum
2452 2353 2631 2415 pene·

327 2440 516 2493 trasse
566 2432 675 2503 (II
716 2432 774 2509 7,
803 2434 878 2505 1;
922 2431 982 2507 8,
1012 2433 1088 2504 1,·
1135 2432 1238 2508 12,
1267 2433 1344 2505 3;
1392 2432 1494 2507 14,
1523 2432 1612 2507 2).

503 2530 714 2591 Denuo
769 2532 1116 2591 memoriam
1171 2547 1372 2591 rerum
1419 2547 1662 2591 suarum
1710 2528 2171 2609 redintegrauit,
2228 2548 2363 2591 cum
2412 2550 2485 2591 ex
2534 2550 2632 2592 ex-

326 2628 458 2691 silio
507 2637 826 2690 reuocatus
873 2626 1068 2689 locum
1115 2627 1232 2689 sibi
1277 2630 1340 2689 in
1397 2647 1462 2689 re
1508 2646 1564 2707 p.
1603 2645 1723 2689 non
1772 2645 1905 2689 esse
1952 2627 2363 2707 intellexisset,
2410 2628 2517 2691 sed
2562 2638 2630 2691 ut

329 2729 484 2789 inter
540 2734 816 2788 senatum
872 2734 933 2786 et
979 2734 1101 2787 tres
1146 2728 1312 2787 uiros
1360 2724 1693 2804 dubitabat,
1746 2728 1831 2787 ita
1884 2728 1949 2787 in
2001 2725 2317 2788 scribendo
2365 2728 2631 2793 incertus

327 2834 470 2905 erat,
507 2824 654 2906 quid
691 2826 945 2885 maxime
983 2832 1297 2904 spectaret.
1343 2823 1612 2885 Primum
1650 2823 1911 2904 quidem,
1950 2826 2001 2885 si
2040 2823 2243 2885 Cassio
2279 2824 2455 2887 Dioni
2501 2844 2629 2888 cre-

330 2924 522 2986 dimus
553 2916 691 3006 (39,
724 2917 836 3007 10)
865 2930 993 2983 tum
1033 2920 1324 3001 ’βιβλίον
1347 2943 1410 2984 τι
1447 2918 1847 3003 ἀπόρρητον’
1894 2925 2209 3003 conposuit
2244 2932 2305 2985 et
2344 2920 2449 2985 ‘De
2489 2944 2627 2985 con-

327 3022 476 3083 siliis
542 3019 694 3083 suis'
759 3023 1094 3100 inscripsit,
1159 3023 1264 3100 qui
1327 3019 1506 3081 index
1582 3021 1928 3099 fragmentis
2004 3023 2151 3100 ipsis
2226 3022 2625 3085 confirmatur.

327 3120 482 3199 quod
538 3119 782 3199 quidem
837 3138 987 3199 opus
1043 3120 1156 3181 suit
1209 3117 1357 3179 illud
1403 3118 1899 3200 Theopompium,
1959 3127 2083 3180 tum
2141 3118 2214 3180 ad
2266 3120 2445 3181 finem
2492 3140 2626 3201 per-

327 3218 586 3279 ductum.
661 3236 798 3277 nam
851 3216 1008 3296 quod
1056 3216 1129 3277 ad
1177 3217 1434 3277 Atticum
1485 3216 1556 3277 de
1609 3236 1679 3277 eo
1728 3218 2051 3297 scripserat
2097 3213 2187 3278 ‘se
2238 3217 2379 3279 dare
2424 3236 2490 3279 se
2536 3219 2625 3280 hi-

324 3310 567 3376 storiae’
617 3316 729 3387 (II
753 3314 814 3391 8,
846 3317 933 3394 1),
981 3316 1242 3376 concinit
1279 3334 1416 3377 cum
1453 3314 1641 3376 Dione
1681 3314 2019 3377 defendisse
2058 3334 2195 3377 eum
2233 3315 2481 3377 consilia
2521 3336 2625 3379 sua

503 3508 554 3573 1)
594 3504 676 3561 cf.
717 3504 877 3560 Dion.
905 3504 1032 3561 Hal.
1063 3506 1140 3560 ad
1165 3506 1358 3575 Pomp.
1390 3510 1422 3561 6
1461 3522 1514 3575 p.
1546 3510 1616 3560 65
1645 3505 1810 3561 Vsen.
1840 3506 1933 3574 (de
1970 3505 2379 3577 Theopompo):
2432 3510 2625 3563 Τελευ-

320 3583 482 3641 ταῖόν
528 3586 646 3642 ἐστι
689 3593 800 3641 τῶν
847 3586 1024 3657 ἔργων
1071 3586 1247 3641 αὐτοῦ
1284 3586 1382 3643 καὶ
1419 3587 1980 3657 χαρακτηρικώτατον
2028 3584 2057 3641 ὃ
2102 3585 2231 3654 παρ’
2275 3587 2469 3643 οὐδενὶ
2513 3596 2626 3643 τῶν

323 3666 504 3721 ἄλλων
551 3664 921 3737 συγγραφέων
967 3662 1142 3729 οὕτως
1188 3665 1431 3739 ἀκριβῶς
1477 3663 1823 3737 ἐξείργασται
1878 3666 1976 3720 καὶ
2031 3668 2285 3730 δυνατῶς
2340 3667 2466 3722 οὔτε
2513 3678 2624 3725 τῶν

319 3744 711 3818 πρεσβυτέρων
767 3745 894 3801 οὔτε
948 3754 1060 3801 τῶν
1115 3745 1423 3816 νεωτέρων·
1478 3743 1534 3801 τί
1589 3746 1653 3802 δὲ
1700 3744 1864 3803 τοῦτό
1913 3746 2051 3812 ἐστις
2097 3746 2160 3802 τὸ
2209 3746 2343 3803 καθ’
2388 3746 2625 3819 ἑκάστην

319 3827 530 3897 πρᾶξιν
565 3825 642 3896 μὴ
681 3824 858 3895 μόνον
893 3826 964 3881 τὰ
1002 3826 1224 3897 φανερὰ
1259 3836 1377 3890 τοῖς
1413 3830 1639 3889 πολλοῖς
1675 3826 1817 3895 ὁρᾶν
1854 3827 1952 3881 καὶ
1987 3826 2169 3899 λέγειν
2204 3826 2317 3882 ἀλλ’
2353 3828 2622 3895 ἐξετάζειν

321 3907 420 3962 καὶ
471 3906 574 3971 τὰς
627 3908 871 3975 ἀφανεῖς
914 3905 1101 3971 αἰτίας
1144 3916 1256 3963 τῶν
1301 3907 1562 3975 πράξεων
1607 3907 1705 3962 καὶ
1749 3916 1861 3963 τῶν
1906 3906 2243 3975 πραξάντων
2298 3908 2475 3971 αὐτὰς
2528 3910 2623 3963 καὶ

319 3986 392 4041 τὰ
435 3986 601 4058 now-²1
643 3995 746 4057 τῆς
779 3996 982 4059 ψυχῆς,
1019 3986 1057 4042 ἃ
1097 3987 1170 4058 μὴ
1209 3985 1382 4057 (idam
1418 3996 1536 4051 τοῖς
1571 3992 1797 4051 πολλοῖς
1832 3988 2063 4056 εἰδέναι,
2101 3989 2198 4043 καὶ
2234 3988 2421 4045 πάντα
2462 3988 2622 4045 ἐκκα-

320 4068 548 4123 λύπτειν
582 4066 656 4121 τὰ
691 4067 965 4137 μυστήρια
1001 4077 1100 4139 τῆς
1123 4088 1183 4125 τε
1209 4068 1488 4139 δοκούσης
1513 4068 1716 4137 ἀρετῆς
1740 4069 1839 4124 καὶ
1863 4077 1963 4139 τῆς
1990 4067 2375 4140 ἀγνοουμένης
2401 4066 2620 4133 κακίας.

319 4144 424 4200 καί
458 4166 554 4215 μοι
597 4149 760 4203 δοκεῖ
789 4166 908 4212 πως
940 4148 970 4204 ὁ
999 4148 1386 4219 μυθευόμενος
1422 4150 1484 4205 ἐν
1507 4145 1696 4203 ’Ἅιδου
1732 4158 1843 4205 τῶν
1876 4158 2073 4220 ψυχῶν
2101 4149 2495 4206 ἀπολυθεισῶν
2520 4160 2621 4205 τοῦ

321 4228 574 4297 σώματος
609 4223 902 4297 ἐξετασμὸς
946 4228 1038 4285 ἐπὶ
1081 4238 1192 4284 τῶν
1230 4229 1349 4285 ἐκεῖ
1380 4231 1659 4285 δικαστῶν
1696 4227 1870 4293 οὕτως
1904 4230 2140 4301 ἀκριβὴς
2175 4224 2325 4285 εἶναι
2360 4230 2436 4293 ὡς
2462 4230 2493 4285 ὁ
2522 4231 2621 4285 διὰ

320 4316 422 4377 τῆς
473 4306 810 4377 Θεοπόμπου
856 4317 1079 4380 γραφῆς
1123 4306 1465 4381 γιγνόμενος.
1529 4308 1596 4365 R.
1628 4307 1815 4365 Hinel
1851 4310 1911 4363 in
1948 4329 2018 4363 m.
2050 4310 2153 4365 Rh.
2184 4316 2250 4365 47
2289 4329 2343 4381 p.
2374 4316 2476 4365 367
2498 4330 2618 4381 sqq.
