3234 5034
669 316 910 364 cxxxn
1161 295 1258 350 DE
1297 295 1754 352 SCRIPTORVM
1797 296 1985 353 VITIS
2022 295 2116 350 ET
2154 296 2469 352 SCRIPTIS

1210 533 1354 610 CN.
1410 534 1865 610 DOMITIVS
1924 535 2352 612 CORBVLO
2370 529 2423 622 ¹)

753 697 758 702 ’
843 713 956 786 Qui
992 715 1183 776 Taciti
1221 713 1520 775 annalium
1557 713 1741 775 libros
1778 715 2017 776 ultimos
2052 714 2282 795 legerit,
2328 716 2525 776 animo
2571 714 2959 794 recreabitur,

664 815 716 874 si
764 832 834 873 ex
881 814 1143 874 miseriis
1189 811 1531 874 domesticis
1579 812 1653 874 ad
1700 832 1797 875 res
1836 833 1867 874 a
1906 812 2237 874 Corbulone
2275 820 2474 893 gestas
2512 813 2709 873 animo
2749 812 2957 874 deuer-

661 913 820 973 terit.
894 930 1105 991 magna
1153 912 1312 972 enim
1360 930 1494 972 cum
1543 919 1671 973 arte
1720 930 1846 973 rem
1892 914 1980 974 sic
2016 913 2292 992 instituit,
2339 920 2423 992 ut,
2462 910 2959 991 quemadmodum

667 1010 728 1069 in
785 1011 998 1089 primis
1053 1009 1292 1070 Tiberio
1349 1009 1686 1070 Germanici
1743 1012 2005 1090 speciem
2062 1029 2130 1071 ac
2186 1009 2462 1071 decorem
2520 1012 2825 1091 opposuit,
2880 1012 2961 1070 ita

662 1109 726 1169 in
773 1107 894 1169 illis
938 1109 1164 1169 ueteris
1207 1109 1450 1169 uirtutis
1496 1107 1795 1170 Romanae
1851 1109 2132 1189 reliquias
2190 1126 2476 1170 enarrans
2538 1118 2597 1170 et
2651 1108 2959 1170 illustrans

662 1215 722 1268 et
767 1225 833 1268 se
877 1209 1006 1286 ipse
1055 1214 1114 1268 et
1161 1215 1392 1268 ceteros
1439 1225 1471 1267 a
1511 1215 1833 1287 conspectu
1880 1208 2189 1288 malorum,
2236 1205 2455 1287 quibus
2501 1208 2791 1268 maiorem
2828 1225 2962 1286 par-

661 1311 782 1366 tem
819 1304 1110 1366 librorum
1149 1304 1428 1386 expleret,
1473 1304 1779 1385 paulisper
1814 1313 1977 1367 certe
2016 1313 2326 1367 reuocaret
2362 1313 2438 1385 et,
2484 1306 2534 1367 si
2573 1306 2705 1366 fieri
2742 1314 2961 1386 posset,

663 1400 999 1464 delectaret.
1091 1405 1452 1483 principium
1500 1403 1723 1482 gloriae
1782 1403 1872 1465 illi
1930 1402 2143 1465 militia
2204 1404 2333 1482 fuit,
2392 1423 2507 1484 qua
2566 1402 2798 1483 legatus
2853 1421 2959 1484 pro

659 1509 932 1581 praetore
988 1503 1049 1561 in
1098 1499 1412 1563 Germania
1467 1502 1750 1562 inferiore
1798 1521 1847 1564 a.
1884 1497 2126 1583 47s800
2172 1501 2440 1563 Chaucos
2494 1504 2559 1562 in
2605 1501 2959 1582 obsequium

661 1599 907 1680 redegit,
952 1602 1094 1680 imp.
1133 1598 1376 1661 Claudio
1415 1607 1630 1680 autem,
1677 1618 1755 1661 ne
1792 1599 1908 1661 sibi
1944 1600 2317 1681 periculosus
2356 1607 2532 1680 esset,
2578 1599 2961 1662 formidinem

661 1699 890 1778 iniecit,
947 1717 1062 1778 qua
1120 1698 1192 1759 de
1251 1717 1429 1760 causa
1485 1700 1573 1759 cis
1620 1697 1895 1760 Rhenum
1958 1716 2093 1760 eum
2147 1697 2447 1779 praesidia
2494 1698 2719 1760 referre
2768 1701 2961 1776 iussit,

659 1797 918 1876 insignia
963 1804 1162 1858 tamen
1209 1797 1495 1876 triumphi
1543 1799 1841 1858 concessit
1888 1798 2063 1870 (Tac.
2094 1797 2203 1858 XI
2233 1796 2513 1859 18—20.
2560 1799 2682 1859 Dio
2721 1799 2829 1877 60,
2859 1798 2962 1873 30,

659 1896 864 1970 4—6)
913 1901 972 1956 et
1018 1894 1326 1957 consulatu
1363 1894 1634 1957 functum
1671 1912 1779 1975 pro
1816 1895 2058 1957 consule
2096 1897 2159 1956 in
2194 1896 2392 1957 Asiam
2428 1897 2594 1956 misit
2612 1897 2725 1968 (ex
2762 1901 2965 1958 numis

661 1995 833 2055 Pras.
873 1994 950 2054 II
974 2013 1040 2070 p.
1071 1994 1205 2068 21).
1271 1995 1470 2072 itaque
1527 2012 1665 2054 curn
1709 1993 1931 2055 bellum
1979 1993 2137 2074 quod
2184 1995 2476 2055 conficere
2525 1993 2963 2073 prohiberetur,

659 2110 770 2171 pro
810 2093 1076 2153 confecto
1119 2090 1453 2172 duceretur,
1481 2100 1549 2153 ut
1585 2093 1669 2152 ait
1694 2091 1934 2153 Tacitus
1976 2091 2046 2153 de
2075 2091 2445 2172 Germanico,
2490 2110 2703 2171 magna
2741 2091 2963 2154 Romae

660 2190 844 2269 gloria
890 2190 1092 2252 floruit
1138 2193 1518 2271 omniumque
1565 2191 1631 2251 in
1669 2209 1735 2252 se
1773 2191 1976 2252 oculos
2015 2192 2327 2271 conuertit,
2373 2198 2685 2270 postquam
2726 2189 2961 2252 Nerone

659 2288 834 2350 modo
893 2290 1210 2370 imperium
1273 2289 1483 2368 adepto
1543 2288 1767 2351 bellum
1827 2283 1905 2350 ab'
1961 2291 2191 2351 oriente
2252 2291 2562 2350 imminere
2622 2291 2959 2352 nuntiatum

660 2393 766 2448 est.
857 2386 1182 2448 uirtutibus
1229 2395 1356 2448 tum
1403 2387 1568 2449 locus
1616 2387 1943 2466 patefactus
1982 2405 2113 2449 esse
2150 2386 2483 2466 uidebatur,
2530 2406 2667 2448 cum
2704 2389 2958 2468 impera·

659 2492 753 2545 tor
789 2478 1008 2568 (Burro
1048 2485 1178 2546 fort.
1209 2479 1478 2570 auctore)
1519 2485 1865 2547 retinendae
1903 2486 2216 2547 Armeniae
2265 2504 2401 2546 eum
2438 2480 2956 2570 praeposuisset-²)

659 2601 772 2644 nec
819 2581 1010 2644 defuit
1053 2583 1244 2645 famae
1291 2583 1546 2646 fortuna.

839 2775 892 2846 1)
929 2772 1057 2828 Vid.
1076 2774 1127 2828 J.
1149 2773 1296 2830 Held
1325 2775 1412 2830 De
1442 2776 1539 2830 Cn.
1562 2776 1637 2831 D.
1663 2777 1719 2832 G.
1750 2775 1941 2846 Progr.
1964 2772 2353 2830 Suidniciense
2378 2779 2534 2830 1862.
2562 2773 2957 2846 Wolffgramm

662 2855 758 2910 On.
781 2855 856 2910 D.
881 2855 936 2910 G.
975 2854 1657 2925 Progr.Prenzlau.18''14.
1697 2855 1925 2926 Prosop.
1954 2855 2005 2908 H
2042 2873 2097 2926 p.
2126 2859 2196 2910 20
2216 2872 2298 2924 sq.
2326 2872 2381 2909 n.
2416 2859 2535 2910 128.
2587 2855 2671 2910 De
2708 2855 2959 2926 imagine

660 2934 780 2989 eius
819 2952 871 2991 u.
901 2934 1189 2990 Bernoulli
1224 2937 1474 3007 Iconoqr.
1505 2935 1665 2990 Rom.
1694 2937 1721 2989 I
1757 2955 1811 3007 p.
1841 2941 1943 2990 271
1968 2953 2087 3006 sqq.
2116 2935 2233 2990 tab.
2264 2935 2457 2990 XXIII.
2489 2967 2557 2976 —-
2586 2935 2959 2992 Premerstein

657 3031 747 3085 ap.
787 3013 967 3084 Pauly
979 3015 1168 3069 -Wiss
1209 3015 1286 3070 IV
1333 3033 1377 3070 c.
1423 3022 1522 3070 757
1545 3034 1626 3086 sq.
1694 3015 2042 3086 Corbulonis,
2093 3015 2350 3084 Balbini,
2406 3014 2661 3072 Suetonii
2718 3015 2959 3086 Paulini,

656 3093 1020 3164 Vespasiani,
1079 3095 1312 3150 Antonii
1377 3095 1584 3150 Iuliani
1650 3096 2079 3152 commentarios
2135 3112 2169 3150 a
2228 3095 2365 3150 uitis
2431 3095 2959 3166 commentariisque

659 3174 868 3243 Sullae,
897 3175 1199 3244 Ciceronis,
1229 3176 1502 3246 Caesaris,
1539 3177 1674 3248 imp.
1707 3176 1936 3246 Tiberii,
1966 3175 2315 3248 Agrippinae
2343 3175 2661 3247 distinguit,
2700 3193 2831 3232 cum
2858 3179 2957 3231 hos

657 3258 880 3310 tantum
929 3256 992 3308 in
1041 3255 1293 3310 historiis
1331 3257 1519 3327 ponit,
1563 3257 1695 3312 illos
1739 3258 1799 3313 in
1844 3257 2087 3328 publicis
2134 3257 2275 3312 actis
2292 3300 2305 3326 ,
2352 3256 2451 3327 qui
2498 3260 2729 3328 propter
2774 3273 2959 3312 rerum

658 3336 1002 3406 grauitatem
1037 3336 1316 3406 publicati
1355 3337 1484 3394 sint.
1529 3355 1717 3408 neque
1752 3341 1944 3394 tamen
1979 3337 2166 3404 uideo,
2204 3355 2303 3394 eur
2336 3353 2541 3408 genere
2578 3337 2791 3394 diuersi
2828 3338 2957 3392 sint.

837 3419 890 3484 2)
929 3416 1105 3472 Filius
1151 3416 1263 3470 fuit
1298 3417 1588 3486 Vistiliae,
1637 3419 1813 3474 frater
1854 3418 2110 3474 uterinus
2158 3419 2215 3472 P.
2257 3417 2443 3472 Suillfi
2488 3417 2615 3472 Rufi
2652 3417 2819 3490 (Plin.
2846 3419 2958 3472 n.h.

658 3495 760 3548 VII
800 3501 904 3567 39),
942 3496 1136 3568 generi
1175 3496 1382 3565 Ouidii,
1431 3499 1746 3568 quaestoris
1789 3499 2125 3566 Germanici,
2164 3515 2273 3553 cos.
2304 3501 2437 3554 ante
2474 3499 2669 3572 4‘1ssoo
2709 3498 2957 3568 (Prosop.

657 3575 734 3630 111
772 3581 876 3631 280
913 3595 966 3631 n.
1002 3580 1143 3648 700),
1178 3577 1282 3632 illo
1319 3578 1519 3647 minor,
1565 3579 1627 3632 id
1664 3579 1817 3650 quod
1857 3596 1923 3634 ex
1972 3579 2155 3635 Plinio
2198 3578 2505 3650 colligitur,
2541 3579 2721 3634 maior
2759 3579 2959 3634 Caeso-

658 3657 772 3724 nia,
813 3673 984 3726 quam
1021 3657 1158 3728 imp.
1187 3657 1364 3712 Gaius
1399 3657 1460 3712 in
1497 3659 1919 3715 matrimonium
1956 3659 2134 3714 duxit.
2200 3659 2395 3729 itaque
2434 3659 2689 3715 diuersus
2718 3659 2833 3714 fuit
2860 3660 2960 3730 (sic

657 3737 1002 3808 Nipperdey,
1047 3738 1382 3806 Mommsen,
1429 3739 1694 3808 Schiller,
1742 3738 1863 3811 alii)
1911 3741 1984 3796 ab
2030 3741 2153 3808 hoc,
2200 3756 2367 3810 quem
2412 3740 2646 3796 summis
2692 3739 2960 3794 laudibus

660 3817 902 3872 efferunt
945 3821 1005 3874 et
1039 3818 1273 3874 Tacitus
1321 3823 1378 3874 et
1413 3819 1538 3889 Dio,
1585 3820 1637 3876 is
1674 3819 1954 3876 Domitius
1994 3819 2255 3890 Corbulo,
2292 3837 2459 3890 quem
2494 3823 2765 3892 praetura
2798 3821 2959 3876 func-

657 3901 778 3953 tum
815 3915 866 3953 a.
898 3899 1090 3972 21s7'24
1137 3899 1198 3954 in
1234 3899 1295 3956 L.
1327 3898 1541 3955 Sullam
1585 3901 1837 3956 nobilem
1874 3901 2135 3956 iuuenem
2172 3905 2403 3971 propter
2438 3901 2863 3956 irreuerentiam
2900 3901 2959 3955 in

659 3982 860 4033 senatu
897 3979 1186 4034 inuectum
1223 3995 1344 4035 esse
1384 3983 1442 4036 et
1479 3981 1769 4037 curatione
1812 3981 2031 4037 uiarum
2076 3981 2271 4036 multis
2308 3980 2479 4036 exilio
2518 3981 2691 4036 fuisse
2730 3981 2959 4036 Tacitus

659 4076 786 4114 ann.
815 4059 895 4113 111
933 4065 996 4114 31
1038 4063 1342 4130 propterea
1377 4079 1413 4115 a
1443 4062 1585 4116 Gaio
1615 4061 1902 4118 consulem
1938 4061 2153 4116 factum
2190 4062 2288 4117 sed
2326 4076 2362 4114 a
2398 4061 2635 4116 Claudio
2672 4061 2957 4132 improba-

657 4143 778 4193 tum
815 4156 936 4195 esse
975 4139 1198 4195 Cassius
1234 4141 1344 4197 Dio
1382 4147 1468 4209 59,
1501 4148 1566 4196 15
1606 4142 1698 4214 (cf.
1730 4148 1816 4212 60,
1848 4145 1953 4214 17),
1991 4147 2227 4212 uterque
2266 4158 2392 4196 eum
2430 4141 2793 4212 malignitate
2832 4159 2957 4196 nar-

655 4223 940 4286 rauerunt,
987 4221 1094 4276 etsi
1142 4221 1248 4277 hoe
1293 4222 1366 4276 ad
1406 4222 1604 4278 ducem
1641 4223 1925 4293 pertinere
1964 4222 2219 4278 defendit
2254 4221 2647 4294 Wolffgramm
2682 4221 2859 4278 etiam
2896 4222 2954 4276 in

657 4298 858 4355 Philol.
889 4306 958 4355 44
993 4319 1048 4372 p.
1080 4307 1388 4370 371—3763
1426 4320 1478 4358 u.
1510 4303 1739 4373 Prosop.
1762 4303 1821 4357 ’Π
1856 4322 1909 4374 p.
1942 4309 2009 4358 20
2045 4321 2099 4358 n.
2134 4309 2253 4358 122.
