3234 5034
1224 337 1319 392 DE
1357 336 1532 391 vrrA
1571 335 1712 389 st
2525 333 2612 400 63

310 507 661 566 scuritatem
700 514 762 568 et
796 505 869 566 ad
906 525 1009 568 eos
1048 508 1152 585 qui
1190 508 1307 566 iam
1343 523 1529 585 prope
1575 504 1726 566 nibil
1761 503 1973 566 uident
2009 511 2071 564 et
2106 501 2324 582 quibus
2361 501 2616 563 medica-

308 611 651 666 mentorum
681 603 977 684 praesidia
1016 603 1177 666 nulla
1212 605 1479 664 inueniri
1506 611 1772 683 possunt,
1801 602 1916 664 hoc
1944 603 2276 662 remedium
2305 608 2618 680 expertum

305 701 561 764 usitabis
610 711 671 764 et
716 702 958 782 efficies,
990 712 1058 764 ut
1094 701 1339 764 uideant
1386 702 1734 780 clarissime,
1773 703 1902 762 sine
1949 701 2112 761 omni
2155 707 2394 762 uetusto
2439 701 2616 760 uitio:

306 800 545 880 Piperis
574 800 694 862 albi
723 800 999 862 denarios
1030 801 1197 880 duos,
1236 803 1397 861 croci
1428 799 1593 880 duos,
1625 799 1874 861 balsami
1904 799 2068 878 duoS,
2101 798 2256 858 sellis
2293 797 2472 860 uituli
2509 817 2616 860 seu

252 915 277 956 a
305 899 569 961 uulturis
602 900 732 960 siue
766 898 915 979 pulli
941 901 1229 978 pugnacis
1270 897 1435 974 duos,
1472 898 1666 960 mellis
1703 899 1882 960 Attici
1917 899 2127 959 uncias
2157 896 2320 975 duas,
2349 899 2476 957 uini
2513 915 2616 957 ue-

304 1000 456 1059 teris
494 997 637 1060 boni
676 998 917 1078 cyathos
947 1006 1088 1077 treS,
1127 999 1293 1060 succi
1335 996 1617 1058 foeniculi
1645 1015 1849 1074 unum,
1880 1003 1939 1056 et
1969 997 2050 1056 ita
2078 1013 2416 1074 compones
2444 997 2618 1074 piper

306 1104 368 1157 et
406 1115 651 1158 crocum
692 1105 851 1158 teres
890 1094 1347 1174 diligentissime
1392 1103 1461 1157 ut
1504 1095 1659 1156 bene
1697 1095 1832 1156 leue
1871 1096 1965 1173 sit,
2005 1093 2220 1155 deinde
2265 1095 2477 1154 uinum
2516 1092 2615 1154 ad-

307 1194 591 1256 miscebis
620 1203 681 1256 et
709 1213 955 1256 succum
985 1193 1267 1256 foeniculi
1292 1212 1402 1274 per
1430 1201 1631 1274 partes
1661 1192 1938 1254 dimidias
1965 1201 2028 1253 et
2053 1191 2340 1271 quicquid
2373 1209 2615 1270 supera·

304 1295 485 1370 uerit,
518 1295 739 1354 iterum
777 1292 1017 1375 fundes3
1056 1311 1192 1354 cum
1232 1294 1311 1353 ita
1352 1293 1594 1371 l'eceriS,
1646 1294 1864 1352 iterum
1903 1299 2063 1352 teres
2101 1289 2271 1369 bene,
2310 1289 2526 1351 deinde
2563 1293 2617 1350 si

225 1409 279 1448 ιο
305 1390 452 1471 quid
481 1393 611 1452 uini
649 1400 751 1453 aut
786 1393 953 1453 succi
990 1393 1383 1470 superauerit,
1422 1389 1644 1451 adicies
1683 1399 1743 1451 et
1779 1397 1940 1451 teres
1979 1388 2331 1466 diutissime,
2361 1407 2615 1467 cumque

304 1498 497 1551 totum
528 1489 1031 1552 medicamentum
1068 1492 1276 1551 tritum
1308 1497 1367 1550 et
1403 1489 1725 1567 lenigatum
1755 1489 1952 1564 suerit,
1989 1494 2056 1548 ut
2084 1485 2411 1565 collyrium,
2443 1505 2614 1566 opor-

307 1599 395 1651 tet
424 1591 733 1669 transponi
762 1588 907 1650 illud
937 1591 999 1649 in
1030 1587 1243 1668 pyxide
1275 1587 1531 1668 Cyprina
1561 1596 1620 1648 et
1650 1589 1974 1666 repositum
2015 1583 2302 1646 seruabis.
2359 1603 2615 1663 cumque

306 1688 576 1750 uolueris
632 1690 749 1766 uti,
804 1707 875 1750 ex
930 1706 1001 1748 eo
1046 1705 1237 1766 unges
1285 1695 1345 1748 et
1390 1688 1665 1747 inuenies
1713 1703 1846 1746 esse
1894 1685 2375 1764 potentissimum
2421 1700 2614 1744 reme-

308 1786 494 1866 dium,
560 1805 676 1866 quo
742 1784 914 1846 multi
972 1784 1297 1846 luminibus
1353 1783 1425 1846 de
1480 1784 1844 1846 obscuritate
1903 1783 2164 1844 restituti
2224 1788 2379 1842 sunt.
2468 1780 2614 1842 baec

228 1896 279 1938 ιδ
308 1887 662 1966 compositio
720 1902 790 1945 ex
848 1885 1291 1945 commentariis
1348 1881 1619 1944 Caesaris
1676 1883 1924 1960 Augusti
1980 1879 2276 1958 descripta
2325 1886 2442 1958 est,
2499 1897 2614 1960 qua

307 1995 367 2044 et
414 1983 809 2044 libentissime
856 1982 1135 2044 utebatur
1182 1989 1241 2042 et
1286 1980 1563 2042 omnibus
1612 1980 1773 2041 illam
1812 1978 2100 2040 laudabat.
2175 1977 2239 2038 Si
2277 1979 2374 2038 cui
2413 1985 2613 2038 autem

308 2084 510 2144 acrior
544 2100 677 2143 esse
724 2080 1019 2160 uideatur,
1068 2080 1377 2159 collyrium
1424 2080 1559 2141 lene
1606 2077 1947 2156 admisceat,
1994 2085 2056 2138 et
2099 2095 2218 2137 non
2267 2075 2521 2137 nocebit.

489 2175 651 2244 19²⁸.
728 2182 891 2242 Suet.
933 2183 1089 2257 Any.
1134 2181 1216 2240 ‘74
1274 2179 1542 2239 Valerius
1588 2175 1858 2238 Messalla
1906 2175 2086 2237 tradit
2133 2177 2434 2236 neminem
2479 2193 2609 2236 um·
2647 2175 2714 2230 fr.
2745 2183 2777 2230 5

308 2298 487 2359 quam
552 2278 969 2340 libertinorum
1036 2277 1368 2339 adhibitum
1432 2276 1505 2338 ab
1563 2295 1632 2336 eo
1690 2293 1871 2336 cenae
1931 2281 2175 2353 excepto
2241 2273 2436 2350 Mena,
2506 2273 2612 2333 sed

231 2388 281 2428 ²⁰
308 2385 541 2438 asserto
598 2379 661 2438 in
716 2379 1140 2456 ingenuitatem
1198 2383 1333 2456 post
1387 2375 1680 2455 proditam
1738 2374 1796 2435 S.
1833 2373 2077 2452 Pompei
2134 2372 2402 2433 classem.
2485 2373 2612 2450 ipse

308 2475 523 2538 scribit
577 2478 863 2538 inuitasse
920 2494 985 2536 se
1033 2474 1357 2556 quendam,
1403 2476 1466 2535 in
1513 2476 1685 2534 cuius
1731 2471 1872 2533 uilla
1919 2481 2206 2550 maneret,
2253 2473 2356 2550 qui
2402 2488 2612 2548 specu-

308 2573 461 2636 lator
506 2593 652 2635 suus
698 2574 836 2635 olim
886 2575 1113 2635 suisset.

489 2668 655 2735 20²⁸.
706 2674 861 2734 Plin.
901 2692 959 2733 n.
997 2675 1055 2734 h.
1096 2673 1176 2732 II
1204 2672 1291 2730 24
1335 2669 1517 2730 Diues
1564 2668 1865 2747 Augustus
1912 2664 2174 2747 prodidit
2218 2666 2449 2727 laeuom
2497 2666 2613 2727 sibi

308 2771 579 2833 calceum
638 2778 1019 2851 praepostere
1077 2769 1411 2848 inductum,
1468 2787 1584 2848 quo
1644 2767 1738 2828 die
1794 2765 2085 2827 seditione
2139 2762 2381 2824 militari
2425 2783 2612 2844 prope

230 2879 279 2920 ¹⁵
308 2870 568 2931 afflictus
616 2877 723 2931 est.
2073 2920 2082 2926 .

490 2960 679 3044 [2l.*
746 2969 910 3028 Suet.
958 2967 1125 3028 Caes.
1166 2967 1252 3025 55
1317 2965 1632 3026 Orationes
1695 2963 1924 3042 aliquas
1990 2961 2234 3042 reliquit
2301 2959 2610 3041 [Caesar],
2669 3003 2736 3051 62

305 3067 467 3126 inter
514 3083 661 3144 quas
712 3073 934 3126 temere
983 3063 1273 3144 quaedam
1321 3064 1609 3125 feruntur.
1688 3060 1823 3123 ‘Pro
1871 3061 2088 3132 Quinto
2135 3053 2445 3121 Marcello’
2489 3077 2606 3119 non
2649 3074 2756 3140 69—2'

306 3165 611 3224 immerito
676 3163 977 3241 Augustus
1042 3163 1341 3223 existimat
1395 3164 1584 3240 magis
1641 3161 1713 3222 ab
1770 3161 2026 3222 actuaris
2089 3165 2396 3236 exceptam
2458 3158 2609 3219 male

307 3261 815 3339 subsequentibus
851 3260 1035 3321 uerba
1069 3260 1337 3339 dicentiS,
1368 3279 1544 3339 quam
1574 3259 1646 3320 ab
1677 3262 1806 3339 ipso
1837 3257 2072 3319 editam.
2092 3289 2182 3298 —
2220 3250 2305 3316 22
2317 3255 2377 3318 *.
2419 3252 2609 3335 ‘Apud

228 3370 280 3410 ⁸⁰
306 3353 564 3420 milites'
618 3376 855 3438 quoque
916 3355 1003 3418 ‘in
1058 3353 1375 3438 Hispania'
1428 3357 1585 3419 idem
1643 3359 1942 3436 Augustus
2005 3357 2106 3416 uix
2172 3357 2362 3433 ipsius
2425 3361 2610 3433 putat,
2667 3395 2734 3444 45

306 3477 459 3538 quae
507 3465 707 3518 tamen
758 3455 969 3535 duplex
1020 3457 1227 3535 fertur,
1274 3475 1392 3517 una
1440 3458 1610 3535 quasi
1655 3458 1856 3535 priore
1900 3452 2098 3514 habita
2137 3450 2388 3532 proelio,
2427 3451 2609 3513 altera
2645 3469 2753 3534 ῖῶ

306 3558 668 3636 posteriore,
734 3574 851 3635 quo
917 3555 1155 3615 Asinius
1220 3553 1402 3614 Pollio
1468 3571 1545 3614 ne
1610 3561 1847 3632 tempus
1911 3548 2150 3629 quidem
2227 3548 2610 3610 contionandi

306 3654 590 3716 habuisse
638 3672 778 3714 eum
826 3653 971 3714 dicit
1014 3653 1211 3714 subita
1254 3653 1515 3713 hostium
1563 3653 1923 3711 incursione.

488 3850 588 3905 20.
630 3851 713 3918 Cf.
736 3851 955 3906 Sueten.
974 3855 1118 3922 Auy.
1140 3855 1216 3906 92
1242 3849 1515 3920 Auspicia
1543 3851 1602 3904 et
1630 3848 1819 3903 omina
1848 3847 2130 3917 quaedam
2150 3863 2252 3916 pro
2283 3845 2608 3901 certissimis

307 3922 667 3977 obseruabat.
727 3922 777 3975 si
813 3939 981 3977 mane
1018 3922 1131 3977 sibi
1168 3921 1391 3976 calceus
1428 3937 1725 3992 perperam
1763 3937 1831 3974 ac
1867 3918 2097 3973 sinister
2141 3935 2242 3989 pro
2290 3920 2487 3974 dextro
2525 3917 2607 3971 in-

308 3993 622 4059 duceretur,
662 3997 727 4046 ut
764 3993 975 4060 dirum3
1015 3994 1065 4047 si
1100 3999 1251 4048 terra.
1289 3992 1542 4062 marique
1577 3993 1932 4062 ingrediente
1970 4007 2031 4044 se
2073 3990 2443 4060 longinquam
2480 4007 2608 4060 pro—

306 4063 611 4122 fectionem
660 4064 805 4120 forte
856 4069 1119 4134 romanet,
1162 4069 1223 4120 ut
1267 4064 1478 4118 laetum
1519 4063 1840 4134 maturique
1883 4065 1942 4118 et
1976 4061 2230 4133 prosperi
2267 4061 2497 4116 reditus.

486 4263 543 4322 3.
590 4261 869 4320 uisitabis
898 4261 1041 4335 (ed.)
1070 4259 1267 4336 Bau.)
1453 4262 1507 4318 7.
1554 4257 1648 4336 ut]
1688 4263 1750 4319 et
1776 4261 1837 4319 Β
2061 4258 2348 4318 admisces
2379 4257 2438 4316 Β

305 4346 363 4410 9.
408 4353 556 4410 teris
587 4352 647 4409 Β
746 4415 757 4427 ,
832 4353 931 4410 14.
980 4349 1139 4426 quod
1184 4351 1244 4408 Β
