3234 5034
1160 342 1566 399 CORNELIVS
1605 344 1839 399 NEPOS
2297 364 2641 411 xxxxvml

515 513 688 585 Quae
738 532 873 574 cum
922 532 1018 572 res
1065 514 1145 573 ita
1193 514 1336 591 sint,
1391 512 1462 571 de
1509 512 1877 589 singularum
1924 514 2183 573 uitarum
2230 510 2439 571 ordine
2490 511 2641 572 desi-

332 631 554 672 nemus
603 613 828 671 mirari.
895 620 1158 689 tempora
1207 612 1366 671 enim
1414 612 1585 689 sequi
1622 609 1819 690 Nepos
1866 608 1983 669 sibi
2018 612 2189 670 uisus
2227 618 2333 687 est,
2374 612 2488 670 etsi
2523 628 2643 683 non

333 728 584 789 semper
621 718 898 770 accurate
936 711 1128 769 tenuit
1167 710 1276 786 (cf.
1307 710 1430 769 Leo
1458 713 1494 769 l.
1516 728 1562 768 s.
1589 707 1856 786 12198),
1884 726 2074 787 usque
2113 707 2185 768 ad
2213 707 2642 769 Timoleontem

337 809 556 885 (XX),
607 816 736 869 tum
783 807 1170 887 appendicem
1217 806 1540 885 subiunxit,
1576 825 1692 885 qua
1730 806 2011 866 Graeciae
2050 808 2415 885 orientisque
2456 824 2645 885 regeS,

337 908 444 985 qui
489 908 640 965 item
689 908 1114 985 imperatorum
1160 904 1334 966 laude
1373 905 1717 965 floruissent
1754 904 1859 964 sed
1896 906 2013 964 iam
2053 906 2117 964 in
2155 903 2306 964 libro
2346 901 2451 965 ‘De
2490 907 2644 982 regi-

337 998 486 1064 bus'
523 1006 764 1064 tractati
802 1011 1018 1081 essent,
1059 1004 1234 1063 etiam
1271 1004 1335 1063 in
1373 1003 1486 1062 hoc
1523 1001 1676 1062 libro
1716 1010 2109 1063 enumeraret.
2158 1002 2408 1063 ornandi
2448 1012 2644 1063 tamen

337 1104 543 1181 operis
601 1120 780 1162 causa
837 1109 962 1161 arte
1021 1100 1257 1161 dicendi
1314 1120 1449 1161 cum
1501 1101 1598 1161 uel
1644 1102 1946 1180 prooemia
2000 1099 2097 1161 uel
2152 1100 2414 1180 epilogos
2462 1104 2645 1161 inter-

339 1210 613 1279 poneret,
660 1202 722 1259 in
773 1202 860 1259 eis
906 1198 1222 1260 admodum
1261 1198 1648 1277 neglegenter
1682 1208 1958 1259 uersatus
1996 1216 2123 1259 rem
2163 1199 2441 1259 turbauit.
2508 1217 2647 1259 nam

339 1308 404 1357 ut
453 1300 776 1358 transitum
824 1316 856 1357 a
903 1297 1214 1358 Timotheo
1271 1298 1342 1357 ad
1401 1297 1701 1357 Datamem
1753 1298 1978 1371 (XIV)
2026 1305 2280 1376 pararet,
2334 1297 2646 1375 iphicratis

342 1398 525 1471 (XI),
577 1395 868 1456 Chabriae
916 1398 1135 1472 (XII),
1192 1395 1488 1455 Timothei
1537 1396 1766 1469 (XIII)
1826 1403 2151 1455 extremam
2220 1402 2471 1455 aetatem
2535 1396 2645 1455 im-

341 1502 687 1573 peratorum
749 1494 1202 1554 Atheniensium
1266 1512 1460 1572 neque
1524 1501 1661 1572 post
1725 1511 1931 1553 eorum
1996 1492 2221 1553 obitum
2288 1511 2647 1572 quemquam

341 1592 558 1651 ducem
617 1594 682 1651 in
739 1610 805 1651 ea
863 1591 1010 1652 urbe
1062 1591 1302 1670 dignum
1359 1592 1645 1651 memoria
1696 1592 1879 1651 fuisse
1930 1590 2073 1651 dicit
2120 1592 2327 1663 (XIII
2364 1593 2423 1667 4,
2453 1594 2542 1669 4),
2590 1599 2649 1651 at

337 1689 865 1750 undeuicesimum
911 1692 1170 1750 uitarum
1213 1689 1405 1750 locum
1444 1689 1705 1749 Phocion
1744 1688 1988 1767 obtinet,
2026 1708 2239 1768 neque,
2278 1689 2435 1769 quod
2478 1688 2646 1749 facile

341 1790 480 1866 quis
527 1790 885 1867 suspicetur,
933 1806 1142 1848 omnes
1189 1796 1322 1848 ante
1369 1788 1671 1848 Datamem
1718 1788 2113 1847 Athenienses
2161 1788 2421 1865 suerunt,
2468 1790 2647 1847 etiam

341 1885 696 1963 PausaniaS,
743 1886 1071 1965 Lysander,
1118 1886 1268 1946 Dion
1315 1888 1402 1946 eis
1449 1887 1662 1946 inserti
1707 1894 1893 1945 erant.
1970 1884 2181 1963 quodsi
2237 1884 2535 1946 Hamilcar
2590 1893 2648 1944 et

345 1983 640 2043 Hannibal
681 2002 891 2063 agmen
931 1984 1229 2062 claudunt,
1268 2002 1444 2045 causa
1482 1991 1542 2043 et
1579 1985 1641 2043 in
1682 1992 1871 2043 aetate
1912 1985 2061 2043 etin
2101 1986 2289 2061 patria
2330 1986 2519 2062 posita
2556 1991 2648 2043 est

341 2083 547 2154 (XXI
587 2084 648 2156 3,
679 2084 768 2155 5).
842 2081 1056 2143 leuitas
1103 2090 1298 2149 autem
1347 2081 1590 2161 Nepotis
1638 2084 1817 2142 etiam
1866 2100 1935 2141 ex
1984 2082 2095 2141 alia
2144 2098 2209 2141 re
2257 2081 2477 2159 elucet,
2534 2100 2647 2159 qua

343 2182 548 2252 (XXI
582 2182 640 2255 1,
674 2182 744 2253 1)
783 2184 1130 2259 priusquam
1170 2181 1242 2240 de
1283 2180 1524 2259 regibus
1561 2188 1818 2258 peroret,
1858 2180 1964 2239 hos
2004 2180 2129 2239 l'ere
2170 2180 2353 2239 fuisse
2388 2180 2647 2240 Graecae

339 2280 542 2355 gentis
595 2277 780 2339 duces
827 2279 1144 2355 concludit,
1193 2277 1350 2338 idem
1389 2280 1492 2357 qui
1531 2287 1703 2338 antea
1744 2278 1953 2351 (XIII
1981 2279 2041 2352 4,
2072 2278 2141 2351 5)
2182 2276 2483 2338 Datamem
2532 2278 2647 2337 for-

333 2378 646 2437 tissimum
703 2378 906 2437 uirum
962 2378 1320 2454 maximique
1387 2377 1622 2436 consilii
1685 2378 1949 2436 omnium
2016 2376 2483 2436 barbarorum
2551 2395 2648 2436 ex-

337 2476 538 2552 ceptis
597 2473 829 2534 duobus
885 2474 1498 2552 CarthaginiensibuS,
1555 2473 1888 2534 Hamilcare
1947 2482 2006 2533 et
2052 2473 2403 2551 Hannibale,
2452 2474 2649 2554 appel-

337 2571 592 2649 lauerat,
625 2581 751 2632 tum
777 2580 916 2651 post
933 2572 1322 2633 Hannibalem
1353 2572 1424 2632 ad
1443 2572 1741 2633 Romanos
1771 2574 2136 2633 transiturus
2158 2572 2429 2643 (XXIII
2452 2574 2554 2647 13,
2577 2574 2646 2646 4)

337 2665 800 2747 ‘utrorumque'
827 2670 977 2731 facta
1016 2671 1277 2731 conferri
1315 2670 1495 2750 iubet,
1535 2690 1651 2749 quo
1692 2670 1937 2749 facilius,
1978 2671 2079 2748 qui
2116 2671 2235 2730 uiri
2274 2670 2649 2749 praeferendi

337 2769 486 2845 sint,
534 2770 728 2847 possit
771 2767 1050 2847 iudicari,
1100 2769 1354 2847 denique
1403 2767 1661 2829 Graecos
1710 2776 1771 2829 et
1814 2768 2126 2846 barbaroS,
2174 2770 2225 2828 si
2274 2768 2648 2829 commodum

341 2874 492 2943 erat,
541 2860 868 2949 miscuit.¹)

526 2962 698 3024 Haud
756 2982 1026 3043 magnam
1084 2966 1266 3043 igitur
1311 2984 1380 3025 ex
1431 2965 1542 3025 hoc
1591 2964 1786 3025 libello
1836 2964 1907 3025 de
1946 2964 2191 3044 Nepotis
2239 2967 2475 3044 ingenio
2524 2968 2647 3044 opi-

339 3063 590 3122 nionem
637 3065 1034 3141 percepimus
1109 3080 1245 3123 nam
1293 3064 1566 3141 quamuis
1615 3063 1929 3123 consilium
1978 3062 2375 3123 Romanorum
2425 3072 2647 3124 cetera-

339 3178 603 3239 rumque
661 3162 926 3239 gentium
983 3159 1306 3221 illustrium
1351 3162 1622 3220 uirorum
1668 3163 1823 3220 uitas
1872 3160 2205 3241 colligendi,
2254 3160 2649 3241 describendi,

533 3386 583 3453 1)
622 3384 901 3449 Quoniam
947 3384 1006 3437 in
1053 3384 1214 3439 libris
1261 3384 1466 3439 nostris
1505 3402 1633 3439 mss.
1666 3384 1842 3439 Attici
1889 3384 2012 3439 uita.
2052 3385 2261 3440 iterata
2299 3403 2432 3440 eura
2469 3404 2647 3455 usque

339 3464 422 3519 ad
460 3468 700 3518 mortem
737 3466 1009 3534 perducta
1047 3469 1133 3519 est
1171 3466 1311 3531 (uid.
1343 3466 1502 3531 infra
1533 3484 1588 3535 p.
1620 3471 1809 3535 Lvsq),
1846 3470 2031 3520 totum
2070 3483 2209 3535 opus
2240 3484 2273 3520 a
2302 3466 2521 3535 Nepote
2564 3484 2648 3521 re-

335 3546 658 3599 tractatum
697 3561 818 3599 esse
845 3544 1218 3599 Wachsmuth
1255 3547 1484 3600 Einleit.
1515 3564 1569 3615 p.
1602 3552 1723 3611 213,
1764 3544 1980 3599 Schanz
2021 3545 2089 3599 1²
2124 3564 2177 3614 p.
2210 3552 2329 3613 221,
2372 3547 2649 3601 Wissowa

341 3626 692 3695 Reakncyez.
717 3624 792 3678 IV
823 3642 866 3678 c.
901 3630 1056 3692 1414,
1093 3625 1207 3679 Leo
1245 3627 1438 3696 Bioyr.
1467 3644 1521 3695 p.
1557 3632 1659 3679 195
1680 3644 1799 3695 sqq.
1832 3625 2093 3680 arbitrati
2130 3643 2243 3680 non
2273 3626 2453 3681 solum
2481 3628 2648 3695 uitae,

336 3721 494 3772 quae
549 3704 806 3758 ordinem
861 3706 1171 3771 turbarent,
1227 3722 1439 3775 regum,
1497 3705 1753 3761 Datamis
1794 3708 1897 3773 (sic
1934 3707 2047 3762 Leo
2084 3708 2118 3761 l.
2148 3712 2237 3775 3.),
2293 3707 2648 3775 Hamilcaris,

337 3784 714 3851 Hannibalis,
772 3785 871 3838 sed
927 3786 1101 3840 etiam
1148 3788 1250 3853 (sie
1286 3788 1425 3854 Leo)
1473 3785 1898 3855 inscriptionem
1953 3786 2289 3857 singulaque
2336 3788 2650 3858 enuntiata,

335 3864 722 3935 praefationis
759 3882 1008 3934 quoque,
1047 3866 1119 3919 ab
1158 3882 1225 3919 eo
1263 3870 1384 3920 tum
1420 3866 1758 3937 interposita
1794 3883 1917 3921 esse
1954 3866 2316 3937 collegerunt.
2384 3884 2649 3938 magnam

335 3948 537 3998 tamen
591 3948 815 4014 partem
871 3944 1122 4000 leuitatis
1178 3949 1237 4000 et
1290 3946 1552 4001 inscitiae
1609 3946 1780 4001 etiam
1828 3946 1909 4001 sic
1954 3950 2169 4002 restare
2214 3948 2325 4002 Leo
2373 3949 2647 4015 coneedit,

335 4023 587 4078 maxime
626 4024 730 4079 illa
767 4026 1158 4081 additamenta
1196 4044 1324 4080 cum
1351 4026 1538 4097 priore
1567 4044 1702 4081 cura
1728 4045 1841 4082 non
1871 4044 1993 4082 esse
2030 4026 2432 4098 contaminata,
2463 4046 2644 4097 neque

337 4104 659 4173 quidquam
697 4106 874 4173 ualet,
920 4107 1070 4175 quod
1107 4106 1168 4160 in
1213 4106 1337 4161 uita
1373 4107 1713 4161 Hannibalis
1754 4107 1981 4177 scripsit
2018 4112 2130 4176 (13,
2162 4112 2218 4176 1)
2260 4109 2535 4163 ‘Atticum
2589 4109 2649 4163 in

339 4184 542 4239 annali
581 4202 684 4239 suo
723 4186 991 4256 scriptum
1037 4186 1372 4257 reliquisse.'
1433 4189 1501 4242 cf.
1533 4188 1683 4242 infra
1718 4207 1771 4258 p.
1802 4208 1869 4241 ιν
1890 4207 1969 4257 sq.
2018 4188 2213 4256 itaque
2259 4205 2405 4257 quae
2451 4192 2649 4259 postea

337 4265 406 4318 in
453 4265 634 4319 altera
681 4266 933 4321 editione
976 4272 1188 4323 nouata
1233 4268 1364 4337 sint,
1410 4286 1512 4337 pro
1551 4271 1703 4323 certo
1734 4268 2045 4323 diiudicare
2082 4286 2195 4322 non
2241 4269 2422 4324 audeo
2467 4288 2649 4339 neque

337 4345 588 4415 Nepotis
628 4346 1024 4417 neglegentiae
1062 4347 1314 4417 erimina,
1351 4365 1496 4418 quae
1536 4366 1709 4419 supra
1743 4348 1803 4403 in
1841 4366 1969 4403 eum
2006 4348 2279 4419 congessi,
2316 4349 2581 4405 minuere.

455 4454 576 4494 Eiet.
606 4455 737 4495 Rom.
765 4456 847 4495 rel.
875 4456 938 4509 n,
975 4457 1044 4497 ed.
1072 4458 1253 4498 Peter.
2119 4438 2221 4493 ΠῙῙ
