3234 5034
1246 316 1588 377 ANNALES
2480 321 2563 387 81

275 499 612 559 existimant
651 497 746 575 [P.
791 498 1138 561 Terentium
1175 498 1444 578 Afrum}
1491 499 1651 578 quod
1696 498 1829 559 fieri
1874 497 2037 560 nullo
2082 497 2257 559 modo
2302 500 2568 577 potuisse

273 596 601 658 Fenestella
648 597 835 677 docet,
884 616 1021 657 cum
1065 598 1226 659 inter
1271 598 1450 658 finem
1489 596 1740 658 secundi
1786 596 1995 657 Punici
2038 596 2181 657 belli
2226 603 2289 657 et
2330 598 2567 657 initium

275 697 432 756 tertii
488 704 546 757 et
605 702 780 756 natus
835 697 916 757 sit
969 704 1032 757 et
1084 702 1370 758 mortuus,
1445 712 1556 757 nec
1613 697 1667 756 si
1722 714 1755 756 a
1811 693 2083 755 Numidis
2147 702 2251 755 aut
2304 694 2569 757 Gaetulis

272 802 476 873 captus
523 796 617 874 sit,
665 792 740 854 ad
787 793 1090 855 dominum
1137 793 1465 855 Romanum
1510 794 1831 874 peruenire
1876 795 2159 873 potuisse,
2204 793 2365 855 nullo
2410 810 2567 854 eom-

225 911 246 951 ε
269 893 492 953 mercio
553 894 715 953 inter
783 891 1017 953 Italicos
1082 900 1146 954 et
1199 892 1372 953 Afros
1445 894 1564 953 nisi
1636 901 1770 971 post
1838 890 2093 954 deletam
2146 891 2567 971 Karthaginem

271 998 492 1070 coepto.
563 990 664 1051 bic
719 1009 856 1052 cum
911 990 1114 1053 multis
1169 990 1468 1052 nobilibus
1523 990 1894 1051 familiariter
1936 992 2114 1071 uixit,
2162 989 2268 1052 sed
2312 992 2567 1051 maxime

271 1106 402 1149 cum
449 1088 729 1169 Scipione
775 1090 1048 1151 Africano
1096 1098 1155 1150 et
1199 1088 1260 1150 C.
1303 1088 1526 1167 Laelio,
1571 1088 1791 1169 quibus
1841 1090 2021 1149 etiam
2066 1090 2335 1169 corporis
2379 1090 2569 1169 gratia

271 1186 618 1249 conciliatus
665 1189 1052 1250 existimatur.
1127 1187 1285 1267 quod
1329 1196 1391 1249 et
1431 1189 1632 1267 ipsum
1678 1186 2009 1249 Fenestella
2056 1190 2276 1267 arguit,
2322 1194 2566 1249 conten·

271 1285 412 1346 dens
459 1294 714 1366 utroque
754 1288 1039 1348 maiorem
1085 1294 1228 1347 natu
1277 1286 1478 1347 fuisse.

201 1413 248 1454 ιο
447 1387 610 1457 10*.
666 1396 943 1457 F'rontin.
991 1397 1068 1455 de
1122 1412 1216 1471 aq.
1265 1396 1398 1456 urb.
1448 1394 1619 1456 Rom.
1670 1397 1712 1455 I
1760 1396 1802 1454 7
1874 1394 2013 1455 Post
2075 1412 2262 1455 annos
2326 1400 2565 1455 centum
2602 1363 2707 1442 Q

269 1492 483 1569 uiginti
519 1500 765 1571 septem,
809 1492 870 1553 id
917 1500 1008 1553 est
1052 1510 1207 1554 anno
1254 1491 1324 1553 ab
1371 1492 1520 1553 urbe
1568 1492 1803 1554 condita
1852 1494 2282 1555 sexcentesimo
2337 1500 2565 1570 octauo,

271 1588 392 1651 Ser.
441 1588 706 1669 Sulpicio
763 1590 944 1652 Galba
1001 1590 1191 1669 [cum]
1250 1590 1433 1651 Lucio
1488 1590 1727 1652 Aurelio
1782 1590 1949 1652 Cotta
2004 1590 2374 1670 consulibua,
2430 1608 2565 1651 cum

269 1687 489 1768 Appiae
554 1689 916 1769 Anionisque
987 1689 1202 1751 ductus
1261 1697 1560 1751 uetustate
1626 1692 1890 1769 quassati
1954 1692 2323 1769 priuatorum
2389 1690 2567 1751 etiam

270 1785 576 1847 fraudibus
631 1788 1160 1867 interciperentur,
1218 1787 1418 1849 datum
1474 1797 1565 1849 est
1619 1807 1651 1849 a
1709 1797 1918 1849 senatu
1972 1790 2277 1867 negotium
2330 1786 2570 1874 Marcio,

201 1904 246 1945 ιε
271 1886 369 1963 qui
415 1892 544 1945 tum
579 1893 821 1965 praetor
865 1886 1024 1947 inter
1067 1888 1233 1947 ciues
1279 1888 1373 1947 ius
1423 1884 1673 1965 dicebat,
1720 1904 1925 1949 eorum
1965 1885 2249 1949 ductuum
2296 1886 2567 1948 reficien-

271 1981 480 2043 dorum
526 2002 596 2043 ac
641 1982 1153 2047 uindicandorum.
1229 1992 1290 2046 et
1333 1986 1611 2064 quoniam
1650 1986 2088 2047 incrementum
2122 1985 2292 2047 urbis
2329 1986 2567 2064 exigere

268 2080 584 2143 uidebatur
646 2082 992 2162 ampliorem
1049 2082 1292 2145 modum
1349 2102 1563 2163 aquae,
1619 2082 1815 2145 eidem
1870 2082 2209 2146 mandatum
2267 2102 2300 2143 a
2357 2090 2567 2145 senatu

271 2188 381 2260 est,
435 2188 507 2243 ut
553 2188 816 2261 curaret,
871 2184 1152 2262 quatinus
1204 2182 1347 2243 alias
1394 2200 1577 2262 aquas
1624 2201 1771 2262 quas
1816 2190 2021 2263 posset
2066 2185 2129 2243 in
2174 2182 2385 2243 urbem
2432 2200 2566 2262 per-

273 2278 516 2341 duceret
550 2326 744 2342 .....
785 2286 1034 2357 priores
1101 2281 1314 2342 ductus
1378 2285 1669 2361 restituit,
1741 2284 1977 2343 tertiam
2042 2280 2163 2342 illis
2226 2280 2567 2342 uberiorem

201 2398 248 2439 zo
271 2383 330 2439 in
359 2381 572 2441 urbem
596 2377 905 2459 perduxit,
944 2381 1040 2439 cui
1071 2377 1142 2439 ab
1172 2386 1412 2439 auctore
1441 2378 1697 2440 Marciae
1724 2398 1941 2441 nomen
1979 2388 2088 2441 est.
2137 2378 2390 2458 legimus
2426 2388 2570 2458 aput

271 2476 662 2538 Fenestellam
709 2479 770 2537 in
815 2476 962 2539 haec
1009 2496 1187 2558 opera
1235 2476 1453 2538 Marcio
1503 2476 1807 2540 decretum
1857 2480 2200 2540 sestertium
2238 2477 2433 2539 milies
2469 2496 2565 2539 oc-

273 2577 590 2653 tingenties
619 2582 694 2653 et,
723 2576 1002 2654 quoniam
1039 2575 1113 2637 ad
1150 2575 1680 2637 consummandum
1718 2579 2020 2655 negotium
2056 2594 2177 2637 non
2215 2574 2567 2655 sufficiebat,

271 2676 524 2752 spatium
570 2682 884 2753 praeturae
931 2676 993 2735 in
1040 2692 1260 2735 annum
1307 2674 1560 2735 alterum
1605 2682 2005 2754 prorogatum.

443 2970 517 3057 9,
567 2980 623 3037 2.
669 2977 848 3038 initio
878 2974 1076 3058 (Par.)
1106 2978 1166 3037 Β
1193 2978 1400 3055 Reyin.
1523 2980 1579 3039 3.
1626 2982 1804 3039 natus
1851 2982 1943 3039 est
1989 2982 2051 3039 et
2094 2980 2235 3041 libri
2280 2982 2340 3039 et
2384 2983 2563 3039 natus

269 3066 346 3125 sit
391 3071 455 3126 et
489 3067 718 3127 Ritsckz
869 3062 1004 3147 nec]
1035 3067 1095 3126 Β
1126 3068 1295 3129 Laid.
1323 3068 1396 3129 N
1389 3086 1512 3145 cap.
1668 3070 1722 3128 si
1765 3068 2047 3128 animidis
2074 3070 2216 3129 Par.
2244 3068 2305 3127 A
2458 3073 2566 3129 aut

278 3156 412 3215 Vrb.
440 3156 584 3231 Rey.
702 3156 931 3235 geturis
958 3156 1019 3215 A
1155 3161 1212 3216 4.
1260 3157 1338 3217 ad
1374 3157 1680 3217 dominum
1707 3158 1833 3218 Iac.
1857 3158 2197 3219 Gronom'us
2243 3158 2320 3217 ad
2355 3158 2565 3218 ducem

267 3244 403 3305 libri
442 3244 662 3305 adduci
689 3247 940 3305 Romam
966 3246 1174 3323 ibique
1200 3249 1406 3306 uenire
1433 3246 1693 3321 Scleopen
1730 3246 2055 3307 adductum
2082 3248 2333 3307 Romam
2360 3248 2564 3307 uenire

266 3336 598 3395 Mommsen
759 3338 818 3395 5.
863 3336 1149 3411 italiquos
1177 3334 1236 3395 A
1281 3336 1460 3396 italos
1488 3336 1697 3412 Reyim.
1726 3337 1915 3410 Neap.
2080 3338 2138 3396 6.
2185 3341 2361 3414 capto
2390 3338 2562 3397 Leid.

265 3424 478 3485 Dreed.
509 3428 721 3501 caepto
761 3424 896 3485 Vrb.
1005 3426 1344 3486 nominibus
1371 3424 1430 3483 A
1458 3430 1592 3485 ante
1617 3444 1766 3486 corr.
1906 3428 1962 3485 7.
2010 3420 2103 3505 0.]
2132 3424 2193 3483 A
2221 3444 2329 3485 om.
2350 3427 2561 3487 Dresd.

264 3532 398 3572 cum
427 3518 547 3573 cett.
576 3514 738 3574 codd.
839 3512 1048 3593 etiam]
1081 3518 1141 3575 et
1169 3515 1229 3574 Β
1257 3515 1425 3575 Leia.
1455 3514 1669 3575 Dresd.
1778 3514 1977 3593 gratia
2010 3532 2119 3575 om.
2147 3516 2320 3575 Laid.
2348 3516 2562 3576 Dresd.

265 3602 706 3679 pulchritudine
736 3603 796 3662 Β
931 3606 988 3663 8.
1028 3604 1350 3665 concilians
1389 3604 1525 3665 Vrb.
1644 3601 1730 3682 et]
1769 3623 1840 3663 ex
1867 3603 1926 3662 A
2036 3602 2263 3683 arguit]
2303 3606 2475 3665 docet
2502 3605 2562 3664 Β

270 3694 324 3752 9.
371 3695 554 3753 natus
579 3691 642 3752 A

449 3782 560 3870 10,
595 3794 693 3853 12.
725 3791 782 3852 S.
823 3791 1122 3869 Sulpicius
1149 3794 1268 3852 cod.
1361 3811 1496 3851 cum
1523 3794 1757 3852 seclusit
1783 3792 2099 3853 Buecheler
2237 3796 2338 3852 14.
2384 3792 2561 3854 datus

267 3882 356 3939 est
399 3880 524 3940 cod.
659 3900 858 3941 marco
896 3883 1016 3941 cod.
1046 3900 1149 3942 em.
1177 3882 1444 3942 Polenus.
1493 3880 1558 3951 Q.
1598 3882 1735 3941 add.
1762 3881 1981 3941 Bacch.
2120 3885 2219 3955 16.
2268 3884 2325 3941 ei
2360 3883 2480 3943 cod.

272 3971 368 4030 19.
413 3972 506 4029 rei
525 4016 676 4029 .....
696 3973 941 4030 tertiam
968 3972 1089 4031 cod.
1127 3973 1402 4031 restituit
1437 3974 1498 4030 et
1524 3970 1742 4031 Rueck.
1914 3970 2312 4031 illiobriorum
2331 4016 2559 4032 .......

269 4056 402 4116 dixi
438 4060 560 4119 cod.
601 4058 726 4119 inis
761 4059 1091 4120 uberiorem
1127 4058 1410 4136 perduxit
1443 4060 1683 4121 Jordan
1709 4060 1907 4119 Roem.
1934 4060 2176 4136 Topoqr.
2205 4060 2253 4119 I
2276 4065 2311 4120 1
2341 4080 2407 4136 p.
2431 4062 2561 4121 465

273 4148 369 4207 20.
414 4146 479 4207 in
523 4148 732 4209 urbem
777 4148 939 4225 perd.
977 4150 1304 4211 Schultz-ius
1349 4150 1411 4209 in
1459 4147 1826 4227 Capitolium
1862 4148 1999 4209 add.
2027 4150 2279 4211 Polme

274 4238 370 4295 21.
399 4240 556 4297 mine
585 4238 941 4317 octingente.
982 4240 1087 4297 Set
1112 4240 1235 4299 cod.
1265 4238 1458 4300 milies
1485 4238 1883 4317 octingenties
1909 4238 2235 4300 Schultziue
2262 4244 2315 4300 et
2340 4240 2557 4309 Buech.

273 4326 369 4385 23.
415 4327 665 4388 statium
702 4329 822 4388 cod.

373 4444 492 4485 Elet-
522 4444 654 4485 Bon.
683 4446 764 4485 rol.
791 4446 856 4495 Π,
889 4446 958 4485 od.
985 4446 1170 4487 Peter.
1854 4450 1866 4459 '
2099 4433 2131 4481 6

2604 1452 2708 1501 610
