3234 5034
1229 331 1284 387 C.
1325 330 1580 386 OPPIVS
2377 343 2553 391 Lxm

275 518 394 561 nam
443 508 506 560 ut
557 499 720 579 apud
770 517 906 561 eum
951 516 1130 579 opera
1177 497 1448 559 Suetonii
1493 518 1626 560 esse
1673 501 1863 579 ipsius
1910 510 2367 569 commentarios
2414 526 2554 569 con·

277 607 378 659 stat
411 602 492 671 (u.
524 600 743 661 Romi
772 598 984 676 praef.
1008 615 1077 674 p.
1110 599 1212 675 σι),
1259 598 1340 658 ita
1387 616 1419 658 a
1467 597 1710 660 Sidonio
1746 599 1995 663 Balbum
2041 606 2104 665 in
2152 608 2345 686 prima
2400 606 2555 667 linea

275 696 396 757 libri
436 698 630 759 octaui
679 696 822 758 belli
859 696 1075 757 Gallici
1101 712 1214 773 pro
1248 696 1442 758 Hirtio
1479 698 1771 775 scriptore
1807 698 2195 765 substitutum
2232 722 2365 765 esse
2408 705 2553 765 mihi

275 792 590 875 Nipperdey
645 796 890 868 Quaest.
929 796 1096 859 Caes,
1122 818 1192 877 p.
1230 797 1321 858 36
1363 797 1679 875 persuasit.

1173 1048 1234 1110 ο.
1283 1046 1567 1107 OPPIVS
1587 1040 1639 1130 ¹)

431 1205 662 1287 Oppius
720 1211 986 1287 equestri
1039 1208 1168 1269 loco
1213 1215 1390 1268 natus
1435 1215 1571 1285 post
1615 1225 1665 1267 a.
1704 1202 1979 1287 54s700,
2024 1209 2179 1272 ultra
2226 1184 2405 1291 que'm
2453 1232 2553 1274 an-

271 1322 399 1365 num
457 1308 592 1367 eius
656 1308 944 1367 memoria
1007 1324 1126 1367 non
1187 1303 1480 1383 ascendit,
1535 1305 1919 1383 coniungitur
1972 1306 2097 1367 fere
2164 1327 2300 1369 cum
2356 1308 2555 1390 Balbo,

273 1420 506 1482 quocum
553 1403 829 1465 Caesaris
875 1404 1137 1465 absentis
1183 1421 1422 1464 causam
1467 1402 1689 1464 Romae
1736 1404 1817 1463 ita
1856 1403 2274 1467 administrare
2312 1406 2555 1487 solebat,

269 1508 328 1561 ut
376 1520 522 1581 quae
572 1504 1050 1581 constituissent,
1107 1509 1234 1563 rata
1287 1500 1376 1561 illi
1431 1508 1649 1561 essent.
1722 1508 1847 1561 tum
1896 1500 2246 1565 Ciceronem
2293 1512 2353 1567 et
2398 1506 2556 1567 bello

271 1599 418 1659 ciuili
471 1599 632 1679 apud
687 1599 1000 1661 Caesarem
1059 1598 1323 1660 defendit
1367 1607 1429 1660 et
1481 1616 1616 1660 cum
1667 1616 1911 1660 reuerso
1958 1601 2335 1664 familiariter
2384 1606 2554 1683 uixit,

269 1706 329 1757 ut
359 1698 610 1759 multum
655 1697 727 1759 ab
765 1717 836 1759 eo
874 1697 1287 1759 consuleretur
1323 1706 1382 1758 et
1419 1695 1775 1775 consuleret,
1820 1700 2076 1760 maxime
2114 1708 2249 1779 post
2285 1699 2555 1762 Caesaris

271 1795 513 1876 caedem,
562 1815 700 1857 cum
747 1799 876 1876 ipse
925 1804 1128 1876 aperte
1174 1796 1248 1857 ad
1283 1796 1677 1857 Octauianum
1712 1798 2029 1857 transisset
2057 1798 2175 1870 (ad
2201 1798 2250 1875 f.
2280 1801 2389 1860 XI
2418 1800 2553 1879 29),

269 1894 414 1955 idem
459 1914 668 1956 amans
705 1895 986 1957 Varronis
1023 1897 1140 1969 (ad
1167 1895 1215 1972 f.
1247 1895 1353 1955 IX
1382 1894 1441 1970 6,
1473 1894 1563 1972 1),
1609 1894 2009 1955 amicissimus
2046 1896 2239 1957 Attico
2280 1899 2396 1971 (ad
2430 1900 2553 1961 Att.

269 1995 422 2054 XVI
447 1996 509 2069 2,
539 1996 631 2068 5).
696 1993 888 2055 Etiam
935 1994 1224 2054 intentius
1263 2002 1461 2054 autem
1498 2011 1677 2071 quam
1714 1990 1881 2052 Balbi
1918 1992 2251 2055 litterarum
2289 1995 2553 2057 studium

268 2094 324 2151 in
367 2112 434 2153 eo
481 2093 671 2153 fuisse
731 2090 989 2154 uidetur.
1036 2111 1174 2153 nam
1219 2110 1338 2152 non
1377 2090 1570 2152 solum
1608 2089 1923 2151 Caesarem
1968 2092 2031 2152 in
2078 2090 2296 2153 litteris
2344 2091 2555 2154 dandis

269 2188 484 2251 adiuuit
521 2191 684 2263 (Cic.
723 2192 810 2251 ad
851 2190 918 2261 Q.
949 2190 998 2267 f.
1040 2191 1153 2251 III
1180 2190 1239 2266 1,
1269 2189 1339 2263 8)
1379 2187 1483 2249 sed
1532 2190 1709 2250 etiam
1746 2188 1917 2249 libris
1964 2191 2206 2268 scriptis
2254 2194 2384 2251 eius
2429 2190 2555 2252 lau-

269 2286 390 2347 dem
444 2288 636 2365 auxit,
681 2294 749 2347 ut
791 2287 890 2347 uel
937 2287 1314 2366 Plutarchus,
1361 2289 1414 2348 si
1463 2286 1534 2347 de
1582 2285 1854 2347 Caesaris
1896 2290 2103 2349 amicis
2147 2288 2247 2349 uel
2294 2291 2555 2350 inimicis

267 2385 440 2446 uerba
493 2386 734 2464 faceret,
791 2404 1020 2447 summa
1075 2387 1348 2446 cautione
1403 2404 1553 2464 opus
1609 2402 1743 2445 esse
1798 2384 2093 2447 iudicaret
2138 2388 2373 2464 (Pomp.
2422 2388 2555 2466 10),

268 2486 746 2563 continuauitque
796 2486 976 2544 etiam
1021 2501 1130 2563 pro
1176 2491 1412 2545 mortuo
1459 2500 1588 2544 eam
1635 2500 1903 2563 operam,
1950 2501 2088 2544 cum
2133 2486 2197 2544 in
2243 2484 2555 2545 Octauiani

266 2584 504 2660 gratiam
553 2580 796 2643 ‘librum
846 2581 1052 2643 ederet
1095 2600 1216 2642 non
1263 2600 1395 2642 esse
1442 2580 1713 2642 Caesaris
1768 2580 1973 2659 fllium,
2022 2599 2199 2661 quem
2247 2582 2557 2662 Cleopatra

268 2677 505 2741 diceret’
555 2682 748 2755 (Suet.
778 2680 884 2756 52,
929 2682 1034 2759 qui
1080 2679 1305 2741 addidit
1353 2684 1532 2755 quasi
1562 2684 1759 2756 plane
1814 2678 2166 2755 defensione
2210 2698 2289 2741 ac
2332 2687 2552 2756 patro-

268 2782 422 2841 cinio
468 2798 572 2839 res
619 2781 871 2855 efferet).
946 2778 1236 2839 Antonius
1283 2780 1443 2839 enim
1491 2779 1670 2838 etiam
1708 2795 1743 2835 a
1779 2774 2029 2836 Caesare
2074 2793 2210 2836 eum
2248 2776 2553 2855 adgnitum

267 2894 390 2937 esse
428 2878 661 2937 senatui
699 2870 1198 2960 adfirmauerat')
1261 2876 1576 2937 Praeterea
1615 2882 1777 2935 certa
1814 2875 2155 2935 testimonia
2200 2882 2434 2935 exstant
2481 2874 2553 2935 de

265 2976 378 3035 uita
425 2977 645 3054 prioris
683 2976 959 3053 Africani,
1007 2976 1070 3036 in
1117 2993 1234 3053 quo
1280 2972 1433 3034 libro
1483 2972 1554 3034 de
1603 2973 1809 3035 diuina
1857 2974 1987 3033 eius
2032 2974 2263 3051 origine
2314 2982 2553 3033 noctur-

265 3074 470 3152 nisque
533 3091 671 3134 cum
727 3072 867 3134 loue
922 3071 1452 3134 consultationibus
1505 3078 1873 3149 narrauerat‚
1926 3077 1995 3130 ut
2047 3069 2145 3130 illa
2203 3072 2553 3131 auctoritate

267 3188 359 3232 res
413 3190 446 3232 a
510 3171 764 3233 Caesare
820 3170 919 3232 uel
970 3178 1168 3250 gestas
1231 3170 1328 3231 uel
1384 3178 1618 3249 paratas
1684 3171 1853 3248 quasi
1918 3170 2203 3246 sanciret,
2269 3168 2330 3228 id
2396 3168 2552 3248 quod

267 3271 436 3331 etiam
485 3270 630 3331 alios
677 3271 1003 3349 scriptores
1049 3276 1290 3330 conatos
1336 3286 1470 3329 esse
1517 3286 1588 3327 ex
1627 3266 1783 3327 Liuii
1820 3265 1949 3327 loco
1987 3264 2241 3345 quodam
2277 3265 2409 3341 (38,
2448 3267 2552 3345 56,

267 3368 450 3429 1-3,
490 3371 616 3429 uid.
646 3368 975 3430 Mommsen
1017 3368 1186 3429 Rom.
1218 3368 1466 3428 For-sch.
1498 3368 1575 3425 II
1590 3384 1659 3442 p.
1691 3365 1821 3426 502
1846 3367 1964 3440 sq.)
2002 3366 2323 3443 perspexit.
2397 3363 2553 3424 Num

268 3464 478 3543 Cassii,
531 3468 568 3526 i.
609 3485 660 3527 e.
700 3468 831 3526 eius
885 3467 988 3545 qui
1037 3462 1350 3526 Caesarem
1396 3464 1726 3540 interfecit,
1780 3464 1967 3524 uitam
2014 3460 2281 3522 scribere
2337 3478 2553 3539 operae

265 3566 518 3641 pretium
562 3583 698 3626 esse
746 3563 997 3641 duxerit,
1032 3570 1102 3623 ut
1145 3561 1391 3625 tradidit
1435 3562 1742 3623 Charisius
1780 3562 1888 3638 (fr.
1918 3561 2008 3637 4),
2045 3557 2193 3619 mihi
2236 3556 2551 3619 admodum

442 3783 494 3849 1)
529 3778 592 3835 G.
623 3780 872 3835 Thouret
916 3780 1006 3835 De
1045 3781 1312 3847 Cicerone,
1359 3780 1560 3833 Asinio
1588 3778 1857 3843 Pollione,
1896 3776 1952 3830 0.
1988 3776 2165 3845 Oppio
2199 3792 2381 3829 rerum
2422 3776 2552 3831 Cae-

266 3862 613 3915 sar-{anorum
647 3861 1018 3931 scm'ptoribus.
1077 3859 1234 3914 stud.
1263 3859 1414 3929 Lips.
1443 3859 1468 3912 I
1504 3876 1560 3927 p.
1591 3862 1891 3911 346—360.

439 3943 494 4009 2)
527 3940 713 3995 Aliter
749 3939 872 4009 ipse
910 3938 1116 3995 Caesar
1149 3940 1394 3994 testatus
1431 3940 1578 4003 erat,
1626 3936 1807 3992 Nicol.
1846 3935 2103 3990 Damaso.
2142 3934 2209 3989 fr.
2243 3941 2343 3988 101
2388 3952 2434 3989 c.
2466 3942 2552 4003 20,

267 4020 339 4073 ΠΙ
373 4038 428 4089 p.
461 4028 560 4075 440
589 4020 691 4077 M:
731 4020 786 4075 οἱ
823 4019 924 4089 μὲν
962 4019 1069 4089 γὰρ
1107 4019 1357 4089 ἔφασκον
1395 4016 1676 4092 βασίλειον
1711 4018 1863 4089 αὐτῷ
1910 4014 2216 4086 ἐγνωκέναι
2262 4014 2553 4085 συμπάσης

268 4108 364 4169 γῆς
407 4102 504 4155 καὶ
544 4100 830 4170 θαλάττης
863 4100 1152 4171 Αἴγυπτον
1207 4100 1635 4167 ἀποδεικνύναι,
1686 4098 1832 4153 ἔνθα
1868 4094 2129 4166 βασιλίδα
2184 4095 2553 4163 Κλεοπάτραν

267 4182 415 4253 αὐτῷ
461 4184 634 4236 παῖδα
679 4190 862 4237 τεκεῖν
908 4186 1099 4248 Κῦρον
1141 4178 1586 4251 [Καισαρίωναῗ]
1627 4176 1975 4255 φοιτήσασαν
2022 4176 2101 4239 εἰς
2146 4174 2319 4242 εὐνήν
2337 4194 2349 4205 ·
2416 4173 2551 4242 ὅπερ

269 4262 436 4323 αὐτὸς
472 4260 688 4332 ἤλεγξεν
727 4262 789 4317 ἐν
824 4272 946 4326 ταῖς
983 4262 1292 4329 διαθήκαις
1327 4262 1541 4331 ψεῦδος
1577 4258 1661 4314 ὄν.
1718 4257 1797 4312 Cf.
1830 4256 1902 4310 de
1935 4255 2046 4310 hac
2072 4272 2133 4309 re
2160 4258 2283 4309 tum
2310 4254 2553 4309 multum

268 4342 404 4396 trita
440 4342 726 4397 Bruma-nn
761 4343 816 4397 h.
845 4343 910 4397 R.
941 4343 1018 4396 ΠΙ
1051 4361 1106 4412 p.
1139 4347 1243 4396 ‘164
1262 4360 1344 4410 sq.
