3234 5034
1079 234 1142 289 T.
1175 232 1599 289 POMPONIVS
1643 234 1946 291 ATTICVS
2483 255 2663 305 xxx-11

351 403 644 467 Romanae
685 402 932 465 Graecis
979 404 1042 463 in
1079 402 1186 463 bac
1227 410 1352 463 arte
1391 402 1673 465 cederent
1711 406 1818 477 (de
1853 407 2007 480 quq.
2044 406 2081 465 I
2110 405 2169 480 2,
2200 406 2241 465 5
2260 424 2385 481 sqq.
2424 406 2514 467 ad
2538 406 2659 465 Att.

349 504 516 563 XVI
555 504 683 579 13⁶,
725 504 805 575 2,·
851 503 1021 563 Brut.
1062 501 1174 577 19,
1215 503 1301 561 74
1310 524 1334 573 ;
1394 502 1472 579 cf.
1521 504 1699 563 Corn.
1740 504 1885 579 Nep.
1918 502 2003 579 fr.
2044 503 2132 581 1),
2188 520 2339 581 quae
2398 510 2467 564 ut
2524 520 2659 582 per-

349 601 536 662 fectae
604 608 838 679 essent,
903 599 1209 661 rhetorum
1273 601 1610 679 praeceptis
1672 618 1877 661 carere
1947 618 2066 661 non
2134 616 2311 680 posse
2369 608 2659 679 censeret,

349 707 408 761 et
453 699 552 761 ille
603 719 636 759 a
683 718 752 761 se
800 700 930 759 sine
977 699 1106 759 eius
1153 717 1264 778 ope
1310 697 1623 759 historiam
1668 716 1781 759 nec
1829 700 2061 759 institui
2112 718 2224 759 nec
2280 698 2437 759 effici
2481 717 2657 779 posse

349 806 552 878 aperte
600 798 910 878 professus
958 805 1050 859 est
1095 799 1214 871 (ad
1255 799 1376 857 Att.
1417 798 1587 857 XVI
1620 797 1747 873 13⁶,
1784 796 1876 876 2),
1922 798 2233 859 materiam
2280 795 2353 858 ab
2400 816 2471 859 eo
2518 796 2656 859 sub-

345 899 752 959 ministratum
809 897 884 957 iri
943 896 1204 957 confisus
1259 913 1454 974 neque
1512 894 1837 975 quidquam
1892 914 2067 957 suum
2124 914 2258 957 esse
2316 895 2657 976 arbitratus,

349 998 463 1057 nisi
511 1004 580 1057 ut
629 1014 758 1057 eam
805 1002 931 1057 arte
979 1014 1086 1057 sua
1133 1002 1464 1073 exornaret,
1513 1002 1775 1073 augeret,
1822 993 2227 1073 amplificaret.

527 1092 834 1155 Secundas
880 1095 1024 1155 item
1070 1092 1300 1154 Atticus
1348 1094 1526 1153 etiam
1573 1094 1653 1153 ita
1702 1094 1840 1171 egit,
1887 1111 2023 1153 cum
2072 1100 2221 1153 totas
2268 1091 2655 1155 bibliothecas

345 1192 690 1271 conficeret,
735 1210 884 1271 quas
929 1199 1134 1272 postea
1181 1190 1312 1251 aliis
1359 1192 1489 1252 siue
1536 1189 1875 1252 uenditaret
1920 1192 2048 1252 siue
2098 1190 2343 1253 donaret
2380 1193 2497 1265 (ad
2530 1194 2652 1253 Att.

345 1292 388 1351 I
431 1292 504 1363 7;
550 1292 656 1366 10,
695 1292 740 1350 4
750 1313 773 1363 ;
821 1290 923 1366 11,
961 1291 1040 1362 3,·
1085 1291 1146 1365 4,
1185 1290 1274 1368 3),
1331 1297 1458 1350 tum
1519 1288 1591 1350 ad
1650 1306 1818 1351 suam
1881 1287 2245 1351 uberrimam
2313 1291 2546 1370 amicis,
2602 1292 2691 1378 si-

343 1409 462 1469 quo
501 1389 657 1451 libro
695 1395 988 1468 carerent,
1026 1387 1419 1449 libentissime
1457 1386 1683 1449 aditum
1722 1389 1984 1466 aperiret
2020 1390 2138 1461 (ad
2170 1390 2293 1449 Att.
2324 1389 2427 1451 IV
2456 1389 2561 1464 14,
2583 1389 2651 1463 1)

341 1488 774 1568 Ciceronisque
821 1505 1002 1568 opera
1047 1505 1156 1566 per
1201 1504 1410 1547 seruos
1459 1504 1616 1565 suos
1664 1504 1813 1566 quos
1860 1485 2079 1547 multos
2126 1485 2378 1549 habebat
2428 1486 2652 1549 littera-

342 1589 640 1665 tissimoS‚
696 1585 1086 1649 describenda
1141 1593 1202 1646 et
1258 1584 1629 1646 diuendenda
1693 1592 1930 1645 curaret
1995 1586 2171 1662 (Nep.
2214 1586 2315 1663 13,
2352 1586 2411 1646 3.
2488 1586 2650 1647 Dru-

339 1704 528 1747 mann
586 1686 642 1744 V
671 1704 740 1763 p.
779 1686 867 1746 66
892 1686 1028 1770 sq).
1124 1682 1377 1762 denique
1441 1700 1715 1761 magnam
1779 1690 2007 1761 partem
2072 1686 2230 1743 uitae
2296 1684 2355 1743 in
2420 1682 2653 1764 officiis,

341 1802 496 1863 quae
535 1782 670 1845 aliis
706 1790 1052 1863 praestaret,
1083 1782 1468 1861 consumpsit,
1497 1800 1612 1861 qua
1652 1780 1891 1861 quidem
1926 1781 1989 1841 in
2019 1799 2198 1860 opera
2228 1782 2405 1843 etiam
2446 1778 2651 1844 ‘unus

339 1879 537 1942 liber
565 1880 836 1943 Graece
873 1880 1252 1943 consectus
1294 1879 1372 1940 de
1413 1878 1795 1940 consulatu
1824 1876 2227 1941 Ciceronis'
2258 1882 2432 1957 (Nep.
2456 1879 2557 1957 18,
2581 1882 2649 1955 6)

341 1979 656 2059 ponendus
705 1986 814 2059 est⁷
861 1997 1038 2059 quem
1085 1996 1135 2039 a.
1176 1972 1432 2058 60s694
1479 1976 1553 2039 ad
1600 1976 1949 2039 Ciceronem
1996 1979 2162 2039 misit
2206 1996 2400 2057 neque
2452 1986 2649 2041 tamen

339 2086 590 2158 propter
626 2080 998 2139 ieiunitatem
1034 2077 1319 2138 orationis
1357 2078 1485 2137 eius
1523 2076 1799 2155 plausum
1828 2077 2056 2157 accepit
2086 2079 2202 2151 (ad
2227 2079 2349 2138 Att.
2372 2078 2450 2139 II
2479 2079 2537 2155 1,
2562 2079 2649 2153 1).

338 2179 406 2237 ὶη
454 2174 638 2237 rebus
683 2184 882 2237 tamen
931 2194 1066 2237 cum
1104 2176 1296 2236 amico
1333 2176 1717 2254 conspirauit,
1753 2182 1823 2237 ut
1857 2175 1973 2255 hic,
2012 2177 2063 2237 si
2098 2177 2229 2255 ipse
2265 2174 2428 2237 hunc
2468 2172 2649 2237 ‘com-

339 2268 730 2335 mentarium’
777 2282 912 2335 ante
959 2273 1218 2352 legisset,
1264 2273 1521 2333 furatum
1571 2292 1636 2333 se
1684 2291 1817 2333 esse
1865 2272 1937 2333 ab
1984 2276 2113 2353 ipso
2162 2273 2459 2335 dicturum
2512 2292 2646 2335 eum

339 2391 474 2433 esse
523 2370 820 2433 scriberet
867 2374 934 2445 (l.
970 2374 1068 2451 3.),
1115 2390 1303 2450 eoque
1351 2389 1646 2433 consensu
1685 2390 1817 2433 esse
1856 2372 2076 2433 sactum
2113 2370 2371 2451 uidetur,
2407 2379 2475 2433 ut
2512 2390 2647 2433 cum

339 2472 534 2550 ipsius
582 2469 890 2531 Ciceronis
937 2470 1377 2531 commentariis
1423 2470 1602 2532 etiam
1648 2468 1827 2531 huius
1871 2472 2127 2549 uestigia
2174 2472 2414 2531 omnino
2465 2471 2645 2531 inter-

339 2569 516 2630 irent.
603 2587 800 2648 neque
853 2570 1012 2629 enim
1072 2575 1381 2648 praeterea
1436 2566 1760 2648 quidquam
1824 2566 1895 2629 de
1955 2586 2024 2629 eo
2084 2569 2405 2631 memoriae
2465 2567 2647 2629 tradi·

341 2676 468 2728 tum
515 2674 628 2729 est.

519 2764 790 2827 Plurium
845 2767 978 2826 usui
1028 2783 1096 2827 eo
1144 2764 1321 2845 libro,
1367 2784 1548 2845 quem
1602 2764 1927 2827 annalem
1974 2766 2305 2844 inscripsit,
2361 2765 2647 2827 seruiisse

339 2862 610 2942 uidetur,
667 2862 740 2925 de
787 2882 904 2943 quo
957 2864 1102 2924 haec
1159 2862 1356 2943 Nepos
1412 2866 1492 2938 (c.
1533 2863 1637 2938 18,
1680 2864 1777 2937 1).·
1836 2864 2033 2925 Moris
2096 2868 2278 2925 etiam
2343 2868 2646 2925 maiorum

336 2980 610 3023 summus
655 2966 928 3023 imitator
965 2962 1090 3039 fuit
1136 2966 1642 3038 antiquitatisque
1680 2968 1936 3037 amator,
1974 2980 2155 3037 quam
2194 2964 2347 3023 adeo
2386 2962 2643 3039 diliyen·

337 3069 438 3120 ter
480 3062 701 3121 habuit
745 3064 1078 3136 counitam,
1135 3068 1202 3121 ut
1257 3078 1390 3121 eam
1445 3068 1633 3121 totam
1688 3063 1751 3120 in
1800 3076 1869 3121 eo
1922 3063 2228 3121 uolumine
2272 3065 2643 3137 exposuerit,

337 3176 462 3235 quo
519 3161 922 3234 mayistratus
980 3160 1313 3219 ordinauit.
1405 3161 1576 3219 nulla
1638 3162 1795 3219 enim
1850 3160 1953 3219 lex
2008 3175 2205 3233 neque
2248 3176 2390 3235 pax
2450 3177 2644 3235 neque

337 3259 558 3319 bellum
615 3274 814 3332 neque
866 3274 968 3317 res
1022 3259 1278 3317 illustris
1330 3264 1420 3317 est
1459 3258 1681 3333 popule·
1726 3256 2015 3333 Romani,
2070 3275 2229 3333 quae
2282 3275 2405 3319 non
2460 3262 2523 3321 in
2570 3275 2641 3318 eo

333 3372 452 3417 suo
490 3361 756 3431 tempore
789 3358 872 3415 sit
907 3361 1136 3431 notata,
1175 3361 1250 3429 et,
1287 3357 1452 3431 quod
1487 3354 1915 3431 difficillimum
1945 3355 2088 3432 fuit,
2133 3358 2228 3417 sic
2256 3356 2641 3433 familiarum

335 3458 644 3529 onyinem
687 3454 1016 3528 subtexuit,
1063 3460 1131 3514 ut
1177 3472 1254 3515 ex
1300 3470 1369 3515 eo
1419 3457 1731 3513 clarorum
1768 3456 2047 3515 uirorum
2080 3458 2465 3531 propayines
2494 3472 2640 3532 pos-

333 3556 529 3611 simus
575 3567 960 3626 coquos-cere.
974 3545 1024 3635 ¹)
1082 3550 1243 3612 Misit
1287 3570 1422 3611 eum
1469 3548 1541 3611 ad
1582 3548 1929 3611 Ciceronem
1967 3552 2170 3623 (Brut.
2200 3552 2260 3625 3,
2291 3552 2422 3630 13),
2471 3554 2642 3613 cuius

521 3768 574 3837 1)
613 3766 700 3821 Fr.
731 3764 1054 3835 Schneider,
1081 3768 1171 3823 De
1205 3769 1406 3823 anuali
1435 3767 1498 3822 T.
1521 3769 1586 3823 P.
1608 3768 1679 3822 A.
1709 3767 1769 3821 in
1802 3766 2059 3823 Zeiteehr.
2088 3768 2130 3834 f.
2151 3768 2347 3823 ΔΖΜ.
2378 3774 2415 3823 6
2443 3772 2637 3839 (1839)

325 3866 392 3917 p.
425 3851 655 3903 33-40,
686 3878 753 3887 —
791 3846 988 3917 Nuper
1023 3846 1264 3917 amplior
1300 3847 1733 3903 commentarius
1770 3847 1985 3919 prodiit
2021 3847 2081 3903 F.
2111 3846 2395 3903 Muenzeri
2427 3850 2521 3905 ‘A
2553 3851 2639 3906 als

338 3928 909 3983 Geoehiehtechreiber’
957 3928 1018 3983 in
1064 3928 1248 3983 Herm.
1281 3934 1350 3983 40
1397 3947 1449 3999 p.
1481 3934 1757 3997 50—-100,
1805 3945 1915 3998 quo
1960 3927 2097 3982 inde
2140 3928 2443 3998 profectus,
2485 3931 2636 4001 quod

335 4007 534 4062 Cicero
577 4006 639 4061 in
685 4006 870 4075 libris,
909 4026 1048 4078 quoe
1088 4010 1218 4063 ante
1257 4008 1517 4063 annalem
1554 4009 1772 4063 editum
1809 4012 1867 4064 et
1902 4026 2043 4079 quos
2089 4012 2221 4078 post
2266 4009 2516 4081 scripsit,
2564 4011 2635 4066 de

333 4090 656 4157 temporum
701 4088 996 4143 notatione
1041 4088 1163 4158 ipse
1209 4106 1398 4145 secum
1443 4089 1742 4161 pugnauit,
1788 4088 2113 4143 inferiorem
2150 4089 2219 4143 ad
2260 4090 2511 4145 Atticum
2550 4109 2633 4146 re-

331 4170 526 4236 uocat,
562 4167 806 4223 maxime
843 4167 898 4223 in
939 4168 1112 4223 Bruto
1150 4172 1208 4223 et
1236 4168 1465 4237 Getone,
1492 4169 1592 4239 qui
1629 4169 1845 4239 dialogi
1880 4168 2093 4225 talibus
2122 4170 2287 4223 rebus
2316 4170 2634 4242 abundant3

333 4264 534 4303 uerum
577 4250 770 4302 tamen
817 4249 1060 4303 maxime
1106 4250 1167 4303 in
1222 4250 1408 4319 capite
1465 4252 1623 4305 sexto
1676 4252 1751 4319 (p.
1786 4255 1853 4305 85
1874 4250 2016 4320 sqq.)
2072 4249 2241 4303 nimis
2298 4250 2635 4309 coniecturis
