3234 5034
634 363 761 429 154
1392 361 1691 418 ONESIMI
1729 361 1903 416 VITA
1939 361 2157 417 PROBI

633 531 1006 593 hortantibus
1053 529 1549 610 Lugdunensibus
1557 577 1576 611 ,
1634 531 1737 610 qui
1784 539 1847 591 et
1891 529 1962 590 ab
2010 529 2327 591 Aureliano
2382 533 2645 608 grauiter
2694 533 2933 592 contusi

627 629 1004 708 uidebantur,
1051 637 1112 690 et
1157 627 1445 690 Probum‘
1469 629 1995 690 uehementissime
2051 629 2566 710 pertimescebant,
2621 631 2685 690 in
2741 631 2931 709 impe-

630 731 784 789 rium
829 729 1126 788 uocitatus
1183 735 1290 806 est,
1348 727 1486 788 ludo
1533 745 1722 807 paene
1769 747 1837 788 ac
1883 729 2032 806 ioco,
2083 736 2152 789 ut
2196 727 2515 789 Onesimus
2563 728 2722 807 dicit,
2770 728 2929 808 quod

628 825 868 907 quidem
933 825 1086 906 apud
1149 824 1378 886 nullum
1444 826 1625 887 alium
1690 827 2029 905 repperisse
2090 843 2187 886 me
2254 829 2393 886 scio.
2469 845 2605 887 nam
2666 845 2801 888 cum
2864 829 2929 888 in

629 925 880 1006 quodam
939 927 1214 987 conuiuio
1272 925 1344 986 ad
1398 924 1764 986 latrunculos
1818 923 2127 986 luderetur
2172 930 2348 1004 atque
2396 925 2524 1004 ipse
2571 924 2770 985 decies
2816 927 2927 986 im·
2984 947 3009 988 ι

627 1031 864 1104 perator
902 1026 1138 1103 exisset,
1176 1023 1416 1104 quidam
1455 1041 1576 1084 non
1611 1021 1891 1102 ignobilis
1930 1041 2135 1083 scurra
2166 1019 2336 1084 ‘Aue'
2375 1021 2585 1102 inquid
2614 1019 2929 1102 ‘Auguste’

627 1122 938 1203 adlataque
1002 1121 1132 1182 lana
1197 1140 1496 1202 purpurea
1559 1122 1785 1182 umeris
1851 1122 1980 1182 eius
2044 1123 2238 1182 iunxit
2302 1138 2557 1200 eumque
2630 1121 2927 1203 adorauit3

626 1223 806 1282 timor
867 1220 1007 1282 inde
1073 1222 1447 1282 consciorum
1512 1228 1689 1300 atque
1755 1219 1895 1280 inde
1958 1221 2077 1280 iam
2144 1219 2445 1280 exercitus
2498 1221 2804 1299 temptatio
2868 1227 2927 1280 et

625 1320 880 1399 imperii.

804 1421 868 1489 2.
948 1426 1090 1503 Vop.
1144 1426 1291 1487 Bon.
1351 1427 1454 1506 14,
1501 1427 1544 1486 3
1636 1424 1720 1486 De
1782 1425 1896 1486 hoc
1962 1423 2253 1504 [Bonoso]
2320 1423 2673 1486 Aurelianus
2746 1443 2925 1505 saepe
2956 1447 3012 1486 ιο

629 1523 885 1585 dicebat:
933 1521 1086 1584 ‘Non
1143 1532 1211 1584 ut
1263 1525 1430 1584 uiuat
1483 1531 1657 1584 natus
1714 1531 1805 1584 est
1860 1523 1963 1584 sed
2028 1531 2096 1584 ut
2159 1519 2365 1585 bihat’
2448 1541 2625 1603 quem
2682 1522 2924 1602 quidem

627 1622 726 1683 diu
783 1625 846 1682 in
903 1623 1124 1683 honore
1181 1620 1386 1682 habuit
1441 1639 1616 1682 causa
1663 1621 1927 1682 militiae.
2002 1640 2139 1682 nam
2187 1623 2239 1682 si
2286 1620 2520 1702 quando
2566 1620 2743 1700 legati
2789 1620 2923 1682 bar·

625 1719 901 1780 baron-um
957 1718 1372 1799 undecumque
1429 1720 1694 1797 gentium
1755 1721 2092 1799 uenissent,
2148 1721 2267 1800 ipsi
2320 1719 2805 1798 propinabantur,
2856 1728 2925 1781 ut

625 1837 726 1879 eos
773 1817 1096 1880 inebriaret
1143 1825 1316 1897 atque
1375 1817 1447 1878 ab
1495 1818 1589 1878 his
1636 1836 1745 1897 per
1790 1819 1998 1880 uinum
2048 1826 2258 1879 cuncta
2316 1827 2715 1896 cognosceret.
2792 1822 2922 1898 ipse

624 1915 1057 1996 quantumlibet
1101 1914 1368 1995 bibisset,
1415 1934 1653 1995 semper
1700 1934 1949 1977 securus
1998 1924 2057 1977 et
2102 1915 2339 1978 sobrius
2376 1925 2451 1995 et,
2496 1924 2565 1976 ut
2600 1915 2921 1978 Onesimus
2952 1939 3009 1978 ιε

625 2014 784 2093 dicit,
831 2015 1091 2093 scriptor
1133 2015 1292 2074 uitae
1339 2013 1533 2092 Probi,
1581 2013 1772 2075 adhuc
1819 2015 1882 2074 in
1928 2016 2070 2075 uino
2118 2013 2483 2093 prudentior.

801 2115 868 2185 3.
931 2122 1070 2198 Vop.
1118 2121 1257 2181 Car.
1297 2121 1358 2200 4,
1394 2121 1436 2181 2
1493 2119 1811 2182 Onesimus
1858 2123 2037 2201 enim,
2084 2123 2185 2201 qui
2237 2119 2689 2201 diligentissime
2734 2123 2922 2183 uitam

622 2219 799 2280 Probi
846 2220 1105 2298 scripsit,
1161 2217 1380 2279 Romae
1435 2217 1602 2279 illum
1653 2217 1937 2297 [Carum]
1987 2227 2048 2280 et
2100 2227 2305 2281 natum
2360 2229 2422 2280 et
2466 2218 2769 2280 eruditum
2816 2220 2924 2281 sed

621 2317 971 2398 Illyricianis
1017 2315 1364 2397 parentibus
1413 2317 1595 2378 fuisse
1644 2316 1963 2380 contendit.

800 2419 868 2487 4.
931 2425 1068 2502 Vop.
1135 2424 1272 2485 Car.
1330 2425 1433 2500 16,
1483 2425 1521 2484 1
1609 2423 1895 2504 Superest
1967 2423 2138 2486 nobis
2204 2423 2482 2504 CarinuS,
2550 2423 2725 2485 homo
2797 2445 2921 2486 om·
2950 2439 3013 2478 2⁰

620 2526 789 2584 nium
845 2523 1475 2603 contaminatissimus,
1539 2521 1797 2602 adulter,
1862 2523 2146 2602 frequens
2210 2531 2526 2602 corruptor
2589 2524 2923 2584 iuuentutis

623 2614 836 2705 (pudet
903 2620 1101 2681 dicere
1167 2620 1324 2700 quod
1389 2621 1450 2681 in
1505 2620 1735 2681 litteras
1791 2619 2109 2682 Onesimus
2166 2615 2440 2706 rettulit),
2498 2623 2626 2700 ipse
2684 2640 2923 2701 quoque

621 2719 773 2781 male
819 2737 967 2780 usus
1013 2720 1187 2797 genio
1235 2737 1413 2780 sexus
1460 2720 1571 2780 sui.

801 2821 868 2889 5.
931 2828 1070 2904 Vop.
1114 2827 1251 2887 Car.
1293 2827 1351 2905 7,
1378 2827 1422 2886 3
1473 2825 1724 2887 Exstant
1780 2828 1956 2887 etiam
2012 2825 2245 2887 litterae
2301 2826 2453 2907 Cari,
2504 2827 2723 2906 quibus
2780 2836 2925 2908 aput

621 2925 986 3004 praesectum
1035 2943 1206 2985 suum
1255 2923 1328 2984 de
1367 2923 1568 2985 Carini
1613 2922 1881 2985 moribus
1928 2933 2231 3004 queratur,
2276 2932 2345 2985 ut
2388 2933 2669 3005 appareat
2704 2945 2921 2987 uerum
2949 2939 3007 2979 2⁵

621 3041 782 3101 esse,
827 3022 984 3102 quod
1031 3021 1348 3083 Onesimus
1397 3021 1567 3102 dicit,
1611 3021 1893 3082 habuisse
1940 3023 2005 3082 in
2050 3025 2246 3083 animo
2294 3023 2536 3102 Carum,
2586 3031 2656 3084 ut
2702 3023 2921 3085 Carino

622 3120 1053 3182 Caesareanum
1103 3119 1414 3199 abrogaret
1459 3121 1795 3200 imperium.

799 3223 868 3290 6.
930 3228 1068 3306 Vop.
1115 3229 1254 3289 Car.
1295 3228 1398 3304 17,
1437 3229 1481 3288 6
1532 3227 1831 3288 Statuerat
1878 3226 2131 3308 denique
2182 3227 2438 3306 [Carus]
2489 3227 2924 3310 Constantium,

577 3328 723 3405 „qui
795 3333 998 3405 postea
1072 3325 1289 3387 Caesar
1361 3335 1454 3386 est
1528 3326 1743 3405 factuS,
1817 3334 1960 3387 tunc
2042 3334 2237 3388 autem
2312 3326 2712 3405 praesidatum
2788 3325 2923 3388 Dal·

621 3426 835 3485 matiae
899 3423 1372 3503 administrabat,
1439 3427 1500 3484 in
1566 3423 1763 3484 locum
1828 3426 1959 3485 eius
2016 3423 2291 3502 [Carini]
2350 3423 2705 3504 subrogare,
2760 3425 2925 3504 quod
2952 3439 3005 3478 ⁸⁰

620 3540 795 3583 nemo
850 3529 994 3583 tunc
1047 3524 1144 3583 uir
1196 3522 1410 3584 melior
1461 3521 1797 3602 uidebatur,
1854 3521 2019 3583 illum
2067 3540 2231 3602 uero,
2277 3530 2345 3583 ut
2389 3521 2709 3584 Onesimus
2760 3523 2926 3604 dicit,

619 3619 911 3681 occidere.

803 3873 856 3930 7.
903 3890 1199 3948 purporea.
1224 3873 1281 3930 P
1453 3867 1594 3932 uini
1624 3873 1683 3931 P

801 3953 870 4040 2,
925 3961 1022 4019 13.
1069 3961 1214 4036 ipsis
1261 3962 1620 4037 propinabat
1657 3963 1741 4023 ed.
1761 3982 1855 4038 pr.
2156 3965 2253 4022 15.
2303 3979 2543 4021 seuerus
2582 3963 2927 4040 Pet-seben&

621 4051 888 4110 Bemerk.
915 4068 980 4123 p.
1012 4050 1145 4108 356

799 4132 868 4220 5,
919 4141 1019 4198 24.
1067 4139 1249 4199 etiam
1281 4139 1533 4202 Gasaub.
1579 4141 1702 4201 iam
1737 4141 1795 4200 P
2016 4142 2114 4200 25.
2166 4144 2489 4216 quaeratur
2525 4141 2584 4199 P
