3234 5034
635 355 760 419 148
907 351 1130 408 VITAE
1171 353 1373 410 AVGT.
1405 356 1454 408 A
1489 351 1895 408 TREBELHO
1932 353 2027 408 ΕΤ
2063 355 2115 408 A
2150 351 2451 410 VOPlsco
2488 352 2666 409 Nou.

625 525 958 603 principem
1017 541 1204 584 unum
1256 524 1320 582 in
1377 521 1572 584 locum
1626 532 2052 584 concesserunt
2096 529 2469 603 quaerenteS,
2516 521 2659 602 quid
2704 522 2927 582 facien-

628 621 766 683 dum
814 631 989 684 esset.
1065 631 1324 702 tuncque
1371 623 1640 683 constitit
1674 619 1939 682 Gallieno
1984 621 2158 701 longe
2203 623 2414 702 posito,
2452 620 2702 682 Aureolo
2750 639 2927 682 usur-

623 729 801 800 pante
832 722 1147 801 imperium
1179 718 1394 782 debere
1424 719 1680 800 aliquem
1716 721 2051 800 principem
2088 721 2222 782 fleri
2259 729 2318 782 et
2346 719 2586 801 quidem
2614 722 2927 800 optimum,

625 836 700 879 ne
757 821 1050 898 quispiam
1106 827 1394 898 tyrannus
1449 820 1748 879 existeret.
1822 817 2007 880 uerba
2062 820 2245 898 igitur
2293 818 2588 899 Ballistae,
2635 826 2927 899 quantum

609 916 926 1003 ‘Maeonius
984 918 1300 998 Astyanax,
1360 919 1462 998 qui
1519 915 1765 978 consilio
1822 917 2118 995 interfuit,
2166 915 2413 996 adserit,
2460 916 2607 977 haec
2654 917 2924 976 suerunt:
2986 935 3011 974 5

626 1011 775 1077 ‘Mea
833 1025 892 1076 et
946 1025 1108 1076 aetas
1165 1025 1224 1077 et
1277 1016 1567 1094 professio
1627 1022 1687 1076 et
1732 1014 2008 1076 uoluntas
2052 1014 2225 1092 longe
2272 1013 2345 1074 al)
2392 1017 2644 1094 imperio
2690 1014 2925 1093 absunt,

625 1122 685 1174 et
731 1133 858 1195 ego,
905 1113 1062 1194 quod
1109 1133 1324 1192 negare
1369 1131 1487 1175 non
1535 1132 1798 1192 possum,
1843 1111 2065 1174 bonum
2114 1115 2445 1193 principem
2496 1132 2734 1193 quaero.
2818 1112 2926 1173 sed

624 1214 759 1292 quis
813 1210 1051 1273 tandem
1108 1218 1226 1292 est,
1282 1212 1384 1290 qui
1430 1210 1723 1272 Valeriani
1780 1209 1975 1271 locum
2030 1213 2221 1290 possit
2274 1209 2541 1291 implere,
2595 1213 2715 1271 nisi
2768 1209 2923 1290 talis,

624 1309 816 1390 qualis
863 1319 928 1371 tu
975 1329 1058 1390 eS,
1117 1310 1302 1390 fortiS,
1351 1318 1649 1389 constans,
1697 1311 1949 1389 integer,
1994 1308 2277 1388 probatus
2323 1310 2387 1369 in
2435 1326 2500 1370 re
2546 1327 2601 1388 p.
2642 1317 2719 1387 et,
2766 1307 2923 1388 quod

623 1411 878 1470 maxime
927 1407 997 1470 ad
1044 1409 1362 1487 imperium
1399 1410 1679 1487 pertinet,
1729 1404 1940 1468 diues‘»>
2004 1409 2201 1487 arripe
2237 1408 2422 1486 igitur
2457 1406 2651 1468 locum
2689 1407 2923 1468 meritis
2958 1426 3015 1464 ιο

623 1510 743 1568 tuis
793 1506 1082 1568 debitum:
1129 1526 1224 1567 me
1271 1506 1572 1585 praefecto
1620 1524 1795 1585 quam
1845 1505 1945 1566 diu
1990 1504 2159 1566 uoles
2206 1507 2410 1566 uteris
2487 1513 2548 1566 tu
2590 1524 2723 1565 cum
2764 1523 2829 1565 re
2868 1525 2923 1584 p.

625 1614 852 1668 tantum
890 1605 1042 1666 hene
1081 1623 1234 1684 agaS,
1273 1613 1339 1665 ut
1376 1613 1433 1664 te
1463 1603 1764 1665 Romanus
1802 1603 1963 1664 orbis
2003 1604 2221 1664 factum
2260 1605 2589 1683 principem
2630 1600 2925 1682 gaudeat’

623 1704 709 1765 Ad
739 1705 885 1765 haec
912 1703 1270 1765 Macrianus:
1310 1698 1560 1780 ‘Fateor,
1589 1700 1845 1781 Ballista,
1882 1702 2200 1782 imperium
2236 1700 2515 1780 prudenti
2556 1721 2673 1762 non
2704 1701 2926 1762 frustra

625 1812 732 1864 est.
813 1801 950 1864 uolo
1007 1803 1165 1862 enim
1235 1801 1322 1861 rei
1387 1819 1444 1880 p.
1498 1800 1820 1861 subuenire
1887 1809 2063 1879 atque
2127 1799 2287 1860 illam
2352 1809 2581 1878 pestem
2637 1819 2669 1860 a
2726 1799 2927 1879 legum

624 1899 1041 1980 gubernaculis
1106 1898 1429 1978 dimouere,
1495 1897 1600 1960 sed
1665 1918 1784 1960 non
1840 1897 1952 1958 hoc
2011 1899 2073 1958 in
2127 1917 2224 1960 me
2280 1900 2489 1960 aetatis
2554 1908 2675 1961 est:
2741 1917 2925 1960 senex
2959 1918 3016 1959 ιε

625 2019 785 2079 sum,
849 1998 923 2060 ad
988 1996 1323 2077 exemplum
1388 1997 1655 2076 equitare
1719 2015 1839 2057 non
1900 2015 2169 2077 possum,
2235 1996 2551 2059 leuandum
2616 1998 2764 2060 mihi
2834 2007 2929 2058 est

625 2099 1011 2178 frequentiuS,
1069 2094 1362 2157 edendum
1423 2093 1749 2175 delicatiuS,
1805 2094 2046 2156 diuitiae
2102 2114 2197 2156 me
2254 2096 2370 2156 iam
2420 2095 2641 2158 dudum
2690 2095 2762 2158 ab
2809 2115 2923 2156 usn

623 2195 866 2257 militiae
916 2203 1306 2274 retraxerunt.
1382 2195 1635 2254 iuuenes
1684 2193 1865 2272 aliqui
1912 2203 2053 2254 sunt
2089 2192 2431 2274 quaerendi,
2470 2213 2580 2256 nec
2619 2213 2775 2255 unus
2818 2193 2923 2255 sed

626 2294 740 2356 duo
805 2294 900 2355 uel
967 2303 1090 2354 tres
1151 2293 1485 2370 fortissimi,
1543 2294 1645 2371 qui
1703 2311 1773 2353 ex
1833 2291 2089 2352 diuersis
2147 2291 2415 2371 partibus
2470 2293 2633 2354 orbis
2678 2292 2925 2354 humani

624 2411 751 2454 rem
814 2412 870 2473 p.
931 2395 1272 2469 restituant,
1338 2408 1514 2469 quam
1570 2389 1917 2450 Valerianus
1983 2390 2125 2470 fato,
2191 2388 2493 2452 Gallienus
2556 2394 2715 2452 uitae
2780 2410 2925 2452 suae
2958 2410 3021 2451 so

628 2510 846 2571 genere
902 2485 1332 2570 perdiderunt?
1401 2488 1541 2549 Post
1594 2488 1742 2549 haec
1787 2486 2081 2549 intellexit
2126 2507 2263 2550 eum
2308 2488 2549 2551 Ballista
2594 2491 2679 2550 sic
2728 2508 2925 2569 agere,

625 2598 694 2650 ut
741 2588 811 2649 de
861 2588 998 2649 filiis
1045 2588 1170 2649 suis
1215 2585 1528 2647 uideretur
1573 2589 1851 2666 cogitare,
1898 2594 2071 2666 atque
2119 2585 2263 2648 adeo
2304 2589 2390 2648 sic
2443 2587 2759 2667 adgressus
2804 2596 2925 2649 est:

628 2686 1007 2748 ‘Prudentiae
1037 2695 1170 2747 tuae
1203 2703 1326 2746 rem
1365 2705 1421 2765 p.
1452 2684 1757 2746 tradimus.
1808 2684 1879 2746 da
1916 2687 2100 2764 igitur
2135 2685 2356 2747 liberos
2394 2694 2528 2748 tuos
2559 2686 2925 2748 Macrianum

628 2794 688 2846 et
724 2785 1020 2864 Quietum,
1069 2785 1421 2845 fortissimos
1468 2785 1736 2864 iuueneS,
1783 2782 1922 2844 olim
1970 2784 2240 2845 tribunos
2288 2805 2320 2846 a
2366 2784 2672 2846 Valeriano
2720 2785 2927 2864 sactoS,

627 2886 728 2964 qui
775 2883 1037 2945 Gallieno
1083 2885 1431 2962 imperante,
1478 2881 1633 2961 quod
1682 2881 1821 2943 boni
1869 2891 2026 2962 sunt,
2083 2881 2231 2943 salui
2285 2901 2417 2944 esse
2462 2901 2582 2944 non
2627 2881 2921 2963 possunt!
2956 2902 3015 2942 ss

625 2982 792 3042 Tunc
830 2981 930 3042 ille
968 2981 1070 3042 uhi
1107 2979 1475 3042 intellectum
1517 2999 1581 3041 se
1619 2999 1753 3042 esse
1790 2982 2086 3061 conperit:
2134 2977 2286 3062 ‘Do',
2326 2984 2537 3062 inquit,
2577 2979 2813 3043 ‘manus
2852 2981 2925 3043 de

626 3100 758 3141 meo
816 3078 1176 3160 stipendium
1233 3079 1408 3140 militi
1465 3078 1681 3159 duplex
1731 3078 2003 3141 daturus:
2058 3088 2123 3140 tu
2170 3088 2400 3141 tantum
2445 3080 2731 3160 praefecti
2778 3081 2929 3142 mihi

627 3178 890 3240 studium
939 3187 999 3239 et
1043 3197 1334 3240 annonam
1381 3181 1444 3239 in
1491 3179 1848 3239 necessariis
1896 3177 2043 3239 locis
2087 3177 2325 3258 praebe.
2403 3181 2523 3240 iam
2570 3197 2679 3258 ego
2726 3179 2927 3259 faxim,

625 3286 694 3338 ut
731 3275 1030 3338 Gallienus
1077 3275 1525 3338 sordidissimus
1574 3277 1927 3337 seminarum
1973 3279 2238 3339 omnium
2288 3275 2469 3338 duces
2516 3278 2611 3338 sui
2656 3279 2927 3356 parentis

626 3372 969 3455 intellegat.’
1038 3375 1250 3435 Factus
1289 3382 1381 3436 est
1415 3376 1600 3452 igitur
1639 3394 1773 3435 cum
1810 3375 2106 3436 Macriano
2154 3383 2215 3436 et
2250 3375 2464 3446 Quieto
2512 3373 2745 3436 duobus
2784 3374 2925 3436 filiis
2956 3391 3015 3431 ao

628 3476 859 3535 cunctis
907 3472 1194 3534 militibus
1241 3471 1580 3534 uolentibus
1630 3475 1951 3552 imperator
1998 3492 2066 3534 ac
2112 3476 2311 3534 statim
2350 3482 2553 3534 contra
2592 3472 2927 3535 Gallienum

630 3574 836 3633 uenire
884 3573 1078 3650 coepit
1123 3579 1442 3651 utcumque
1491 3571 1671 3632 rebus
1716 3573 1779 3631 in
1818 3571 2124 3632 Orientem
2174 3571 2477 3634 derelictis
2523 3571 2633 3634 sed
2668 3606 2757 3616 —
2788 3591 2929 3634 con·

629 3678 870 3750 gressus
917 3688 1051 3730 cum
1099 3669 1350 3729 Aureolo
1396 3671 1594 3730 uictus
1642 3677 1703 3730 et
1749 3689 1883 3730 cum
1932 3668 2053 3730 filio
2104 3672 2499 3750 interemptus
2546 3679 2655 3732 est.

811 3942 864 3997 1.
915 3943 1236 4014 quaerente
1274 3940 1332 3997 P
1496 3942 1552 3998 4.
1600 3938 1857 3998 balistae
1893 3941 1951 3998 P
2100 3943 2157 4000 5.
2204 3943 2473 4000 meonius
2520 3903 2799 4001 astianax
2836 3943 2897 4001 P

635 4032 731 4088 11.
778 4031 873 4088 tui
907 4029 966 4086 P
987 4047 1041 4087 a.
1072 4047 1116 4088 c.
1259 4032 1357 4089 19.
1398 4029 1671 4104 patribus
1709 4030 1766 4088 P
1898 4031 1998 4088 20.
2048 4030 2207 4088 facto
2234 4031 2293 4088 P
2313 4049 2367 4090 α.
2398 4049 2444 4090 c.
2585 4033 2688 4090 24.
2730 4033 2929 4092 fortis-

629 4121 778 4178 simo
815 4119 873 4177 P
894 4137 950 4176 a.
979 4137 1024 4177 c.
1209 4119 1308 4177 25.
1359 4121 1501 4194 quia
1538 4120 1596 4177 P
1773 4121 1873 4177 28.
1920 4119 2169 4194 praebet
2203 4121 2261 4178 P
2283 4139 2337 4179 a.
2367 4138 2414 4179 c.
