3234 5034
1032 341 1095 394 A.
1134 339 1556 396 CREMVTIVS
1594 339 1878 395 CORDVS
2522 339 2604 404 87

306 508 487 570 batur
535 526 765 569 summa
813 526 1095 568 cenarum
1144 507 1394 569 lautitia:
1440 526 1559 568 una
1606 514 1735 570 erat
1769 525 2172 586 murenarum,
2221 507 2404 568 altera
2442 507 2608 587 lupo·

306 625 461 686 rum,
508 608 686 668 tertia
734 608 905 668 mixti
950 607 1151 686 piscis
1197 605 1499 668 inclinatis
1546 608 1666 667 iam
1713 605 1944 668 scilicet
1977 605 2262 686 moribuS‚
2311 614 2377 667 ut
2413 615 2608 666 tamen

302 723 409 766 eos
456 705 761 785 praeferre
809 703 1091 766 Graeciae
1138 706 1318 766 etiam
1362 704 1733 784 philosophis
1778 706 2076 784 possimus
2086 751 2104 784 ,
2159 706 2211 767 si
2258 703 2499 784 quidem
2544 705 2608 765 in

304 803 645 865 Aristotelis
691 802 983 865 heredum
1028 805 1301 864 auctione
1348 804 1724 882 septuaginta
1769 805 2002 882 patinas
2049 805 2289 864 uenisse
2337 801 2608 864 traditur.

245 919 271 959 s
491 896 608 963 28.
665 903 909 964 Tertull.
950 905 1092 964 adu.
1137 903 1261 964 Val.
1299 902 1388 962 34
1434 901 1780 963 Pudiciores
1825 901 1926 963 alii
1973 935 2056 945 —
2104 901 2443 964 maluerunt
2479 901 2609 963 nul·

302 1001 429 1063 lum
498 1001 687 1081 Bytho
752 1019 963 1062 sexum
1030 999 1331 1080 deputare,
1398 1010 1458 1062 et
1523 1001 1773 1061 fortasse
1830 995 1974 1062 ‘hoc
2040 999 2216 1061 deum
2232 994 2248 1021 '
2301 1018 2420 1062 non
2481 996 2610 1061 ‘hic

308 1096 481 1162 deus'
531 1108 745 1162 neutro
792 1117 1012 1178 genere
1050 1100 1454 1179 pronuntiant.
1513 1098 1614 1160 alii
1670 1105 1874 1160 contra
1929 1100 2117 1180 magis
2173 1105 2234 1159 et
2277 1098 2608 1161 masculum

302 1205 365 1259 et
413 1197 695 1259 feminam
744 1191 966 1276 dicunt,
1006 1216 1081 1258 ne
1129 1197 1284 1276 apud
1331 1197 1487 1258 solos
1535 1196 1843 1259 Lunenses
1889 1197 2448 1284 Hermaphroditum
2486 1198 2608 1258 exi-

304 1297 515 1358 stimet
560 1295 861 1358 annalium
908 1302 1335 1358 commentator
1381 1294 1728 1358 Fenestella.

224 1411 277 1451 ιο
491 1388 584 1456 29
596 1394 657 1455 *.
709 1396 905 1456 Prisc.
950 1394 1112 1455 VIII
1140 1394 1228 1454 20
1251 1413 1321 1471 p.
1348 1393 1483 1455 386
1519 1395 1593 1455 Η.
1641 1393 1999 1455 Fenestella:
2047 1394 2390 1456 Frustratus
2428 1396 2610 1473 igitur

302 1512 335 1553 a
383 1511 511 1572 spe,
560 1492 834 1554 deuictus
880 1493 944 1552 iu
991 1499 1183 1553 castra
1232 1510 1295 1553 se
1344 1493 1585 1571 recepit.

1254 1670 1664 1731 EPITOMAE

2666 1775 2731 1823 76

488 1809 600 1877 30.
657 1814 853 1876 Diom.
886 1833 955 1892 p.
992 1815 1125 1875 365
1176 1815 1253 1875 K.
1293 1833 1323 1869 *
1366 1831 1513 1893 quae
1578 1813 1932 1892 significatio
1997 1812 2151 1892 apud
2216 1812 2605 1875 Fenestellam
2643 1847 2750 1914 fxv-s

301 1914 615 1974 inuenitur
659 1913 723 1973 in
770 1911 923 1973 libro
971 1913 1361 1991 epitomarum
1410 1910 1700 1973 secundo·
1749 1910 1936 1982 Quem
1986 1910 2058 1972 ad
2104 1911 2344 1972 modum
2393 1911 2610 1973 Caesar

303 2031 335 2072 a
382 2012 599 2091 piratis
646 2018 853 2090 captus
901 2012 981 2070 sit
1024 2018 1207 2089 utque
1254 2027 1355 2071 eos
1402 2011 1534 2089 ipse
1577 2016 1782 2088 postea
1830 2011 2058 2088 ceperit
2104 2018 2164 2070 et
2210 2008 2608 2073 decollauerit.

728 2297 813 2369 A.
870 2294 1336 2372 CREMVTII
1391 2293 1674 2368 CORDI
1729 2293 2186 2369 ANNALES

2661 2439 2730 2485 43

225 2501 275 2542 15
492 2471 557 2539 1.
607 2477 818 2538 Senec.
854 2493 1013 2536 suas.
1054 2475 1113 2550 6,
1154 2475 1240 2535 19
1286 2473 1625 2536 Cremutius
1673 2473 1902 2536 Cordus
1957 2482 2016 2535 et
2071 2476 2198 2555 ipse
2245 2476 2327 2535 ait
2371 2473 2606 2535 Cicero·
2645 2507 2752 2575 :ffi-

304 2595 443 2638 nem
488 2593 694 2636 secum
742 2575 1050 2653 cogitasse,
1095 2581 1377 2634 utrumne
1422 2573 1674 2635 Brutum
1721 2591 1794 2634 an
1842 2572 2113 2634 Cassium
2151 2591 2224 2633 an
2265 2571 2397 2634 Sex.
2435 2571 2604 2634 Pom-

303 2676 508 2753 peium
554 2680 803 2753 peteret,
848 2669 1021 2752 (set)
1068 2673 1263 2732 omnia
1310 2670 1397 2730 illi
1446 2669 1820 2750 displicuisse
1857 2678 2096 2751 praeter
2140 2679 2418 2732 mortem:
2466 2658 2606 2732 Cre·

488 2880 588 2937 28.
627 2881 751 2936 Via.
782 2897 825 2935 c.
860 2883 894 2933 7
930 2879 1133 2950 Hunc[
1149 2880 1667 2934 Valentinianorum
1693 2878 1876 2951 deum]
1897 2877 2348 2933 substantialiter
2376 2877 2606 2947 qnidam

306 2953 503 3009 Αἰῶνα
556 2949 781 3008 'Ibi-stov
827 2965 901 3022 ap
902 2879 1144 3020 pellenti,
1191 2948 1594 3075 personaliter·
1610 2965 1745 3004 uero
1791 2949 2098 3032 Προαρχήν
2145 2951 2204 3005 et
2244 2949 2362 3019 Τὴν
2409 2948 2606 3020 ἀρχήν,

305 3025 484 3080 etiam
522 3025 567 3078 B
674 3041 765 3091 on,
802 2970 956 3092 quod
990 3023 1051 3076 in
1089 3021 1193 3076 sub
1216 3020 1425 3076 imibus
1462 3020 1751 3076 habitanti
1787 3021 2019 3076 minime
2057 3021 2416 3092 congruebat.
2456 3022 2604 3076 Iren.

302 3099 349 3152 I
378 3103 432 3164 5,
462 3101 499 3151 3
602 3067 797 3150 uidau'n
843 3093 991 3148 enim
1040 3093 1160 3148 sine
1206 3092 1451 3218 coniugii
1448 3091 1605 3216 tionis
1620 3092 2262 3220 31³}ganta]{1118}inizigigpgluee¹⁵
2296 3092 2606 3218 Ξὲἓὲἓίξὲ

306 3139 840 3295 ggci'ktenifiealtnnmgdxiln
856 3181 1075 3292 11ᾶίοὲΞῇ
1085 3180 1758 3306 οὲἓὲἐῗῗιθτιιιῖΐὶιῐοᾱίὓί
1773 3236 2024 3308 genesim
2061 3236 2114 3290 ei
2152 3236 2380 3290 donant.

494 3457 548 3512 1.
596 3471 883 3532 generum
909 3452 970 3511 B
1016 3469 1304 3529 genarum
1343 3469 1378 3518 ς
1426 3468 1744 3509 coenarum
1780 3451 1940 3526 wuly.

489 3536 605 3612 28,
655 3543 711 3602 6.
761 3542 970 3618 bythio
1010 3539 1251 3600 Vindob.
1287 3540 1459 3600 Leia.
1488 3540 1573 3599 ed.
1607 3539 1878 3614 Ganynei
1907 3539 2136 3600 Gelem‘i
2262 3542 2330 3598 ut
2359 3571 2442 3581 —
2473 3558 2604 3615 pro-

308 3633 594 3692 nuncient
638 3632 764 3692 edd.
792 3631 1085 3708 quaedam
1260 3626 1405 3705 non]
1454 3649 1561 3689 nec
1601 3629 1843 3690 vindob.

492 3715 610 3800 29,
663 3723 761 3781 10.
807 3719 1093 3780 finistella.
1122 3751 1205 3760 —
1238 3720 1453 3795 recipit
1494 3719 1760 3778 Karolin.
1789 3718 2050 3793 Sanyall.
2079 3719 2274 3793 Luyd.

490 3803 1115 3889 30,1·2.Imercidit
1161 3809 1464 3880 explicatio
1510 3808 1678 3868 uerbi
1722 3809 2048 3868 decollandi
2085 3800 2367 3888 (ueteres
2414 3811 2607 3867 securi

308 3919 513 3961 caesos
566 3891 899 3980 dicebant')
945 3916 1103 3974 quae
1158 3897 1517 3974 significatio
1572 3897 1735 3972 apud
1787 3897 1850 3954 F.
1900 3897 2076 3956 aliter
2129 3896 2434 3957 inuenitur
2478 3897 2604 3958 edel.

306 3991 571 4064 interpoz.
730 3989 831 4048 13.
879 3989 1275 4063 epitometum
1322 3987 1447 4046 edd.
1618 3988 1716 4044 14.
1768 3989 1953 4062 utque
1989 3987 2128 4046 Par.
2150 3987 2197 4045 I
2216 3987 2382 4046 Mon.
2421 3991 2604 4063 atque

307 4081 447 4140 Par.
470 4079 556 4137 II
692 4079 823 4154 ipse
868 4094 977 4136 om.
1004 4077 1144 4136 Par.
1165 4076 1251 4134 II
1272 4077 1439 4135 Mon.
1612 4077 1877 4150 caeperit
1904 4076 2068 4135 Mon.
2117 4078 2380 4152 coeperit
2405 4077 2545 4136 Par.
2567 4076 2614 4134 I

308 4173 371 4228 et
414 4185 525 4228 om,
554 4169 724 4228 Mon.

491 4249 561 4337 l,
613 4258 713 4315 16.
761 4276 891 4315 cum
942 4257 1265 4333 cogitasset
1298 4253 1458 4314 codd.
1490 4272 1591 4312 em.
1628 4253 1699 4313 G.
1726 4254 1982 4314 Mueller
2181 4257 2281 4314 17.
2329 4258 2420 4314 set
2466 4255 2601 4314 add.

312 4348 384 4408 G.
414 4347 671 4408 Mueller
841 4344 949 4403 illa
984 4343 1225 4420 Αθιία.)
1254 4336 1435 4419 D¹(e’.
1467 4363 1512 4403 e.
1541 4344 1732 4403 Brux.
1753 4343 1859 4418 ΙΙ)
