3234 5034
542 883 611 932 44

526 974 629 1022 Ι710

492 2414 557 2468 fr.
590 2422 622 2468 4

670 303 760 369 46
1426 303 1486 360 1..
1526 301 1932 359 CORNELIVS
1969 303 2252 360 BALBVS

659 465 995 553 Ῥωμαίων
1038 470 1372 545 πολιτείας
1426 469 1922 554 συγγράμματι,
1977 467 2014 534 ὃ
2069 476 2149 554 τῇ
2196 471 2450 556 πατρίῳ
2503 467 2694 554 ἡμῶν
2739 467 2964 554 γέγρα-

666 588 823 632 πται
870 577 1082 653 φωνῇ.

1269 731 1349 804 L.
1406 729 1941 805 CORNELIVS
2005 730 2375 804 BALBVS

854 903 918 972 l.
986 911 1149 972 Suet.
1206 911 1371 971 Caes.
1410 909 1494 971 81
1571 910 1688 971 Sed
1752 908 1991 972 Caesari
2055 911 2254 971 futura
2319 909 2530 971 caedes
2595 910 2968 973 euidentibus

664 1007 955 1086 prodigiis
1022 1007 1363 1069 denuntiata
1428 1016 1535 1069 est.
1618 1027 1840 1088 paucos
1901 1016 2037 1069 ante
2095 1027 2361 1087 menses,
2426 1028 2563 1071 cum
2621 1010 2686 1069 in
2747 1008 2968 1070 colonia

668 1103 865 1185 Capua
920 1104 1159 1167 deducti
1213 1104 1343 1185 lege
1389 1105 1536 1168 Iulia
1583 1104 1779 1167 coloni
1825 1105 1896 1168 ad
1944 1105 2301 1168 extruendas
2344 1105 2520 1168 uillas
2566 1108 2967 1169 uetustissima
2995 1121 3018 1160 ⁵

670 1203 985 1283 sepulchra
1034 1203 1358 1265 disicerent
1401 1204 1579 1284 idque
1619 1223 1690 1265 eo
1727 1204 2052 1266 studiosius
2091 1206 2373 1285 facerent,
2411 1203 2568 1284 quod
2608 1204 2970 1285 aliquantum

668 1300 1049 1362 uasculorum
1095 1304 1293 1382 operis
1342 1304 1572 1382 antiqui
1620 1311 1956 1364 scrutantes
2003 1301 2400 1383 reperiebant,
2447 1301 2646 1364 tabula
2694 1321 2876 1365 aenea
2911 1306 2970 1363 in

664 1401 1058 1479 monimento,
1122 1403 1188 1461 in
1251 1421 1367 1480 quo
1436 1400 1746 1462 dicebatur
1799 1400 1988 1480 Capys
2053 1402 2324 1462 conditor
2385 1399 2620 1480 Capuae
2685 1401 2971 1482 sepultuS‚

663 1499 907 1560 inuenta
963 1507 1079 1579 est,
1135 1501 1471 1579 conscripta
1528 1499 1745 1561 litteris
1798 1498 2122 1579 uerbisque
2178 1500 2420 1561 Graecis
2475 1499 2586 1560 hac
2651 1503 2970 1561 sententia:

663 1596 1017 1677 quandoque
1082 1617 1215 1658 ossa
1273 1597 1484 1678 Capyis
1550 1597 1782 1659 detecta
1847 1605 2073 1678 essent,
2136 1599 2260 1660 fore
2327 1605 2397 1660 ut
2452 1597 2579 1659 lulo
2645 1607 2968 1679 prognatus
2995 1613 3041 1652 ιο

662 1714 841 1756 manu
889 1697 1465 1774 consanguineorum
1512 1704 1830 1758 necaretur
1878 1699 2228 1776 magnisque
2273 1715 2410 1758 mox
2454 1694 2656 1757 ltaliae
2703 1696 2968 1758 cladibus

662 1791 1087 1855 uindicaretur.
1136 1797 1306 1854 cuius
1345 1797 1451 1875 rei,
1487 1813 1563 1856 ne
1602 1797 1738 1875 quis
1776 1794 2098 1856 fabulosam
2139 1803 2241 1856 aut
2277 1795 2754 1856 commenticiam
2789 1803 2968 1876 putet,

662 1898 871 1953 auctor
916 1901 1009 1954 est
1055 1891 1367 1954 Cornelius
1414 1891 1651 1973 Balbus,
1699 1892 2200 1955 familiarissimus
2245 1893 2534 1955 Caesaris.

1638 2089 1712 2164 C.
1768 2090 1984 2164 OPPI

1231 2233 1340 2293 DE
1388 2233 1585 2294 VITA
1631 2235 1949 2295 Pmoms
1995 2235 2387 2295 AFRICANI

846 2386 909 2456 l.
966 2393 1201 2455 Charis.
1232 2393 1273 2453 I
1287 2413 1356 2471 p.
1391 2393 1521 2454 147
1550 2396 1626 2456 K.
1673 2392 1902 2474 Oppius
1941 2429 2045 2475 —,
2081 2393 2240 2456 idem
2282 2393 2355 2455 dc
2392 2396 2516 2455 uita
2553 2397 2776 2475 prioris
2811 2395 2961 2455 Arri-

663 2494 823 2552 cani:
870 2489 1188 2570 ‘Opinante
1234 2488 1478 2567 uulyu’.
1735 2539 1741 2546 .
2985 2513 3032 2554 ιε

842 2583 907 2652 2.
971 2591 1115 2652 Gell.
1159 2590 1248 2650 VI
1278 2591 1336 2667 1,
1367 2591 1405 2650 1
1472 2589 1644 2662 Quod
1699 2591 1771 2652 de
1819 2590 2187 2672 Olympiade,
2241 2591 2496 2671 Philippi
2555 2593 2715 2671 regis
2761 2609 2958 2670 uxore,

661 2686 978 2749 Alexandri
1022 2695 1230 2767 matre,
1274 2689 1339 2748 in
1386 2688 1634 2751 historia
1671 2689 1895 2752 Graeca
1933 2692 2222 2770 scriptum
2260 2699 2369 2771 cst⁷
2414 2690 2476 2751 id
2515 2690 2587 2751 de
2622 2689 2686 2750 P.
2726 2708 2958 2770 quoquc

661 2785 956 2866 Scipionis
1018 2793 1235 2866 matre,
1299 2787 1401 2866 qui
1465 2789 1632 2867 prior
1694 2789 2006 2850 Africanus
2070 2787 2396 2869 appellatus
2459 2794 2576 2868 cst,
2639 2789 2958 2850 memoriae

661 2883 861 2946 datum
918 2892 1023 2945 est.
1098 2903 1237 2946 nam
1291 2893 1353 2947 et
1397 2883 1460 2946 C.
1498 2884 1728 2965 Oppius
1784 2893 1844 2948 et
1889 2886 2076 2948 lulius
2119 2886 2387 2967 Hyginus
2444 2885 2688 2966 aliique,
2734 2887 2840 2966 qui
2887 2886 2955 2946 de

657 2984 783 3044 uita
836 2991 898 3044 et
949 2980 1129 3044 rebus
1182 2982 1444 3044 Africani
1502 2987 1899 3065 scripserunt,
1955 2993 2203 3046 matrem
2271 2987 2401 3046 eius
2451 2983 2798 3062 [Africani]
2859 2983 2955 3045 diu
2980 3002 3032 3042 ιο

658 3080 922 3142 sterilem
959 3081 1350 3142 existimatam
1390 3081 1649 3162 tradunt,
1683 3083 1746 3144 P.
1777 3101 2013 3164 quoque
2051 3083 2408 3164 Scipionem,
2445 3101 2583 3144 cum
2621 3100 2738 3162 quo
2775 3089 2954 3163 nupta

838 3271 897 3343 1,
928 3275 976 3325 3.
1016 3271 1099 3338 Of.
1120 3271 1274 3327 Seru.
1297 3279 1491 3328 auctus
1518 3271 1595 3327 ad
1627 3275 1778 3344 Ver-9.
1799 3274 1938 3328 Aen.
1960 3274 2038 3328 II
2057 3277 2132 3328 35
2167 3271 2284 3326 Alii
2311 3272 2462 3328 hunc
2489 3271 2686 3343 Capyn
2715 3272 2956 3328 adfinem

657 3343 881 3398 Aeneae
916 3341 1178 3410 tradunt,
1214 3345 1277 3398 et
1310 3343 1439 3398 ideo
1476 3344 1531 3398 ei
1577 3344 1650 3399 ab
1689 3347 1882 3399 Aenea
1927 3344 2052 3400 dari
2099 3344 2240 3400 recti
2287 3343 2512 3400 consilii
2555 3342 2953 3415 principatum.

656 3413 751 3468 hic
788 3419 876 3468 est
911 3413 1011 3483 qui
1038 3412 1289 3483 Capuam
1327 3415 1599 3471 condidit.
1655 3415 1753 3470 sed
1790 3416 1898 3471 hoc
1923 3419 2056 3485 post
2081 3414 2263 3470 multa,
2291 3413 2521 3470 saecula
2548 3413 2772 3470 claruit.
2821 3432 2954 3469 nam

657 3484 745 3538 hi·
782 3484 1157 3568 temporibus,
1195 3485 1403 3555 quibus
1441 3485 1649 3541 Caesar
1684 3485 1868 3541 occidi
1904 3486 2133 3557 habuit,
2172 3486 2400 3558 Capuae
2436 3487 2710 3542 iuuencae
2749 3502 2958 3542 aeneae

656 3554 867 3611 dicitur
900 3555 1236 3626 inscriptum
1271 3556 1447 3612 fuisse
1482 3557 1665 3613 isdem
1701 3557 2052 3628 temporibus
2087 3575 2264 3612 unum
2301 3559 2372 3614 de
2409 3573 2614 3628 genere
2653 3557 2958 3613 conditoris

700 3627 988 3683 oriturum.

657 3645 697 3698 p
836 3698 894 3756 2.
922 3698 981 3755 8.
1012 3699 1269 3754 Eandem
1294 3702 1505 3782 famam
1530 3707 1746 3756 secutus
1772 3708 1852 3758 est
1868 3701 2077 3756 Liuius
2099 3702 2319 3756 XXVI
2339 3706 2411 3756 19
2437 3699 2572 3755 Fuit
2597 3701 2750 3756 enim
2771 3701 2956 3784 Scipio

654 3788 767 3827 non
806 3771 955 3826 ueri·
992 3773 1215 3826 tantum
1252 3771 1559 3828 uirtutibus
1595 3771 1894 3842 mirabilis,
1932 3771 2033 3827 sed
2071 3776 2191 3828 arte
2229 3788 2452 3842 quoque
2489 3771 2740 3841 quadam
2769 3772 2842 3827 ab
2871 3789 2956 3827 iu-

654 3845 831 3898 uento
864 3841 925 3896 in
964 3841 1401 3898 ostentationem
1436 3861 1630 3898 earum
1659 3843 2020 3914 compositus,
2045 3845 2321 3927 pleraque
2348 3843 2504 3914 apud
2530 3843 2956 3898 multitudinem

656 3918 757 3969 aut
790 3930 893 3986 per
928 3917 1231 3969 nocturnas
1258 3916 1411 3970 uisos
1440 3915 1658 3986 species
1685 3919 1786 3970 out
1813 3915 1974 3972 uelut
2001 3915 2278 3970 diuinitus
2303 3917 2492 3971 mente
2518 3915 2738 3970 monita.
2765 3931 2954 3986 agens,

656 3985 778 4041 siue
816 3989 875 4040 et
909 3985 1032 4056 ipse
1070 3985 1223 4056 capti
1261 3987 1508 4056 quadam
1546 3987 1947 4070 superstitione
1985 3986 2185 4057 animi,
2237 3987 2360 4044 siue
2396 3991 2463 4042 ut
2499 3985 2740 4057 imperia
2777 3987 2954 4042 consi·

654 4057 847 4126 linque
892 4057 1053 4113 uelut
1096 4061 1247 4112 sorte
1294 4057 1507 4113 oraculi
1552 4073 1726 4113 missa
1775 4059 1896 4114 sine
1953 4059 2313 4114 cunctatione
2363 4061 2818 4128 exsequerentur.
2883 4058 2952 4112 ad

654 4129 763 4185 hoc
815 4128 933 4184 iam
988 4128 1123 4183 inde
1174 4129 1248 4184 ab
1302 4128 1469 4184 initio
1513 4147 1860 4200 praeparans
1913 4129 2160 4200 animos,
2205 4146 2276 4185 cx
2321 4147 2434 4198 quo
2479 4133 2676 4200 togam
2729 4129 2956 4186 uirilem

835 4309 902 4396 l,
954 4317 1057 4376 15.
1102 4315 1295 4394 uuigu
1331 4334 1441 4376 om.
1468 4318 1591 4377 cod.
1620 4318 1756 4378 add.
1787 4317 2138 4378 Bondamus
