<?xml version="1.0" encoding="UTF-8"?>
<!DOCTYPE html PUBLIC "-//W3C//DTD XHTML 1.0 Transitional//EN"
    "http://www.w3.org/TR/xhtml1/DTD/xhtml1-transitional.dtd">
<html xmlns="http://www.w3.org/1999/xhtml" xml:lang="en" lang="en">
 <head>
  <title>
</title>
<meta http-equiv="Content-Type" content="text/html;charset=utf-8" />
  <meta name='ocr-system' content='tesseract 3.04.00' />
  <meta name='ocr-capabilities' content='ocr_page ocr_carea ocr_par ocr_line ocrx_word'/>
</head>
<body>
  <div class='ocr_page' id='page_1' title='image "./historicorvmrom00petegoog_0345.png"; bbox 0 0 3234 5034; ppageno 0'>
   <div class='ocr_carea' id='block_1_1' title="bbox 33 2619 37 3555">
    <p class='ocr_par' dir='ltr' id='par_1_1' title="bbox 33 2619 37 3555">
     <span class='ocr_line' id='line_1_1' title="bbox 33 2619 37 3555; baseline 0 0"><span class='ocrx_word' id='word_1_1' title='bbox 33 2619 37 3555; x_wconf 95' lang='lat' dir='ltr'><strong> </strong></span> 
     </span>
    </p>
   </div>
   <div class='ocr_carea' id='block_1_2' title="bbox 639 308 2043 377">
    <p class='ocr_par' dir='ltr' id='par_1_2' title="bbox 639 308 2043 377">
     <span class='ocr_line' id='line_1_2' title="bbox 639 308 2043 377; baseline -0.011 0"><span class='ocrx_word' id='word_1_2' title='bbox 639 311 766 377; x_wconf 82' lang='lat'><strong>124</strong></span> <span class='ocrx_word' id='word_1_3' title='bbox 1520 309 1733 364; x_wconf 82' lang='lat' dir='ltr'>MARH</span> <span class='ocrx_word' id='word_1_4' title='bbox 1773 308 2043 364; x_wconf 77' lang='lat' dir='ltr'>MAXIMI</span> 
     </span>
    </p>
   </div>
   <div class='ocr_carea' id='block_1_3' title="bbox 629 471 2934 657">
    <p class='ocr_par' dir='ltr' id='par_1_3' title="bbox 629 471 2934 657">
     <span class='ocr_line' id='line_1_3' title="bbox 630 471 2933 560; baseline -0.003 -19"><span class='ocrx_word' id='word_1_5' title='bbox 630 480 744 541; x_wconf 90' lang='lat' dir='ltr'><strong>hoc</strong></span> <span class='ocrx_word' id='word_1_6' title='bbox 789 479 1124 560; x_wconf 84' lang='lat' dir='ltr'><strong>exemplum</strong></span> <span class='ocrx_word' id='word_1_7' title='bbox 1173 485 1290 540; x_wconf 89' lang='lat' dir='ltr'><strong>est:</strong></span> <span class='ocrx_word' id='word_1_8' title='bbox 1323 513 1404 520; x_wconf 97' lang='lat'><strong>—</strong></span> <span class='ocrx_word' id='word_1_9' title='bbox 1434 477 1586 538; x_wconf 86' lang='lat' dir='ltr'><strong>Hinc</strong></span> <span class='ocrx_word' id='word_1_10' title='bbox 1635 484 1832 539; x_wconf 91' lang='lat' dir='ltr'><strong>autem</strong></span> <span class='ocrx_word' id='word_1_11' title='bbox 1879 484 2125 558; x_wconf 91' lang='lat' dir='ltr'><strong>apparet</strong></span> <span class='ocrx_word' id='word_1_12' title='bbox 2160 476 2499 538; x_wconf 77' lang='lat' dir='ltr'><strong>Faustinam</strong></span> <span class='ocrx_word' id='word_1_13' title='bbox 2548 476 2662 536; x_wconf 91' lang='lat' dir='ltr'><strong>ista</strong></span> <span class='ocrx_word' id='word_1_14' title='bbox 2710 471 2933 552; x_wconf 80' lang='lat' dir='ltr'><strong>[rebel-</strong></span> 
     </span>
     <span class='ocr_line' id='line_1_4' title="bbox 629 573 2934 657; baseline -0.004 -16"><span class='ocrx_word' id='word_1_15' title='bbox 629 582 850 641; x_wconf 79' lang='lat' dir='ltr'><strong>lionem</strong></span> <span class='ocrx_word' id='word_1_16' title='bbox 887 577 1128 656; x_wconf 76' lang='lat' dir='ltr'><strong>Auidii]</strong></span> <span class='ocrx_word' id='word_1_17' title='bbox 1178 577 1460 657; x_wconf 78' lang='lat' dir='ltr'><strong>nescisse,</strong></span> <span class='ocrx_word' id='word_1_18' title='bbox 1507 595 1644 638; x_wconf 90' lang='lat' dir='ltr'><strong>cum</strong></span> <span class='ocrx_word' id='word_1_19' title='bbox 1695 575 1853 636; x_wconf 86' lang='lat' dir='ltr'><strong>dicat</strong></span> <span class='ocrx_word' id='word_1_20' title='bbox 1897 574 2136 656; x_wconf 86' lang='lat' dir='ltr'><strong>Marius,</strong></span> <span class='ocrx_word' id='word_1_21' title='bbox 2184 575 2457 636; x_wconf 81' lang='lat' dir='ltr'><strong>infamari</strong></span> <span class='ocrx_word' id='word_1_22' title='bbox 2495 590 2627 634; x_wconf 91' lang='lat' dir='ltr'><strong>eam</strong></span> <span class='ocrx_word' id='word_1_23' title='bbox 2666 573 2934 652; x_wconf 85' lang='lat' dir='ltr'><strong>cupiens,</strong></span> 
     </span>
    </p>
   </div>
   <div class='ocr_carea' id='block_1_4' title="bbox 491 675 2259 796">
    <p class='ocr_par' dir='ltr' id='par_1_4' title="bbox 491 675 2259 796">
     <span class='ocr_line' id='line_1_5' title="bbox 491 675 2259 796; baseline -0.003 -57"><span class='ocrx_word' id='word_1_24' title='bbox 491 747 592 796; x_wconf 79' lang='lat'><strong>175</strong></span> <span class='ocrx_word' id='word_1_25' title='bbox 630 676 790 757; x_wconf 88' lang='lat' dir='ltr'><strong>quod</strong></span> <span class='ocrx_word' id='word_1_26' title='bbox 836 695 906 738; x_wconf 87' lang='lat' dir='ltr'><strong>ea</strong></span> <span class='ocrx_word' id='word_1_27' title='bbox 951 677 1189 738; x_wconf 85' lang='lat' dir='ltr'><strong>conscia</strong></span> <span class='ocrx_word' id='word_1_28' title='bbox 1235 675 1476 737; x_wconf 79' lang='lat' dir='ltr'><strong>Cassius</strong></span> <span class='ocrx_word' id='word_1_29' title='bbox 1521 676 1841 755; x_wconf 88' lang='lat' dir='ltr'><strong>imperium</strong></span> <span class='ocrx_word' id='word_1_30' title='bbox 1890 676 2259 755; x_wconf 78' lang='lat' dir='ltr'><strong>sumpsisset.</strong></span> 
     </span>
    </p>
   </div>
   <div class='ocr_carea' id='block_1_5' title="bbox 488 768 2935 886">
    <p class='ocr_par' dir='ltr' id='par_1_5' title="bbox 488 768 2935 886">
     <span class='ocr_line' id='line_1_6' title="bbox 488 768 2935 886; baseline -0.001 -53"><span class='ocrx_word' id='word_1_31' title='bbox 488 817 592 886; x_wconf 56' lang='grc' dir='ltr'><strong>δῇ</strong></span> <span class='ocrx_word' id='word_1_32' title='bbox 813 769 926 840; x_wconf 80' lang='grc'><strong>13.</strong></span> <span class='ocrx_word' id='word_1_33' title='bbox 982 789 1078 836; x_wconf 80' lang='lat' dir='ltr'><strong>Ex</strong></span> <span class='ocrx_word' id='word_1_34' title='bbox 1116 787 1326 836; x_wconf 69' lang='lat' dir='ltr'><strong>Lumo</strong></span> <span class='ocrx_word' id='word_1_35' title='bbox 1365 787 1416 834; x_wconf 91' lang='lat'><strong>11</strong></span> <span class='ocrx_word' id='word_1_36' title='bbox 1471 775 1663 852; x_wconf 79' lang='lat' dir='ltr'><strong>Capit.</strong></span> <span class='ocrx_word' id='word_1_37' title='bbox 1704 773 1902 834; x_wconf 80' lang='lat' dir='ltr'><strong>Marc.</strong></span> <span class='ocrx_word' id='word_1_38' title='bbox 1940 772 2047 850; x_wconf 83' lang='lat'><strong>25,</strong></span> <span class='ocrx_word' id='word_1_39' title='bbox 2084 771 2129 833; x_wconf 89' lang='grc'><em>8</em></span> <span class='ocrx_word' id='word_1_40' title='bbox 2193 771 2429 852; x_wconf 79' lang='lat' dir='ltr'><strong>lgnouit</strong></span> <span class='ocrx_word' id='word_1_41' title='bbox 2492 768 2805 850; x_wconf 79' lang='lat' dir='ltr'><strong>[Marcus]</strong></span> <span class='ocrx_word' id='word_1_42' title='bbox 2874 776 2935 829; x_wconf 82' lang='lat' dir='ltr'><strong>et</strong></span> 
     </span>
    </p>
   </div>
   <div class='ocr_carea' id='block_1_6' title="bbox 483 865 3006 2824">
    <p class='ocr_par' dir='ltr' id='par_1_6' title="bbox 483 865 3006 2824">
     <span class='ocr_line' id='line_1_7' title="bbox 630 865 3006 954; baseline -0 -19"><span class='ocrx_word' id='word_1_43' title='bbox 630 873 1001 954; x_wconf 85' lang='lat' dir='ltr'><strong>ciuitatibus,</strong></span> <span class='ocrx_word' id='word_1_44' title='bbox 1057 891 1209 954; x_wconf 88' lang='lat' dir='ltr'><strong>quae</strong></span> <span class='ocrx_word' id='word_1_45' title='bbox 1264 872 1468 934; x_wconf 88' lang='lat' dir='ltr'><strong>Cassio</strong></span> <span class='ocrx_word' id='word_1_46' title='bbox 1526 877 1979 952; x_wconf 79' lang='lat' dir='ltr'><strong>consenserant,</strong></span> <span class='ocrx_word' id='word_1_47' title='bbox 2034 872 2267 951; x_wconf 78' lang='lat' dir='ltr'><strong>ignouit</strong></span> <span class='ocrx_word' id='word_1_48' title='bbox 2312 877 2373 930; x_wconf 91' lang='lat' dir='ltr'><strong>et</strong></span> <span class='ocrx_word' id='word_1_49' title='bbox 2412 865 2933 946; x_wconf 80' lang='lat' dir='ltr'><strong>Antiochensibus,</strong></span> <span class='ocrx_word' id='word_1_50' title='bbox 2984 895 3006 934; x_wconf 69' lang='grc' dir='ltr'><strong>ε</strong></span> 
     </span>
     <span class='ocr_line' id='line_1_8' title="bbox 628 964 2931 1052; baseline -0.003 -18"><span class='ocrx_word' id='word_1_51' title='bbox 628 974 732 1052; x_wconf 90' lang='lat' dir='ltr'><strong>qui</strong></span> <span class='ocrx_word' id='word_1_52' title='bbox 787 971 972 1035; x_wconf 90' lang='lat' dir='ltr'><strong>multa</strong></span> <span class='ocrx_word' id='word_1_53' title='bbox 1029 975 1092 1033; x_wconf 88' lang='lat' dir='ltr'><strong>in</strong></span> <span class='ocrx_word' id='word_1_54' title='bbox 1146 971 1411 1034; x_wconf 87' lang='lat' dir='ltr'><strong>Marcum</strong></span> <span class='ocrx_word' id='word_1_55' title='bbox 1464 989 1573 1050; x_wconf 92' lang='lat' dir='ltr'><strong>pro</strong></span> <span class='ocrx_word' id='word_1_56' title='bbox 1630 969 1834 1032; x_wconf 89' lang='lat' dir='ltr'><strong>Cassio</strong></span> <span class='ocrx_word' id='word_1_57' title='bbox 1882 968 2178 1049; x_wconf 83' lang='lat' dir='ltr'><strong>dixerant,</strong></span> <span class='ocrx_word' id='word_1_58' title='bbox 2225 967 2441 1049; x_wconf 87' lang='lat' dir='ltr'><strong>quibus</strong></span> <span class='ocrx_word' id='word_1_59' title='bbox 2487 974 2548 1028; x_wconf 92' lang='lat' dir='ltr'><strong>et</strong></span> <span class='ocrx_word' id='word_1_60' title='bbox 2590 964 2931 1047; x_wconf 85' lang='lat' dir='ltr'><strong>spectacula</strong></span> 
     </span>
     <span class='ocr_line' id='line_1_9' title="bbox 629 1068 2931 1151; baseline -0.003 -20"><span class='ocrx_word' id='word_1_61' title='bbox 629 1077 690 1132; x_wconf 88' lang='lat' dir='ltr'><strong>et</strong></span> <span class='ocrx_word' id='word_1_62' title='bbox 735 1078 1066 1133; x_wconf 90' lang='lat' dir='ltr'><strong>conuentus</strong></span> <span class='ocrx_word' id='word_1_63' title='bbox 1113 1069 1384 1151; x_wconf 87' lang='lat' dir='ltr'><strong>publicos</strong></span> <span class='ocrx_word' id='word_1_64' title='bbox 1431 1068 1651 1131; x_wconf 92' lang='lat' dir='ltr'><strong>tulerat</strong></span> <span class='ocrx_word' id='word_1_65' title='bbox 1695 1075 1757 1130; x_wconf 93' lang='lat' dir='ltr'><strong>et</strong></span> <span class='ocrx_word' id='word_1_66' title='bbox 1793 1069 2059 1129; x_wconf 89' lang='lat' dir='ltr'><strong>omnium</strong></span> <span class='ocrx_word' id='word_1_67' title='bbox 2097 1069 2441 1129; x_wconf 88' lang='lat' dir='ltr'><strong>contionum</strong></span> <span class='ocrx_word' id='word_1_68' title='bbox 2480 1083 2686 1146; x_wconf 82' lang='lat' dir='ltr'><strong>genus,</strong></span> <span class='ocrx_word' id='word_1_69' title='bbox 2724 1072 2931 1125; x_wconf 85' lang='lat' dir='ltr'><strong>contra</strong></span> 
     </span>
     <span class='ocr_line' id='line_1_10' title="bbox 628 1165 2931 1250; baseline -0.003 -19"><span class='ocrx_word' id='word_1_70' title='bbox 628 1188 776 1250; x_wconf 87' lang='lat' dir='ltr'><strong>quos</strong></span> <span class='ocrx_word' id='word_1_71' title='bbox 833 1168 1092 1231; x_wconf 92' lang='lat' dir='ltr'><strong>edictum</strong></span> <span class='ocrx_word' id='word_1_72' title='bbox 1141 1170 1561 1248; x_wconf 81' lang='lat' dir='ltr'><strong>grauissimum</strong></span> <span class='ocrx_word' id='word_1_73' title='bbox 1609 1169 1789 1228; x_wconf 86' lang='lat' dir='ltr'><strong>misit.</strong></span> <span class='ocrx_word' id='word_1_74' title='bbox 1870 1165 2186 1228; x_wconf 84' lang='lat' dir='ltr'><strong>seditiosos</strong></span> <span class='ocrx_word' id='word_1_75' title='bbox 2232 1172 2429 1228; x_wconf 83' lang='lat' dir='ltr'><strong>autem</strong></span> <span class='ocrx_word' id='word_1_76' title='bbox 2485 1182 2587 1226; x_wconf 91' lang='lat' dir='ltr'><strong>eos</strong></span> <span class='ocrx_word' id='word_1_77' title='bbox 2634 1170 2695 1225; x_wconf 93' lang='lat' dir='ltr'><strong>et</strong></span> <span class='ocrx_word' id='word_1_78' title='bbox 2740 1165 2931 1225; x_wconf 89' lang='lat' dir='ltr'><strong>oratio</strong></span> 
     </span>
     <span class='ocr_line' id='line_1_11' title="bbox 625 1262 2929 1348; baseline -0.003 -19"><span class='ocrx_word' id='word_1_79' title='bbox 625 1267 809 1330; x_wconf 82' lang='lat' dir='ltr'><strong>Marci</strong></span> <span class='ocrx_word' id='word_1_80' title='bbox 855 1267 1096 1348; x_wconf 87' lang='lat' dir='ltr'><strong>indicat,</strong></span> <span class='ocrx_word' id='word_1_81' title='bbox 1134 1267 1322 1329; x_wconf 90' lang='lat' dir='ltr'><strong>indita</strong></span> <span class='ocrx_word' id='word_1_82' title='bbox 1357 1265 1542 1328; x_wconf 82' lang='lat' dir='ltr'><strong>Mario</strong></span> <span class='ocrx_word' id='word_1_83' title='bbox 1580 1264 1852 1345; x_wconf 83' lang='lat' dir='ltr'><strong>Maximo,</strong></span> <span class='ocrx_word' id='word_1_84' title='bbox 1890 1283 2005 1344; x_wconf 86' lang='lat' dir='ltr'><strong>qua</strong></span> <span class='ocrx_word' id='word_1_85' title='bbox 2044 1263 2143 1326; x_wconf 91' lang='lat' dir='ltr'><strong>ille</strong></span> <span class='ocrx_word' id='word_1_86' title='bbox 2178 1283 2328 1326; x_wconf 91' lang='lat' dir='ltr'><strong>usus</strong></span> <span class='ocrx_word' id='word_1_87' title='bbox 2364 1271 2458 1325; x_wconf 90' lang='lat' dir='ltr'><strong>est</strong></span> <span class='ocrx_word' id='word_1_88' title='bbox 2492 1262 2647 1344; x_wconf 90' lang='lat' dir='ltr'><strong>apud</strong></span> <span class='ocrx_word' id='word_1_89' title='bbox 2690 1263 2929 1323; x_wconf 89' lang='lat' dir='ltr'><strong>amicos.</strong></span> 
     </span>
     <span class='ocr_line' id='line_1_12' title="bbox 804 1379 3004 1428; baseline -0.001 0"><span class='ocrx_word' id='word_1_90' title='bbox 804 1381 901 1428; x_wconf 78' lang='lat' dir='ltr'><strong>DE</strong></span> <span class='ocrx_word' id='word_1_91' title='bbox 941 1381 1108 1428; x_wconf 78' lang='lat' dir='ltr'>VITA</span> <span class='ocrx_word' id='word_1_92' title='bbox 1148 1379 1476 1428; x_wconf 77' lang='lat' dir='ltr'><strong>COMMODI</strong></span> <span class='ocrx_word' id='word_1_93' title='bbox 2957 1387 3004 1426; x_wconf 80' lang='grc' dir='ltr'><strong>ιο</strong></span> 
     </span>
     <span class='ocr_line' id='line_1_13' title="bbox 809 1459 2929 1543; baseline -0.004 -15"><span class='ocrx_word' id='word_1_94' title='bbox 809 1459 900 1528; x_wconf 86' lang='lat'><strong>14</strong></span> <span class='ocrx_word' id='word_1_95' title='bbox 911 1465 974 1528; x_wconf 83' lang='grc'><strong>*.</strong></span> <span class='ocrx_word' id='word_1_96' title='bbox 1031 1465 1344 1543; x_wconf 76' lang='lat' dir='ltr'><strong>lamprid.</strong></span> <span class='ocrx_word' id='word_1_97' title='bbox 1392 1465 1608 1526; x_wconf 83' lang='lat' dir='ltr'><strong>Comm.</strong></span> <span class='ocrx_word' id='word_1_98' title='bbox 1649 1465 1751 1540; x_wconf 86' lang='lat'><strong>13,</strong></span> <span class='ocrx_word' id='word_1_99' title='bbox 1792 1464 1829 1524; x_wconf 90' lang='lat'><em>1</em></span> <span class='ocrx_word' id='word_1_100' title='bbox 1896 1463 2035 1524; x_wconf 87' lang='lat' dir='ltr'><strong>Fuit</strong></span> <span class='ocrx_word' id='word_1_101' title='bbox 2096 1469 2293 1524; x_wconf 90' lang='lat' dir='ltr'><strong>autem</strong></span> <span class='ocrx_word' id='word_1_102' title='bbox 2357 1459 2591 1522; x_wconf 87' lang='lat' dir='ltr'><strong>ualidus</strong></span> <span class='ocrx_word' id='word_1_103' title='bbox 2652 1459 2726 1521; x_wconf 89' lang='lat' dir='ltr'><strong>ad</strong></span> <span class='ocrx_word' id='word_1_104' title='bbox 2782 1459 2929 1520; x_wconf 87' lang='lat' dir='ltr'><strong>haec</strong></span> 
     </span>
     <span class='ocr_line' id='line_1_14' title="bbox 627 1559 2931 1644; baseline -0.003 -18"><span class='ocrx_word' id='word_1_105' title='bbox 627 1563 1037 1642; x_wconf 67' lang='lat' dir='ltr'><strong>[aladiatoria</strong></span> <span class='ocrx_word' id='word_1_106' title='bbox 1074 1562 1472 1644; x_wconf 56' lang='lat' dir='ltr'><strong>Commodus}</strong></span> <span class='ocrx_word' id='word_1_107' title='bbox 1510 1562 1656 1624; x_wconf 87' lang='lat' dir='ltr'><strong>alias</strong></span> <span class='ocrx_word' id='word_1_108' title='bbox 1695 1561 1907 1623; x_wconf 87' lang='lat' dir='ltr'><strong>debilis</strong></span> <span class='ocrx_word' id='word_1_109' title='bbox 1946 1569 2008 1623; x_wconf 92' lang='lat' dir='ltr'><strong>et</strong></span> <span class='ocrx_word' id='word_1_110' title='bbox 2042 1561 2332 1640; x_wconf 80' lang='lat' dir='ltr'><strong>infirmus,</strong></span> <span class='ocrx_word' id='word_1_111' title='bbox 2369 1561 2515 1622; x_wconf 89' lang='lat' dir='ltr'><strong>uitio</strong></span> <span class='ocrx_word' id='word_1_112' title='bbox 2554 1560 2733 1620; x_wconf 88' lang='lat' dir='ltr'><strong>etiam</strong></span> <span class='ocrx_word' id='word_1_113' title='bbox 2772 1559 2931 1619; x_wconf 88' lang='lat' dir='ltr'><strong>inter</strong></span> 
     </span>
     <span class='ocr_line' id='line_1_15' title="bbox 623 1661 2927 1743; baseline -0.003 -19"><span class='ocrx_word' id='word_1_114' title='bbox 623 1663 868 1742; x_wconf 77' lang='lat' dir='ltr'><strong>inguina</strong></span> <span class='ocrx_word' id='word_1_115' title='bbox 922 1663 1312 1743; x_wconf 85' lang='lat' dir='ltr'><strong>prominenti,</strong></span> <span class='ocrx_word' id='word_1_116' title='bbox 1366 1664 1449 1722; x_wconf 90' lang='lat' dir='ltr'><strong>ita</strong></span> <span class='ocrx_word' id='word_1_117' title='bbox 1500 1668 1567 1722; x_wconf 90' lang='lat' dir='ltr'><strong>ut</strong></span> <span class='ocrx_word' id='word_1_118' title='bbox 1623 1663 1751 1723; x_wconf 91' lang='lat' dir='ltr'><strong>eius</strong></span> <span class='ocrx_word' id='word_1_119' title='bbox 1810 1667 2105 1722; x_wconf 84' lang='lat' dir='ltr'><strong>tumorem</strong></span> <span class='ocrx_word' id='word_1_120' title='bbox 2150 1677 2261 1740; x_wconf 91' lang='lat' dir='ltr'><strong>per</strong></span> <span class='ocrx_word' id='word_1_121' title='bbox 2306 1661 2529 1721; x_wconf 88' lang='lat' dir='ltr'><strong>sericas</strong></span> <span class='ocrx_word' id='word_1_122' title='bbox 2572 1666 2781 1719; x_wconf 88' lang='lat' dir='ltr'><strong>uestes</strong></span> <span class='ocrx_word' id='word_1_123' title='bbox 2826 1675 2927 1736; x_wconf 89' lang='lat' dir='ltr'><strong>po-</strong></span> 
     </span>
     <span class='ocr_line' id='line_1_16' title="bbox 627 1753 2927 1841; baseline -0.003 -19"><span class='ocrx_word' id='word_1_124' title='bbox 627 1759 803 1841; x_wconf 89' lang='lat' dir='ltr'><strong>pulus</strong></span> <span class='ocrx_word' id='word_1_125' title='bbox 855 1759 1158 1822; x_wconf 86' lang='lat' dir='ltr'><strong>Romanus</strong></span> <span class='ocrx_word' id='word_1_126' title='bbox 1212 1767 1574 1839; x_wconf 79' lang='lat' dir='ltr'><strong>agnosceret.</strong></span> <span class='ocrx_word' id='word_1_127' title='bbox 1651 1776 1865 1821; x_wconf 88' lang='lat' dir='ltr'><strong>uersus</strong></span> <span class='ocrx_word' id='word_1_128' title='bbox 1928 1757 2063 1819; x_wconf 91' lang='lat' dir='ltr'><strong>ideo</strong></span> <span class='ocrx_word' id='word_1_129' title='bbox 2127 1757 2303 1819; x_wconf 88' lang='lat' dir='ltr'><strong>multi</strong></span> <span class='ocrx_word' id='word_1_130' title='bbox 2366 1758 2575 1836; x_wconf 87' lang='lat' dir='ltr'><strong>scripti</strong></span> <span class='ocrx_word' id='word_1_131' title='bbox 2632 1762 2800 1834; x_wconf 86' lang='lat' dir='ltr'><strong>sunt,</strong></span> <span class='ocrx_word' id='word_1_132' title='bbox 2857 1753 2927 1815; x_wconf 89' lang='lat' dir='ltr'><strong>de</strong></span> 
     </span>
     <span class='ocr_line' id='line_1_17' title="bbox 627 1855 2999 1939; baseline -0.001 -18"><span class='ocrx_word' id='word_1_133' title='bbox 627 1857 846 1939; x_wconf 88' lang='lat' dir='ltr'><strong>quibus</strong></span> <span class='ocrx_word' id='word_1_134' title='bbox 893 1861 1070 1920; x_wconf 89' lang='lat' dir='ltr'><strong>etiam</strong></span> <span class='ocrx_word' id='word_1_135' title='bbox 1118 1860 1181 1918; x_wconf 92' lang='lat' dir='ltr'><strong>in</strong></span> <span class='ocrx_word' id='word_1_136' title='bbox 1227 1876 1408 1938; x_wconf 88' lang='lat' dir='ltr'><strong>opere</strong></span> <span class='ocrx_word' id='word_1_137' title='bbox 1457 1877 1564 1920; x_wconf 94' lang='lat' dir='ltr'><strong>suo</strong></span> <span class='ocrx_word' id='word_1_138' title='bbox 1611 1856 1832 1918; x_wconf 84' lang='lat' dir='ltr'><strong>Marius</strong></span> <span class='ocrx_word' id='word_1_139' title='bbox 1878 1856 2172 1918; x_wconf 82' lang='lat' dir='ltr'><strong>Maximus</strong></span> <span class='ocrx_word' id='word_1_140' title='bbox 2217 1855 2520 1937; x_wconf 82' lang='lat' dir='ltr'><strong>gloriatur.</strong></span> <span class='ocrx_word' id='word_1_141' title='bbox 2952 1879 2999 1919; x_wconf 71' lang='grc' dir='ltr'><strong>ιε</strong></span> 
     </span>
     <span class='ocr_line' id='line_1_18' title="bbox 808 1950 2927 2035; baseline -0.003 -16"><span class='ocrx_word' id='word_1_142' title='bbox 808 1950 970 2021; x_wconf 80' lang='grc'><strong>15*.</strong></span> <span class='ocrx_word' id='word_1_143' title='bbox 1038 1956 1283 2035; x_wconf 85' lang='lat' dir='ltr'><strong>Lampr.</strong></span> <span class='ocrx_word' id='word_1_144' title='bbox 1337 1957 1552 2018; x_wconf 82' lang='lat' dir='ltr'><strong>Comm.</strong></span> <span class='ocrx_word' id='word_1_145' title='bbox 1602 1957 1714 2033; x_wconf 83' lang='lat'><strong>15,</strong></span> <span class='ocrx_word' id='word_1_146' title='bbox 1752 1957 1796 2017; x_wconf 79' lang='lat'><em>4</em></span> <span class='ocrx_word' id='word_1_147' title='bbox 1870 1953 2092 2016; x_wconf 85' lang='lat' dir='ltr'><strong>Habuit</strong></span> <span class='ocrx_word' id='word_1_148' title='bbox 2146 1953 2559 2034; x_wconf 79' lang='lat' dir='ltr'><strong>[Commodus]</strong></span> <span class='ocrx_word' id='word_1_149' title='bbox 2618 1961 2927 2034; x_wconf 86' lang='lat' dir='ltr'><strong>praeterea</strong></span> 
     </span>
     <span class='ocr_line' id='line_1_19' title="bbox 627 2050 2926 2136; baseline -0.002 -19"><span class='ocrx_word' id='word_1_150' title='bbox 627 2073 872 2135; x_wconf 90' lang='lat' dir='ltr'><strong>morem,</strong></span> <span class='ocrx_word' id='word_1_151' title='bbox 934 2063 1004 2117; x_wconf 92' lang='lat' dir='ltr'><strong>ut</strong></span> <span class='ocrx_word' id='word_1_152' title='bbox 1066 2057 1262 2116; x_wconf 88' lang='lat' dir='ltr'><strong>omnia</strong></span> <span class='ocrx_word' id='word_1_153' title='bbox 1325 2073 1478 2136; x_wconf 89' lang='lat' dir='ltr'><strong>quae</strong></span> <span class='ocrx_word' id='word_1_154' title='bbox 1541 2056 1815 2135; x_wconf 89' lang='lat' dir='ltr'><strong>turpiter,</strong></span> <span class='ocrx_word' id='word_1_155' title='bbox 1872 2072 2021 2134; x_wconf 88' lang='lat' dir='ltr'><strong>quae</strong></span> <span class='ocrx_word' id='word_1_156' title='bbox 2078 2055 2318 2134; x_wconf 91' lang='lat' dir='ltr'><strong>inpure,</strong></span> <span class='ocrx_word' id='word_1_157' title='bbox 2374 2070 2526 2133; x_wconf 86' lang='lat' dir='ltr'><strong>quae</strong></span> <span class='ocrx_word' id='word_1_158' title='bbox 2586 2050 2926 2128; x_wconf 89' lang='lat' dir='ltr'><strong>crudeliter,</strong></span> 
     </span>
     <span class='ocr_line' id='line_1_20' title="bbox 629 2149 2926 2235; baseline -0.003 -19"><span class='ocrx_word' id='word_1_159' title='bbox 629 2173 778 2234; x_wconf 89' lang='lat' dir='ltr'><strong>quae</strong></span> <span class='ocrx_word' id='word_1_160' title='bbox 843 2153 1213 2235; x_wconf 81' lang='lat' dir='ltr'><strong>gladiatorie,</strong></span> <span class='ocrx_word' id='word_1_161' title='bbox 1279 2172 1429 2234; x_wconf 87' lang='lat' dir='ltr'><strong>quae</strong></span> <span class='ocrx_word' id='word_1_162' title='bbox 1485 2153 1721 2216; x_wconf 89' lang='lat' dir='ltr'><strong>lenonie</strong></span> <span class='ocrx_word' id='word_1_163' title='bbox 1778 2153 2026 2232; x_wconf 79' lang='lat' dir='ltr'><strong>faceret,</strong></span> <span class='ocrx_word' id='word_1_164' title='bbox 2083 2153 2231 2214; x_wconf 88' lang='lat' dir='ltr'><strong>actis</strong></span> <span class='ocrx_word' id='word_1_165' title='bbox 2282 2150 2451 2213; x_wconf 90' lang='lat' dir='ltr'><strong>urbis</strong></span> <span class='ocrx_word' id='word_1_166' title='bbox 2502 2149 2628 2211; x_wconf 89' lang='lat' dir='ltr'><strong>indi</strong></span> <span class='ocrx_word' id='word_1_167' title='bbox 2674 2149 2926 2228; x_wconf 85' lang='lat' dir='ltr'><strong>iuberet,</strong></span> 
     </span>
     <span class='ocr_line' id='line_1_21' title="bbox 623 2251 1821 2332; baseline -0.003 -18"><span class='ocrx_word' id='word_1_168' title='bbox 623 2260 693 2314; x_wconf 93' lang='lat' dir='ltr'><strong>ut</strong></span> <span class='ocrx_word' id='word_1_169' title='bbox 737 2251 908 2314; x_wconf 85' lang='lat' dir='ltr'><strong>Marii</strong></span> <span class='ocrx_word' id='word_1_170' title='bbox 952 2251 1192 2314; x_wconf 82' lang='lat' dir='ltr'><strong>Maximi</strong></span> <span class='ocrx_word' id='word_1_171' title='bbox 1239 2253 1462 2332; x_wconf 89' lang='lat' dir='ltr'><strong>scripta</strong></span> <span class='ocrx_word' id='word_1_172' title='bbox 1509 2259 1821 2314; x_wconf 84' lang='lat' dir='ltr'><strong>testantur.</strong></span> 
     </span>
     <span class='ocr_line' id='line_1_22' title="bbox 483 2341 2999 2429; baseline -0.004 -9"><span class='ocrx_word' id='word_1_173' title='bbox 483 2341 588 2420; x_wconf 54' lang='grc'><strong>,193</strong></span> <span class='ocrx_word' id='word_1_174' title='bbox 808 2345 974 2414; x_wconf 77' lang='grc'><strong>16*.</strong></span> <span class='ocrx_word' id='word_1_175' title='bbox 1021 2351 1266 2429; x_wconf 85' lang='lat' dir='ltr'><strong>Lampr.</strong></span> <span class='ocrx_word' id='word_1_176' title='bbox 1305 2351 1518 2413; x_wconf 84' lang='lat' dir='ltr'><strong>Comm.</strong></span> <span class='ocrx_word' id='word_1_177' title='bbox 1560 2349 1664 2427; x_wconf 88' lang='grc'><strong>18,</strong></span> <span class='ocrx_word' id='word_1_178' title='bbox 1704 2351 1741 2411; x_wconf 99' lang='grc'><strong><em>1</em></strong></span> <span class='ocrx_word' id='word_1_179' title='bbox 1791 2348 2263 2411; x_wconf 80' lang='lat' dir='ltr'><strong>Adclamationes</strong></span> <span class='ocrx_word' id='word_1_180' title='bbox 2310 2355 2552 2409; x_wconf 89' lang='lat' dir='ltr'><strong>senatus</strong></span> <span class='ocrx_word' id='word_1_181' title='bbox 2595 2354 2737 2428; x_wconf 89' lang='lat' dir='ltr'><strong>post</strong></span> <span class='ocrx_word' id='word_1_182' title='bbox 2772 2365 2926 2409; x_wconf 89' lang='lat' dir='ltr'><strong>mor·</strong></span> <span class='ocrx_word' id='word_1_183' title='bbox 2952 2371 2999 2411; x_wconf 75' lang='grc' dir='ltr'><strong>ιο</strong></span> 
     </span>
     <span class='ocr_line' id='line_1_23' title="bbox 485 2430 2925 2528; baseline -0.002 -16"><span class='ocrx_word' id='word_1_184' title='bbox 485 2430 587 2480; x_wconf 82' lang='lat'><strong>945</strong></span> <span class='ocrx_word' id='word_1_185' title='bbox 626 2457 748 2512; x_wconf 92' lang='lat' dir='ltr'><strong>tem</strong></span> <span class='ocrx_word' id='word_1_186' title='bbox 795 2449 1103 2511; x_wconf 90' lang='lat' dir='ltr'><strong>Commodi</strong></span> <span class='ocrx_word' id='word_1_187' title='bbox 1149 2467 1363 2528; x_wconf 83' lang='lat' dir='ltr'><strong>graues</strong></span> <span class='ocrx_word' id='word_1_188' title='bbox 1409 2449 1667 2510; x_wconf 80' lang='lat' dir='ltr'><strong>fuerunt.</strong></span> <span class='ocrx_word' id='word_1_189' title='bbox 1743 2455 1812 2509; x_wconf 92' lang='lat' dir='ltr'><strong>ut</strong></span> <span class='ocrx_word' id='word_1_190' title='bbox 1856 2454 2053 2509; x_wconf 89' lang='lat' dir='ltr'><strong>autem</strong></span> <span class='ocrx_word' id='word_1_191' title='bbox 2103 2449 2387 2526; x_wconf 86' lang='lat' dir='ltr'><strong>sciretur,</strong></span> <span class='ocrx_word' id='word_1_192' title='bbox 2433 2445 2590 2527; x_wconf 88' lang='lat' dir='ltr'><strong>quod</strong></span> <span class='ocrx_word' id='word_1_193' title='bbox 2638 2444 2925 2507; x_wconf 86' lang='lat' dir='ltr'><strong>iudicium</strong></span> 
     </span>
     <span class='ocr_line' id='line_1_24' title="bbox 626 2541 2925 2627; baseline -0.003 -17"><span class='ocrx_word' id='word_1_194' title='bbox 626 2555 870 2610; x_wconf 89' lang='lat' dir='ltr'><strong>senatus</strong></span> <span class='ocrx_word' id='word_1_195' title='bbox 926 2547 997 2609; x_wconf 90' lang='lat' dir='ltr'><strong>de</strong></span> <span class='ocrx_word' id='word_1_196' title='bbox 1054 2546 1373 2610; x_wconf 90' lang='lat' dir='ltr'><strong>Commodo</strong></span> <span class='ocrx_word' id='word_1_197' title='bbox 1425 2549 1631 2627; x_wconf 82' lang='lat' dir='ltr'><strong>fuerit,</strong></span> <span class='ocrx_word' id='word_1_198' title='bbox 1679 2549 1839 2626; x_wconf 87' lang='lat' dir='ltr'><strong>ipsas</strong></span> <span class='ocrx_word' id='word_1_199' title='bbox 1887 2545 2348 2608; x_wconf 87' lang='lat' dir='ltr'><strong>adclamationes</strong></span> <span class='ocrx_word' id='word_1_200' title='bbox 2398 2543 2468 2606; x_wconf 92' lang='lat' dir='ltr'><strong>de</strong></span> <span class='ocrx_word' id='word_1_201' title='bbox 2514 2543 2701 2605; x_wconf 82' lang='lat' dir='ltr'><strong>Mario</strong></span> <span class='ocrx_word' id='word_1_202' title='bbox 2748 2541 2925 2606; x_wconf 79' lang='lat' dir='ltr'><strong>Maxi-</strong></span> 
     </span>
     <span class='ocr_line' id='line_1_25' title="bbox 627 2640 2927 2723; baseline -0.003 -15"><span class='ocrx_word' id='word_1_203' title='bbox 627 2664 724 2708; x_wconf 90' lang='lat' dir='ltr'><strong>mo</strong></span> <span class='ocrx_word' id='word_1_204' title='bbox 767 2645 959 2708; x_wconf 89' lang='lat' dir='ltr'><strong>indidi</strong></span> <span class='ocrx_word' id='word_1_205' title='bbox 1005 2653 1066 2707; x_wconf 88' lang='lat' dir='ltr'><strong>et</strong></span> <span class='ocrx_word' id='word_1_206' title='bbox 1111 2649 1465 2708; x_wconf 89' lang='lat' dir='ltr'><strong>sententiam</strong></span> <span class='ocrx_word' id='word_1_207' title='bbox 1515 2653 1758 2707; x_wconf 87' lang='lat' dir='ltr'><strong>senatus</strong></span> <span class='ocrx_word' id='word_1_208' title='bbox 1805 2643 2093 2706; x_wconf 88' lang='lat' dir='ltr'><strong>consulti:</strong></span> <span class='ocrx_word' id='word_1_209' title='bbox 2161 2640 2353 2705; x_wconf 78' lang='lat' dir='ltr'><strong>‘Hosti</strong></span> <span class='ocrx_word' id='word_1_210' title='bbox 2397 2643 2623 2723; x_wconf 86' lang='lat' dir='ltr'><strong>patriae</strong></span> <span class='ocrx_word' id='word_1_211' title='bbox 2668 2640 2927 2703; x_wconf 86' lang='lat' dir='ltr'><strong>honores</strong></span> 
     </span>
     <span class='ocr_line' id='line_1_26' title="bbox 630 2739 2925 2824; baseline -0.002 -18"><span class='ocrx_word' id='word_1_212' title='bbox 630 2744 1038 2822; x_wconf 90' lang='lat' dir='ltr'><strong>detrahantur,</strong></span> <span class='ocrx_word' id='word_1_213' title='bbox 1097 2743 1429 2824; x_wconf 86' lang='lat' dir='ltr'><strong>parricidae</strong></span> <span class='ocrx_word' id='word_1_214' title='bbox 1494 2744 1751 2816; x_wconf 86' lang='lat' dir='ltr'><strong>honores</strong></span> <span class='ocrx_word' id='word_1_215' title='bbox 1809 2742 2221 2822; x_wconf 88' lang='lat' dir='ltr'><strong>detrahantur,</strong></span> <span class='ocrx_word' id='word_1_216' title='bbox 2287 2739 2583 2822; x_wconf 88' lang='lat' dir='ltr'><strong>parricida</strong></span> <span class='ocrx_word' id='word_1_217' title='bbox 2638 2740 2925 2802; x_wconf 86' lang='lat' dir='ltr'><strong>trahatur.</strong></span> 
     </span>
    </p>
   </div>
   <div class='ocr_carea' id='block_1_7' title="bbox 628 2937 2925 4015">
    <p class='ocr_par' dir='ltr' id='par_1_7' title="bbox 629 2937 2925 3228">
     <span class='ocr_line' id='line_1_27' title="bbox 629 2937 2925 3011; baseline -0.003 -11"><span class='ocrx_word' id='word_1_218' title='bbox 629 2959 770 3011; x_wconf 86' lang='lat' dir='ltr'><strong>cere,</strong></span> <span class='ocrx_word' id='word_1_219' title='bbox 807 2944 867 2998; x_wconf 88' lang='lat' dir='ltr'><strong>et</strong></span> <span class='ocrx_word' id='word_1_220' title='bbox 901 2941 1146 3011; x_wconf 82' lang='lat' dir='ltr'><strong>fecisset,</strong></span> <span class='ocrx_word' id='word_1_221' title='bbox 1181 2942 1294 2996; x_wconf 86' lang='lat' dir='ltr'><strong>nisi</strong></span> <span class='ocrx_word' id='word_1_222' title='bbox 1331 2940 1569 2997; x_wconf 80' lang='lat' dir='ltr'><strong>Auidius</strong></span> <span class='ocrx_word' id='word_1_223' title='bbox 1605 2940 1832 2997; x_wconf 82' lang='lat' dir='ltr'><strong>Cassius</strong></span> <span class='ocrx_word' id='word_1_224' title='bbox 1869 2941 2202 2996; x_wconf 75' lang='lat' dir='ltr'><strong>rebellasset</strong></span> <span class='ocrx_word' id='word_1_225' title='bbox 2237 2939 2341 2995; x_wconf 86' lang='lat' dir='ltr'><strong>sub</strong></span> <span class='ocrx_word' id='word_1_226' title='bbox 2378 2939 2576 2994; x_wconf 88' lang='lat' dir='ltr'><strong>eodem</strong></span> <span class='ocrx_word' id='word_1_227' title='bbox 2613 2937 2674 2993; x_wconf 93' lang='lat' dir='ltr'><strong>in</strong></span> <span class='ocrx_word' id='word_1_228' title='bbox 2710 2937 2925 2994; x_wconf 84' lang='lat' dir='ltr'><strong>oriente</strong></span> 
     </span>
     <span class='ocr_line' id='line_1_28' title="bbox 629 3009 2923 3096; baseline -0.002 -26"><span class='ocrx_word' id='word_1_229' title='bbox 629 3023 802 3084; x_wconf 85' lang='lat' dir='ltr'><strong>atque</strong></span> <span class='ocrx_word' id='word_1_230' title='bbox 837 3013 1234 3085; x_wconf 75' lang='lat' dir='ltr'><strong>imperatorem</strong></span> <span class='ocrx_word' id='word_1_231' title='bbox 1273 3030 1331 3070; x_wconf 88' lang='lat' dir='ltr'><strong>se</strong></span> <span class='ocrx_word' id='word_1_232' title='bbox 1371 3013 1733 3096; x_wconf 75' lang='lat' dir='ltr'><strong>appellasset,</strong></span> <span class='ocrx_word' id='word_1_233' title='bbox 1771 3016 1836 3068; x_wconf 90' lang='lat' dir='ltr'><strong>ut</strong></span> <span class='ocrx_word' id='word_1_234' title='bbox 1872 3012 2107 3082; x_wconf 87' lang='lat' dir='ltr'><strong>quidam</strong></span> <span class='ocrx_word' id='word_1_235' title='bbox 2138 3012 2350 3080; x_wconf 86' lang='lat' dir='ltr'><strong>dicunt,</strong></span> <span class='ocrx_word' id='word_1_236' title='bbox 2378 3010 2653 3066; x_wconf 80' lang='lat' dir='ltr'><strong>Faustina</strong></span> <span class='ocrx_word' id='word_1_237' title='bbox 2678 3009 2923 3078; x_wconf 87' lang='lat' dir='ltr'><strong>uolente,</strong></span> 
     </span>
     <span class='ocr_line' id='line_1_29' title="bbox 629 3082 2921 3156; baseline -0.003 -15"><span class='ocrx_word' id='word_1_238' title='bbox 629 3103 776 3156; x_wconf 86' lang='lat' dir='ltr'><strong>quae</strong></span> <span class='ocrx_word' id='word_1_239' title='bbox 822 3087 893 3141; x_wconf 89' lang='lat' dir='ltr'><strong>de</strong></span> <span class='ocrx_word' id='word_1_240' title='bbox 937 3085 1130 3141; x_wconf 89' lang='lat' dir='ltr'><strong>mariti</strong></span> <span class='ocrx_word' id='word_1_241' title='bbox 1173 3085 1500 3141; x_wconf 76' lang='lat' dir='ltr'><strong>ualetudine</strong></span> <span class='ocrx_word' id='word_1_242' title='bbox 1544 3085 1884 3156; x_wconf 78' lang='lat' dir='ltr'><strong>desperaret.</strong></span> <span class='ocrx_word' id='word_1_243' title='bbox 1956 3085 2180 3140; x_wconf 55' lang='lat' dir='ltr'><strong>Cassius</strong></span> <span class='ocrx_word' id='word_1_244' title='bbox 2216 3085 2332 3140; x_wconf 75' lang='lat' dir='ltr'><strong>Dio</strong></span> <span class='ocrx_word' id='word_1_245' title='bbox 2367 3101 2490 3138; x_wconf 78' lang='lat' dir='ltr'><strong>cum</strong></span> <span class='ocrx_word' id='word_1_246' title='bbox 2528 3082 2722 3138; x_wconf 70' lang='lat' dir='ltr'><strong>Mario</strong></span> <span class='ocrx_word' id='word_1_247' title='bbox 2763 3084 2921 3138; x_wconf 71' lang='lat' dir='ltr'><strong>Max.</strong></span> 
     </span>
     <span class='ocr_line' id='line_1_30' title="bbox 629 3158 1774 3228; baseline -0.003 -13"><span class='ocrx_word' id='word_1_248' title='bbox 629 3159 923 3225; x_wconf 52' lang='lat' dir='ltr'><strong>consentin</strong></span> <span class='ocrx_word' id='word_1_249' title='bbox 958 3159 1074 3213; x_wconf 74' lang='lat' dir='ltr'><strong>uid.</strong></span> <span class='ocrx_word' id='word_1_250' title='bbox 1105 3163 1192 3226; x_wconf 82' lang='lat'><strong>71,</strong></span> <span class='ocrx_word' id='word_1_251' title='bbox 1218 3163 1295 3212; x_wconf 85' lang='lat'><strong>22</strong></span> <span class='ocrx_word' id='word_1_252' title='bbox 1311 3175 1421 3228; x_wconf 76' lang='lat' dir='ltr'><strong>sqq.</strong></span> <span class='ocrx_word' id='word_1_253' title='bbox 1459 3158 1558 3214; x_wconf 73' lang='lat' dir='ltr'><strong>ubi</strong></span> <span class='ocrx_word' id='word_1_254' title='bbox 1587 3159 1774 3227; x_wconf 75' lang='lat' dir='ltr'><strong>plura.</strong></span> 
     </span>
    </p>

    <p class='ocr_par' dir='ltr' id='par_1_8' title="bbox 628 3225 2924 3727">
     <span class='ocr_line' id='line_1_31' title="bbox 809 3225 2924 3297; baseline -0.002 -13"><span class='ocrx_word' id='word_1_255' title='bbox 809 3228 907 3284; x_wconf 78' lang='lat'><strong>18.</strong></span> <span class='ocrx_word' id='word_1_256' title='bbox 949 3231 1031 3297; x_wconf 76' lang='lat' dir='ltr'><strong>Of.</strong></span> <span class='ocrx_word' id='word_1_257' title='bbox 1074 3231 1222 3286; x_wconf 81' lang='lat' dir='ltr'><strong>Vulc.</strong></span> <span class='ocrx_word' id='word_1_258' title='bbox 1257 3229 1404 3285; x_wconf 76' lang='lat' dir='ltr'><strong>Gau.</strong></span> <span class='ocrx_word' id='word_1_259' title='bbox 1433 3229 1607 3284; x_wconf 71' lang='lat' dir='ltr'><strong>Auia.</strong></span> <span class='ocrx_word' id='word_1_260' title='bbox 1640 3233 1692 3297; x_wconf 84' lang='lat'><strong>6,</strong></span> <span class='ocrx_word' id='word_1_261' title='bbox 1720 3233 1756 3284; x_wconf 88' lang='lat'><strong><em>6</em></strong></span> <span class='ocrx_word' id='word_1_262' title='bbox 1790 3229 2141 3297; x_wconf 86' lang='lat' dir='ltr'><strong>Amatusque</strong></span> <span class='ocrx_word' id='word_1_263' title='bbox 2183 3229 2271 3282; x_wconf 88' lang='lat' dir='ltr'><strong>est</strong></span> <span class='ocrx_word' id='word_1_264' title='bbox 2303 3225 2595 3297; x_wconf 69' lang='lat' dir='ltr'><strong>[Auidius]</strong></span> <span class='ocrx_word' id='word_1_265' title='bbox 2634 3225 2707 3280; x_wconf 91' lang='lat' dir='ltr'><strong>ab</strong></span> <span class='ocrx_word' id='word_1_266' title='bbox 2746 3225 2924 3280; x_wconf 88' lang='lat' dir='ltr'><strong>omni·</strong></span> 
     </span>
     <span class='ocr_line' id='line_1_32' title="bbox 628 3295 2922 3372; baseline -0.002 -16"><span class='ocrx_word' id='word_1_267' title='bbox 628 3301 735 3356; x_wconf 88' lang='lat' dir='ltr'><strong>bus</strong></span> <span class='ocrx_word' id='word_1_268' title='bbox 782 3299 1150 3357; x_wconf 79' lang='lat' dir='ltr'><strong>orientalibus</strong></span> <span class='ocrx_word' id='word_1_269' title='bbox 1197 3303 1257 3355; x_wconf 87' lang='lat' dir='ltr'><strong>et</strong></span> <span class='ocrx_word' id='word_1_270' title='bbox 1301 3299 1596 3372; x_wconf 83' lang='lat' dir='ltr'><strong>speciatim</strong></span> <span class='ocrx_word' id='word_1_271' title='bbox 1645 3299 1717 3354; x_wconf 87' lang='lat' dir='ltr'><strong>ab</strong></span> <span class='ocrx_word' id='word_1_272' title='bbox 1765 3299 2283 3366; x_wconf 77' lang='lat' dir='ltr'><strong>Antiochensibuss</strong></span> <span class='ocrx_word' id='word_1_273' title='bbox 2314 3295 2411 3368; x_wconf 85' lang='lat' dir='ltr'><strong>qui</strong></span> <span class='ocrx_word' id='word_1_274' title='bbox 2458 3296 2633 3352; x_wconf 83' lang='lat' dir='ltr'><strong>etiam</strong></span> <span class='ocrx_word' id='word_1_275' title='bbox 2688 3296 2922 3366; x_wconf 87' lang='lat' dir='ltr'><strong>imperio</strong></span> 
     </span>
     <span class='ocr_line' id='line_1_33' title="bbox 630 3365 2922 3439; baseline -0.003 -10"><span class='ocrx_word' id='word_1_276' title='bbox 630 3372 752 3429; x_wconf 89' lang='lat' dir='ltr'><strong>eius</strong></span> <span class='ocrx_word' id='word_1_277' title='bbox 789 3375 1202 3439; x_wconf 85' lang='lat' dir='ltr'><strong>consenserunt,</strong></span> <span class='ocrx_word' id='word_1_278' title='bbox 1237 3373 1305 3426; x_wconf 89' lang='lat' dir='ltr'><strong>ut</strong></span> <span class='ocrx_word' id='word_1_279' title='bbox 1342 3372 1506 3427; x_wconf 84' lang='lat' dir='ltr'><strong>docet</strong></span> <span class='ocrx_word' id='word_1_280' title='bbox 1541 3371 1799 3426; x_wconf 86' lang='lat' dir='ltr'><strong>Marius</strong></span> <span class='ocrx_word' id='word_1_281' title='bbox 1838 3371 2173 3426; x_wconf 82' lang='lat' dir='ltr'><strong>Maximus</strong></span> <span class='ocrx_word' id='word_1_282' title='bbox 2211 3368 2278 3424; x_wconf 91' lang='lat' dir='ltr'><strong>in</strong></span> <span class='ocrx_word' id='word_1_283' title='bbox 2315 3367 2467 3424; x_wconf 88' lang='lat' dir='ltr'><strong>uita</strong></span> <span class='ocrx_word' id='word_1_284' title='bbox 2510 3367 2658 3422; x_wconf 90' lang='lat' dir='ltr'><strong>diui</strong></span> <span class='ocrx_word' id='word_1_285' title='bbox 2696 3365 2922 3424; x_wconf 80' lang='lat' dir='ltr'><strong>Marci.</strong></span> 
     </span>
     <span class='ocr_line' id='line_1_34' title="bbox 631 3439 2924 3513; baseline -0.003 -13"><span class='ocrx_word' id='word_1_286' title='bbox 631 3449 685 3512; x_wconf 89' lang='lat'><strong>9,</strong></span> <span class='ocrx_word' id='word_1_287' title='bbox 712 3449 744 3499; x_wconf 92' lang='lat'><strong><em>1</em></strong></span> <span class='ocrx_word' id='word_1_288' title='bbox 794 3443 1187 3499; x_wconf 80' lang='lat' dir='ltr'><strong>Antiochensis</strong></span> <span class='ocrx_word' id='word_1_289' title='bbox 1241 3459 1466 3513; x_wconf 86' lang='lat' dir='ltr'><strong>quoque</strong></span> <span class='ocrx_word' id='word_1_290' title='bbox 1510 3442 1718 3499; x_wconf 88' lang='lat' dir='ltr'><strong>Auidio</strong></span> <span class='ocrx_word' id='word_1_291' title='bbox 1764 3441 1957 3498; x_wconf 85' lang='lat' dir='ltr'><strong>Cassio</strong></span> <span class='ocrx_word' id='word_1_292' title='bbox 2004 3443 2427 3508; x_wconf 81' lang='lat' dir='ltr'><strong>consenserant,</strong></span> <span class='ocrx_word' id='word_1_293' title='bbox 2475 3439 2573 3494; x_wconf 87' lang='lat' dir='ltr'><strong>sed</strong></span> <span class='ocrx_word' id='word_1_294' title='bbox 2620 3441 2680 3494; x_wconf 88' lang='lat' dir='ltr'><strong>et</strong></span> <span class='ocrx_word' id='word_1_295' title='bbox 2724 3439 2815 3494; x_wconf 89' lang='lat' dir='ltr'><strong>his</strong></span> <span class='ocrx_word' id='word_1_296' title='bbox 2867 3442 2924 3494; x_wconf 88' lang='lat' dir='ltr'><strong>et</strong></span> 
     </span>
     <span class='ocr_line' id='line_1_35' title="bbox 632 3509 2923 3585; baseline -0.003 -14"><span class='ocrx_word' id='word_1_297' title='bbox 632 3511 761 3571; x_wconf 81' lang='lat' dir='ltr'><strong>aliis</strong></span> <span class='ocrx_word' id='word_1_298' title='bbox 799 3514 1144 3582; x_wconf 87' lang='lat' dir='ltr'><strong>ciuitatibus,</strong></span> <span class='ocrx_word' id='word_1_299' title='bbox 1183 3531 1330 3584; x_wconf 87' lang='lat' dir='ltr'><strong>quae</strong></span> <span class='ocrx_word' id='word_1_300' title='bbox 1366 3513 1528 3569; x_wconf 89' lang='lat' dir='ltr'><strong>illum</strong></span> <span class='ocrx_word' id='word_1_301' title='bbox 1563 3515 1843 3582; x_wconf 85' lang='lat' dir='ltr'><strong>iuuerant,</strong></span> <span class='ocrx_word' id='word_1_302' title='bbox 1880 3513 2121 3585; x_wconf 82' lang='lat' dir='ltr'><strong>ignouit,</strong></span> <span class='ocrx_word' id='word_1_303' title='bbox 2159 3529 2287 3568; x_wconf 86' lang='lat' dir='ltr'><strong>cum</strong></span> <span class='ocrx_word' id='word_1_304' title='bbox 2323 3511 2505 3582; x_wconf 89' lang='lat' dir='ltr'><strong>primo</strong></span> <span class='ocrx_word' id='word_1_305' title='bbox 2532 3509 2923 3566; x_wconf 80' lang='lat' dir='ltr'><strong>Antiochensi-</strong></span> 
     </span>
     <span class='ocr_line' id='line_1_36' title="bbox 629 3581 2923 3657; baseline -0.003 -15"><span class='ocrx_word' id='word_1_306' title='bbox 629 3587 736 3642; x_wconf 86' lang='lat' dir='ltr'><strong>bus</strong></span> <span class='ocrx_word' id='word_1_307' title='bbox 790 3585 1043 3657; x_wconf 79' lang='lat' dir='ltr'><strong>grauiter</strong></span> <span class='ocrx_word' id='word_1_308' title='bbox 1086 3585 1266 3642; x_wconf 86' lang='lat' dir='ltr'><strong>iratus</strong></span> <span class='ocrx_word' id='word_1_309' title='bbox 1311 3589 1462 3642; x_wconf 86' lang='lat' dir='ltr'><strong>esset</strong></span> <span class='ocrx_word' id='word_1_310' title='bbox 1505 3585 1707 3655; x_wconf 88' lang='lat' dir='ltr'><strong>hisque</strong></span> <span class='ocrx_word' id='word_1_311' title='bbox 1754 3585 2080 3656; x_wconf 83' lang='lat' dir='ltr'><strong>spectacula</strong></span> <span class='ocrx_word' id='word_1_312' title='bbox 2124 3583 2448 3640; x_wconf 87' lang='lat' dir='ltr'><strong>sustulisset</strong></span> <span class='ocrx_word' id='word_1_313' title='bbox 2490 3586 2549 3638; x_wconf 92' lang='lat' dir='ltr'><strong>et</strong></span> <span class='ocrx_word' id='word_1_314' title='bbox 2592 3582 2775 3638; x_wconf 79' lang='lat' dir='ltr'><strong>multa</strong></span> <span class='ocrx_word' id='word_1_315' title='bbox 2812 3581 2923 3638; x_wconf 74' lang='lat' dir='ltr'><strong>alia</strong></span> 
     </span>
     <span class='ocr_line' id='line_1_37' title="bbox 632 3655 2237 3727; baseline -0.001 -14"><span class='ocrx_word' id='word_1_316' title='bbox 632 3657 885 3713; x_wconf 83' lang='lat' dir='ltr'><strong>ciuitatis</strong></span> <span class='ocrx_word' id='word_1_317' title='bbox 922 3660 1268 3726; x_wconf 85' lang='lat' dir='ltr'><strong>ornamenta,</strong></span> <span class='ocrx_word' id='word_1_318' title='bbox 1305 3673 1452 3727; x_wconf 88' lang='lat' dir='ltr'><strong>quae</strong></span> <span class='ocrx_word' id='word_1_319' title='bbox 1487 3660 1690 3727; x_wconf 82' lang='lat' dir='ltr'><strong>postea</strong></span> <span class='ocrx_word' id='word_1_320' title='bbox 1724 3655 1991 3712; x_wconf 83' lang='lat' dir='ltr'><strong>reddidit.</strong></span> <span class='ocrx_word' id='word_1_321' title='bbox 2030 3674 2073 3712; x_wconf 90' lang='lat' dir='ltr'><strong>c.</strong></span> <span class='ocrx_word' id='word_1_322' title='bbox 2106 3661 2157 3725; x_wconf 82' lang='lat'><strong>7,</strong></span> <span class='ocrx_word' id='word_1_323' title='bbox 2186 3661 2237 3712; x_wconf 88' lang='grc'><strong>8.</strong></span> 
     </span>
    </p>

    <p class='ocr_par' dir='ltr' id='par_1_9' title="bbox 633 3726 2919 3872">
     <span class='ocr_line' id='line_1_38' title="bbox 811 3726 2919 3800; baseline -0.003 -15"><span class='ocrx_word' id='word_1_324' title='bbox 811 3729 910 3785; x_wconf 81' lang='grc'><strong>15.</strong></span> <span class='ocrx_word' id='word_1_325' title='bbox 951 3731 1034 3798; x_wconf 77' lang='lat' dir='ltr'><strong>Of.</strong></span> <span class='ocrx_word' id='word_1_326' title='bbox 1063 3747 1107 3784; x_wconf 88' lang='lat' dir='ltr'><strong>c.</strong></span> <span class='ocrx_word' id='word_1_327' title='bbox 1137 3734 1225 3797; x_wconf 91' lang='grc'><strong>11,</strong></span> <span class='ocrx_word' id='word_1_328' title='bbox 1253 3734 1322 3784; x_wconf 90' lang='grc'><strong>11</strong></span> <span class='ocrx_word' id='word_1_329' title='bbox 1373 3728 1594 3783; x_wconf 85' lang='lat' dir='ltr'><strong>Ludum</strong></span> <span class='ocrx_word' id='word_1_330' title='bbox 1632 3744 1853 3799; x_wconf 88' lang='lat' dir='ltr'><strong>semper</strong></span> <span class='ocrx_word' id='word_1_331' title='bbox 1886 3727 2171 3800; x_wconf 80' lang='lat' dir='ltr'><strong>ingressus</strong></span> <span class='ocrx_word' id='word_1_332' title='bbox 2208 3729 2296 3782; x_wconf 89' lang='lat' dir='ltr'><strong>est</strong></span> <span class='ocrx_word' id='word_1_333' title='bbox 2333 3729 2408 3794; x_wconf 90' lang='lat' dir='ltr'><strong>et,</strong></span> <span class='ocrx_word' id='word_1_334' title='bbox 2443 3726 2705 3796; x_wconf 88' lang='lat' dir='ltr'><strong>quotiens</strong></span> <span class='ocrx_word' id='word_1_335' title='bbox 2740 3726 2919 3798; x_wconf 78' lang='lat' dir='ltr'><strong>ingre-</strong></span> 
     </span>
     <span class='ocr_line' id='line_1_39' title="bbox 633 3798 1945 3872; baseline -0.002 -16"><span class='ocrx_word' id='word_1_336' title='bbox 633 3802 862 3857; x_wconf 87' lang='lat' dir='ltr'><strong>deretur</strong></span> <span class='ocrx_word' id='word_1_337' title='bbox 912 3800 1157 3872; x_wconf 88' lang='lat' dir='ltr'><strong>publicis</strong></span> <span class='ocrx_word' id='word_1_338' title='bbox 1193 3801 1567 3856; x_wconf 88' lang='lat' dir='ltr'><strong>monumentis</strong></span> <span class='ocrx_word' id='word_1_339' title='bbox 1605 3798 1729 3854; x_wconf 84' lang='lat' dir='ltr'><strong>indi</strong></span> <span class='ocrx_word' id='word_1_340' title='bbox 1765 3800 1945 3855; x_wconf 87' lang='lat' dir='ltr'><strong>iussit.</strong></span> 
     </span>
    </p>

    <p class='ocr_par' dir='ltr' id='par_1_10' title="bbox 631 3845 2923 4015">
     <span class='ocr_line' id='line_1_40' title="bbox 810 3845 2923 3942; baseline -0.002 -14"><span class='ocrx_word' id='word_1_341' title='bbox 810 3845 909 3928; x_wconf 58' lang='lat' dir='ltr'><strong>ld.</strong></span> <span class='ocrx_word' id='word_1_342' title='bbox 950 3874 1033 3942; x_wconf 77' lang='lat' dir='ltr'><strong>Of.</strong></span> <span class='ocrx_word' id='word_1_343' title='bbox 1067 3873 1215 3929; x_wconf 77' lang='lat' dir='ltr'><strong>Cass.</strong></span> <span class='ocrx_word' id='word_1_344' title='bbox 1246 3874 1362 3928; x_wconf 71' lang='lat' dir='ltr'><strong>Dio</strong></span> <span class='ocrx_word' id='word_1_345' title='bbox 1399 3877 1470 3928; x_wconf 82' lang='lat'><strong>73</strong></span> <span class='ocrx_word' id='word_1_346' title='bbox 1497 3875 1642 3941; x_wconf 79' lang='lat'><strong>(74),</strong></span> <span class='ocrx_word' id='word_1_347' title='bbox 1669 3877 1725 3940; x_wconf 84' lang='lat'><strong>2,</strong></span> <span class='ocrx_word' id='word_1_348' title='bbox 1754 3876 1786 3926; x_wconf 92' lang='lat'><strong><em>1</em></strong></span> <span class='ocrx_word' id='word_1_349' title='bbox 1840 3872 1951 3926; x_wconf 75' lang='grc' dir='ltr'><strong>Καὶ</strong></span> <span class='ocrx_word' id='word_1_350' title='bbox 1990 3869 2167 3936; x_wconf 73' lang='grc' dir='ltr'><strong><em>οὕτως</em></strong></span> <span class='ocrx_word' id='word_1_351' title='bbox 2195 3869 2225 3925; x_wconf 83' lang='grc' dir='ltr'>ὅ</span> <span class='ocrx_word' id='word_1_352' title='bbox 2253 3889 2311 3926; x_wconf 74' lang='grc' dir='ltr'><strong>τε</strong></span> <span class='ocrx_word' id='word_1_353' title='bbox 2342 3867 2619 3938; x_wconf 59' lang='lat' dir='ltr'><strong>ruo-mag</strong></span> <span class='ocrx_word' id='word_1_354' title='bbox 2647 3868 2923 3938; x_wconf 70' lang='grc' dir='ltr'><strong>αὐτοκρά-</strong></span> 
     </span>
     <span class='ocr_line' id='line_1_41' title="bbox 631 3939 2922 4015; baseline -0.003 -15"><span class='ocrx_word' id='word_1_355' title='bbox 631 3965 740 4015; x_wconf 76' lang='grc' dir='ltr'><strong>τωρ</strong></span> <span class='ocrx_word' id='word_1_356' title='bbox 777 3945 874 4001; x_wconf 74' lang='grc' dir='ltr'><strong>καὶ</strong></span> <span class='ocrx_word' id='word_1_357' title='bbox 912 3943 942 4000; x_wconf 86' lang='grc' dir='ltr'>ὁ</span> <span class='ocrx_word' id='word_1_358' title='bbox 980 3941 1280 4014; x_wconf 73' lang='grc' dir='ltr'><strong><em>Κόμμοδος</em></strong></span> <span class='ocrx_word' id='word_1_359' title='bbox 1315 3941 1575 4013; x_wconf 70' lang='grc' dir='ltr'><strong><em>πολέμιος</em></strong></span> <span class='ocrx_word' id='word_1_360' title='bbox 1612 3940 1948 4015; x_wconf 68' lang='grc' dir='ltr'><strong><em>ἀπεδείχθη,</em></strong></span> <span class='ocrx_word' id='word_1_361' title='bbox 1994 3941 2172 3998; x_wconf 75' lang='grc' dir='ltr'><strong><em>πολλά</em></strong></span> <span class='ocrx_word' id='word_1_362' title='bbox 2208 3961 2270 4012; x_wconf 72' lang='grc' dir='ltr'><strong>γε</strong></span> <span class='ocrx_word' id='word_1_363' title='bbox 2308 3941 2364 4006; x_wconf 73' lang='grc' dir='ltr'><strong>ἐς</strong></span> <span class='ocrx_word' id='word_1_364' title='bbox 2402 3941 2576 3996; x_wconf 72' lang='grc' dir='ltr'><strong>αὐτὸν</strong></span> <span class='ocrx_word' id='word_1_365' title='bbox 2624 3939 2723 3995; x_wconf 71' lang='grc' dir='ltr'><strong>καὶ</strong></span> <span class='ocrx_word' id='word_1_366' title='bbox 2766 3939 2922 3996; x_wconf 71' lang='grc' dir='ltr'><strong><em>δεινὰ</em></strong></span> 
     </span>
    </p>
   </div>
   <div class='ocr_carea' id='block_1_8' title="bbox 813 4133 2877 4400">
    <p class='ocr_par' dir='ltr' id='par_1_11' title="bbox 813 4133 2877 4400">
     <span class='ocr_line' id='line_1_42' title="bbox 816 4133 1803 4220; baseline -0.002 -18"><span class='ocrx_word' id='word_1_367' title='bbox 816 4133 933 4220; x_wconf 75' lang='lat'><strong>18,</strong></span> <span class='ocrx_word' id='word_1_368' title='bbox 983 4143 1039 4201; x_wconf 85' lang='lat'><strong>9.</strong></span> <span class='ocrx_word' id='word_1_369' title='bbox 1087 4143 1242 4201; x_wconf 87' lang='lat' dir='ltr'><strong>mari</strong></span> <span class='ocrx_word' id='word_1_370' title='bbox 1275 4141 1334 4199; x_wconf 91' lang='lat' dir='ltr'><strong><em>P</em></strong></span> <span class='ocrx_word' id='word_1_371' title='bbox 1363 4159 1418 4201; x_wconf 85' lang='lat' dir='ltr'><strong>a.</strong></span> <span class='ocrx_word' id='word_1_372' title='bbox 1447 4158 1492 4201; x_wconf 91' lang='lat' dir='ltr'><strong>c.</strong></span> <span class='ocrx_word' id='word_1_373' title='bbox 1800 4171 1803 4179; x_wconf 92' lang='lat'>·</span> 
     </span>
     <span class='ocr_line' id='line_1_43' title="bbox 813 4223 2523 4310; baseline -0.003 -18"><span class='ocrx_word' id='word_1_374' title='bbox 813 4223 958 4310; x_wconf 81' lang='lat'><strong>14,—</strong></span> <span class='ocrx_word' id='word_1_375' title='bbox 983 4233 1081 4290; x_wconf 90' lang='lat'><strong>14.</strong></span> <span class='ocrx_word' id='word_1_376' title='bbox 1127 4224 1290 4310; x_wconf 76' lang='lat' dir='ltr'><strong>ideo]</strong></span> <span class='ocrx_word' id='word_1_377' title='bbox 1325 4229 1508 4291; x_wconf 79' lang='lat' dir='ltr'><strong>Klebs</strong></span> <span class='ocrx_word' id='word_1_378' title='bbox 1542 4229 1695 4290; x_wconf 75' lang='lat' dir='ltr'><strong>Phil.</strong></span> <span class='ocrx_word' id='word_1_379' title='bbox 1731 4247 1789 4288; x_wconf 73' lang='lat' dir='ltr'><strong>n.</strong></span> <span class='ocrx_word' id='word_1_380' title='bbox 1820 4229 1949 4304; x_wconf 79' lang='lat' dir='ltr'><strong>Ip.</strong></span> <span class='ocrx_word' id='word_1_381' title='bbox 1982 4229 2113 4289; x_wconf 83' lang='lat'><strong>559</strong></span> <span class='ocrx_word' id='word_1_382' title='bbox 2139 4245 2220 4303; x_wconf 77' lang='lat' dir='ltr'><strong>sq.</strong></span> <span class='ocrx_word' id='word_1_383' title='bbox 2258 4231 2322 4288; x_wconf 91' lang='lat' dir='ltr'><strong>in</strong></span> <span class='ocrx_word' id='word_1_384' title='bbox 2360 4247 2429 4288; x_wconf 93' lang='lat' dir='ltr'><strong>eo</strong></span> <span class='ocrx_word' id='word_1_385' title='bbox 2466 4228 2523 4287; x_wconf 93' lang='lat' dir='ltr'><strong><em>P</em></strong></span> 
     </span>
     <span class='ocr_line' id='line_1_44' title="bbox 817 4313 2877 4400; baseline -0 -20"><span class='ocrx_word' id='word_1_386' title='bbox 817 4313 930 4400; x_wconf 79' lang='lat'><strong>16,</strong></span> <span class='ocrx_word' id='word_1_387' title='bbox 982 4323 1082 4381; x_wconf 80' lang='lat'><strong>20.</strong></span> <span class='ocrx_word' id='word_1_388' title='bbox 1128 4318 1478 4397; x_wconf 66' lang='lat' dir='ltr'><strong>Symmetria</strong></span> <span class='ocrx_word' id='word_1_389' title='bbox 1531 4319 2028 4380; x_wconf 68' lang='lat' dir='ltr'><strong>adclamationum</strong></span> <span class='ocrx_word' id='word_1_390' title='bbox 2070 4319 2270 4386; x_wconf 71' lang='lat' dir='ltr'><strong>multis</strong></span> <span class='ocrx_word' id='word_1_391' title='bbox 2314 4319 2453 4379; x_wconf 77' lang='lat' dir='ltr'><strong>locis</strong></span> <span class='ocrx_word' id='word_1_392' title='bbox 2497 4319 2735 4379; x_wconf 65' lang='lat' dir='ltr'><strong>turbata</strong></span> <span class='ocrx_word' id='word_1_393' title='bbox 2780 4321 2877 4379; x_wconf 70' lang='lat' dir='ltr'><strong>est.</strong></span> 
     </span>
    </p>
   </div>
  </div>
 </body>
</html>
