3234 5034
486 1723 597 1804 E

492 1813 596 1861 ¹712

490 2116 599 2195 3—'7

489 2205 597 2254 ‘117

634 345 723 409 64
1360 345 1432 398 Μ.
1466 343 1730 398 VIPSAN
1731 344 1846 399 IVS
1883 343 2203 400 AGRIPPA

814 506 904 574 28
916 512 978 575 *.
1020 513 1181 575 Suet.
1205 515 1281 574 de
1303 531 1501 589 yram.
1524 513 1613 573 16
1628 531 1696 590 p.
1715 513 1846 573 112
1869 513 1972 590 Rs.
2011 513 2076 585 Q.
2099 513 2390 576 Caecilius
2417 513 2662 594 Epirota
2689 513 2922 575 Tusculi

634 617 811 672 natus
858 609 1108 672 libertus
1154 611 1349 689 Attici,
1390 645 1471 653 —
1512 628 1648 671 cum
1697 610 1879 671 filiam
1935 613 2172 692 patroni
2226 620 2469 692 nuptam
2527 611 2600 673 M.
2639 613 2923 693 Agrippae

638 708 900 790 doceret,
939 716 1252 789 suspectus
1298 711 1361 769 in
1400 727 1467 770 ea
1516 715 1577 770 et
1622 707 1698 768 ob
1739 709 1852 770 hoc
1889 718 2168 792 remotus,
2209 709 2282 772 ad
2319 710 2660 772 Cornelium
2701 710 2923 772 Gallum

636 826 702 868 se
740 807 991 869 contulit
1026 810 1293 888 uixitque
1340 825 1456 869 una
1502 806 1984 890 familiarissime,
2033 809 2190 889 quod
2235 811 2352 890 ipsi
2389 808 2551 870 Gallo
2598 811 2760 871 inter
2801 829 2924 889 gra-

634 909 885 968 uissima
930 909 1181 968 crimina
1228 906 1300 967 ab
1346 907 1609 986 Augusto
1657 907 1931 968 obicitur.
2950 921 2998 992 ϋα

814 1000 905 1066 24
916 1005 978 1067 *.
1047 1007 1269 1067 Isidor.
1318 1009 1395 1067 de
1448 1015 1573 1066 nat.
1623 1025 1746 1067 rer.
1787 1007 1891 1079 44,
1921 1007 1964 1065 4
2027 1005 2102 1066 Et
2164 1007 2464 1086 Augustus
2527 1009 2749 1086 inquit:
2815 1005 2926 1068 Nos

632 1106 911 1166 uenimus
958 1101 1265 1184 Neapolim
1312 1103 1497 1165 fluctu
1546 1102 1787 1183 quidem
1837 1105 2058 1184 caeco.]

1250 1389 1345 1462 M.
1384 1387 1775 1462 WPSAM
1829 1389 2315 1464 AGRIPPAE

1508 1551 1616 1610 DE
1667 1551 1860 1612 V1TA
1909 1552 2062 1612 SVA

816 1705 929 1774 1²¹⁶.
980 1713 1135 1773 Ptin.
1173 1731 1232 1772 n.
1269 1714 1326 1772 h.
1372 1713 1499 1772 VII
1535 1712 1668 1771 147
1715 1711 1781 1772 ln
1831 1709 1970 1773 diuo
2019 1731 2253 1792 quoque
2299 1713 2562 1792 Augusto
2601 1747 2688 1755 --
2725 1731 2927 1792 magna

636 1812 815 1870 sortis
861 1810 1154 1870 humanae
1201 1811 1579 1890 reperiantur
1614 1808 1948 1871 uolumina:
1987 1845 2071 1853 ——
2109 1810 2479 1891 Philippensi
2515 1809 2743 1890 proelio
2783 1828 2928 1870 mor-

635 1907 764 1969 bidi
818 1909 954 1988 fuga
1011 1915 1072 1968 et
1124 1907 1323 1968 triduo
1372 1909 1437 1968 in
1482 1907 1697 1987 palude
1748 1910 1973 1987 aegroti
2019 1916 2094 1988 et,
2140 1917 2209 1969 ut
2255 1909 2516 1970 fatentur
2561 1909 2820 1989 Agrippa
2863 1926 2928 1968 ac
2953 1927 2998 1966 ιο

636 2005 964 2086 Maecenas,
1012 2024 1163 2085 aqua
1209 2005 1417 2067 subter
1462 2013 1659 2066 cutem
1709 2006 1838 2066 fusa
1887 2005 2109 2085 turgidi
2155 2007 2397 2068 latebra.

816 2099 879 2168 2.
939 2105 1113 2166 Seru.
1153 2113 1316 2165 auct.
1356 2105 1444 2164 ad
1480 2105 1656 2180 Very.
1693 2123 1904 2180 qeory.
1946 2105 2025 2165 ῙῙ
2061 2105 2192 2165 162
2258 2107 2515 2186 Agrippa
2562 2107 2625 2166 in
2673 2103 2928 2166 secundo

636 2204 796 2264 uitae
834 2222 976 2264 suae
1017 2201 1161 2263 dicit
1198 2203 1566 2280 excogitasse
1606 2221 1689 2281 se,
1735 2210 1801 2263 ut
1839 2221 1910 2263 ex
1949 2201 2208 2264 Lucrino
2247 2202 2378 2264 lacu
2415 2213 2654 2284 portum
2697 2203 2928 2264 faceret.

635 2319 847 2363 uerum
893 2301 1073 2362 huius
1118 2300 1303 2381 gloria
1348 2301 1612 2380 Augusto
1665 2301 1863 2362 cessit.

816 2394 935 2462 3³¹².
984 2401 1141 2460 Plin.
1179 2399 1475 2460 XXXVI
1513 2399 1643 2459 121
1713 2398 1831 2459 Sed
1879 2398 2154 2462 dicantur
2197 2418 2343 2461 uera
2387 2401 2797 2461 aestimatione
2843 2402 2927 2460 in-
2957 2417 3000 2457 u·

634 2499 795 2559 uicta
841 2497 1142 2559 miracula.
1215 2495 1281 2568 Q.
1320 2496 1578 2557 Marcius
1614 2495 1739 2557 Rex
1787 2499 1987 2558 iussus
2036 2516 2067 2559 a
2115 2507 2324 2559 senatu
2371 2516 2656 2577 aquarum
2695 2499 2930 2577 Appiae,

635 2597 900 2675 Anienis,
936 2595 1197 2676 Tepulae
1246 2594 1459 2657 ductus
1504 2596 1755 2656 relicere
1801 2614 2022 2658 nouam
2067 2614 2098 2656 a
2145 2599 2384 2657 nomine
2431 2615 2540 2656 suo
2583 2594 2928 2675 appellatam

636 2693 931 2756 cuniculis
987 2713 1097 2774 per
1149 2703 1381 2755 montes
1428 2695 1577 2755 actis
1624 2695 1781 2755 intra
1827 2702 2143 2773 praeturae
2191 2712 2333 2756 suae
2382 2702 2616 2773 tempus
2665 2692 2930 2773 adduxit3

635 2794 894 2873 Agrippa
938 2811 1085 2854 uero
1132 2795 1195 2853 in
1242 2791 1540 2853 aedilitate
1586 2791 1817 2852 adiecta
1856 2792 2097 2871 Virgine
2155 2811 2306 2872 aqua
2356 2795 2692 2871 ceterisque
2740 2794 2931 2852 conri-

634 2893 791 2953 uatis
838 2899 1013 2971 atque
1061 2889 1391 2952 emendatis
1438 2890 1601 2951 lacus
1641 2892 2054 2970 septingentos
2093 2890 2250 2970 fecit,
2297 2898 2606 2971 praeterea
2656 2890 2932 2950 salientes
2959 2908 3007 2948 ιο

636 2992 1008 3070 quingentoS,
1056 2987 1296 3049 castella
1342 2994 1582 3049 centum
1627 2989 1888 3067 triginta,
1939 2988 2245 3069 complura
2293 2996 2353 3050 et
2397 2988 2562 3050 cultu
2607 2989 2934 3068 magnifica,

637 3088 919 3168 operibus
956 3090 1033 3148 iis
1070 3089 1239 3166 signa
1276 3093 1542 3147 trecenta
1583 3105 1758 3148 aerea
1798 3094 1899 3148 aut
1937 3104 2269 3148 marmorea
2305 3089 2584 3167 inposuit,
2632 3086 2934 3148 columnas

635 3206 670 3248 e
718 3205 1012 3247 marmore
1061 3183 1539 3264 quadringentas,
1588 3203 1774 3264 eaque
1823 3187 2022 3246 omnia
2067 3203 2262 3246 annuo
2309 3187 2516 3265 spatio.
2583 3185 2763 3246 adicit
2809 3187 2934 3265 ipse

816 3392 915 3448 24.
954 3395 1079 3448 Hoc
1112 3393 1187 3460 fr.
1216 3398 1492 3460 sumptum
1530 3407 1596 3446 ex
1632 3391 1884 3447 Suetonii
1913 3399 2063 3462 prat.
2103 3393 2168 3446 de
2205 3398 2320 3446 nat.
2349 3409 2452 3447 rer.
2476 3409 2534 3461 p.
2563 3395 2674 3446 244
2713 3391 2810 3460 Rs.

820 3465 879 3520 1.
916 3465 1095 3520 Aliud
1132 3465 1423 3535 Λυρκείας
1458 3463 1520 3516 in
1555 3480 1662 3517 sua
1697 3465 1820 3518 uita
1858 3465 2158 3530 rettulerat,
2195 3463 2264 3530 cf.
2294 3463 2367 3530 fr.
2398 3467 2471 3518 10
2507 3480 2630 3519 cum
2665 3465 2796 3518 adn.

816 3536 875 3592 2.
904 3531 1111 3605 Ἔργον
1148 3531 1563 3605 μεγαλοπρεπὲς
1600 3535 1670 3588 ab
1708 3535 1970 3606 Ayrippa
2011 3541 2061 3589 et
2095 3536 2460 3606 excoyitatum
2497 3541 2551 3590 et
2585 3535 2938 3602 aedificatum

635 3626 747 3665 csse
776 3609 1037 3679 pluribus
1072 3609 1337 3662 narrauit
1363 3607 1480 3661 Dio
1520 3605 1667 3661 Cass.
1698 3611 1792 3673 48,
1830 3611 2062 3662 49—51.

821 3807 938 3894 23,
988 3817 1045 3873 2.
1092 3812 1239 3874 satti
1282 3812 1379 3871 ud
1423 3811 1575 3871 sacti
1620 3813 1716 3872 uel
1761 3813 1878 3871 sati
1925 3813 2064 3872 libri
2109 3810 2300 3870 Attici
2345 3810 2680 3872 Beroaldus

819 3895 885 3982 1,
936 3907 989 3963 9.
1028 3901 1284 3962 morbidi
1310 3903 1441 3961 Joen
1484 3901 1678 3961 morbi
1703 3902 1867 3962 codd.
2071 3902 2170 3959 10.
2219 3899 2504 3978 agrippae
2541 3899 2662 3960 cod.
2691 3891 2934 3973 R(0'cc.)¹

639 4012 869 4070 ›—pam
898 3985 983 4050 Β*
1163 4011 1232 4052 ac
1276 3991 1587 4050 Maecenas
1637 4007 1750 4050 om.
1781 3991 1854 4050 R.

819 4075 884 4162 2,
938 4083 1034 4142 13.
1099 4083 1297 4141 lacum
1342 4081 1464 4139 Vat.
1783 4081 1883 4138 14.
1941 4079 2136 4156 operis
2170 4083 2309 4154 post
2349 4077 2531 4138 huius
2577 4077 2715 4138 add.
2769 4077 2934 4137 Thilo

640 4171 897 4250 gloriam
944 4172 1265 4231 Burmann

819 4253 889 4340 3,
939 4263 1039 4321 20.
1087 4260 1369 4320 salientes
1396 4259 1684 4318 Budaeus
1729 4257 2052 4334 psallentes
2099 4257 2219 4317 cod.
2251 4257 2462 4316 Bamb.
2509 4255 2758 4334 sapient
2799 4257 2934 4316 Rio-

635 4351 800 4410 card.
830 4351 999 4410 Leid.
