3234 5034
266 861 292 902 5

246 1265 295 1303 1⁰

246 1673 293 1713 15

964 305 1058 360 DE
1096 305 1341 362 GENTE
1380 304 1642 360 POPVLI
1679 305 1970 362 ROMANI
2549 310 2629 374 15

324 471 505 534 nabat
558 475 621 534 in
680 492 887 535 earum
942 483 1240 536 terrarum
1288 473 1576 554 partibuS,
1623 474 1728 535 ubi
1775 477 2030 535 maxime
2079 475 2302 536 factum
2350 485 2460 536 est.
2521 477 2633 537 hoc

324 579 523 634 autem
579 570 875 634 diluuium
932 591 1305 654 nequaquam
1363 571 1437 634 ad
1490 572 1822 653 Aegyptum
1879 581 2056 653 atque
2113 573 2186 634 ad
2247 576 2378 634 eius
2433 576 2632 636 uicina

323 671 619 749 peruenit.

536 763 778 835 August.
816 763 883 818 de
918 765 1028 819 eiu.
1057 764 1111 818 d.
1143 763 1205 818 X
1216 763 1374 819 VIII
1402 766 1443 816 2
1488 761 1727 828 Quando
1773 779 1908 834 ergo
1962 765 2132 818 natue
2187 765 2274 818 est
2327 764 2632 830 Abraham,

394 842 628 898 secundi
674 858 838 914 reges
885 845 1049 898 erant
1104 845 1243 914 aput
1287 842 1546 912 Assyrios
1586 831 1804 911 Ninus,
1859 845 2001 913 aput
2045 842 2337 912 Sicyonios
2387 843 2632 916 Europs;

393 923 566 993 primi
608 925 800 978 autem
839 921 959 978 illic
996 921 1184 990 Belus,
1221 921 1315 977 hio
1353 921 1657 992 Aegialeus
1693 920 1936 976 fuerunt.
1973 954 2046 963 —
2084 922 2471 992 Sicyoniorum
2508 942 2632 995 reg-

393 1020 530 1056 num
558 1006 697 1057 tunc
725 1003 1081 1075 [temporibus
1106 1003 1216 1070 filii
1242 1002 1415 1074 Nim']
1443 1001 1678 1056 tenebat
1705 999 1956 1058 Telxion.
2010 1020 2122 1073 quo
2151 1007 2424 1073 regnante
2451 1021 2632 1072 usque

393 1082 538 1137 adeo
584 1082 669 1138 ibi
714 1083 881 1138 mitia
926 1085 986 1138 et
1030 1081 1184 1138 laeta
1228 1084 1485 1152 tempora
1530 1081 1785 1151 fuerunt,
1822 1084 1889 1136 ut
1925 1099 2053 1136 eum
2099 1083 2431 1139 defunctum
2464 1085 2634 1141 uelut

393 1163 563 1217 deum
609 1163 860 1218 colerent
913 1163 1279 1218 sacrificando
1333 1166 1392 1218 et
1439 1161 1605 1217 ludos
1653 1161 2018 1231 celebrando,
2067 1181 2208 1232 quos
2255 1166 2314 1219 et
2369 1165 2630 1234 primitus

392 1242 688 1299 institutos
715 1243 920 1300 ferunt.
977 1261 1021 1298 c.
1054 1247 1103 1299 3.
1137 1275 1202 1284 —-
1233 1242 1525 1298 Abraham
1553 1274 1620 1284 -
1653 1241 1952 1298 defunctus
1980 1244 2069 1298 est
2096 1244 2464 1314 regnantibus
2493 1249 2635 1316 aput

391 1323 654 1393 Assyrios
690 1323 865 1378 Xerse
900 1322 1001 1380 illo
1039 1322 1359 1393 antiquiore
1393 1355 1460 1364 —
1500 1325 1559 1377 et
1607 1325 1752 1393 aput
1797 1321 2086 1392 Sicyonios
2124 1323 2422 1394 Thuriaco,
2462 1342 2628 1394 quem

392 1403 627 1472 quidam
655 1403 1083 1476 [Hieronymus]
1110 1403 1551 1458 Thurimachum
1580 1403 1852 1473 scribunt,
1891 1404 2148 1475 septimis
2176 1405 2420 1475 regibus.
2479 1405 2626 1475 Reg-

392 1501 529 1537 num
566 1488 759 1539 autem
795 1483 1137 1555 Argiuorum
1174 1483 1342 1539 simul
1381 1501 1507 1538 oum
1546 1483 1807 1538 Abrahae
1841 1484 2146 1554 nepotibus
2181 1475 2371 1539 ortum
2401 1487 2504 1554 est,
2531 1487 2629 1540 ubi

394 1564 609 1634 primus
644 1566 912 1636 regnauit
944 1565 1207 1621 Inachus.

507 1645 673 1715 11³⁸.
721 1653 977 1728 Anqust.
1009 1655 1087 1714 de
1124 1657 1243 1714 eiu.
1275 1655 1331 1713 d.
1360 1652 1603 1713 XVIII
1631 1653 1676 1710 3
1723 1651 1877 1712 Sane
1925 1649 2084 1731 quod
2129 1653 2630 1732 praetereundum

323 1767 445 1811 non
491 1750 622 1829 fuit,
668 1752 849 1812 etiam
893 1758 1039 1831 aput
1084 1750 1427 1830 sepulerum
1476 1751 1717 1830 septimi
1765 1753 1859 1811 sui
1907 1751 2066 1829 regis
2113 1749 2398 1811 Thuriaei
2445 1755 2628 1812 sacri-

324 1847 505 1909 ficare
552 1848 863 1928 Sicyonios
910 1849 1105 1911 solere
1151 1849 1335 1910 Varro
1383 1849 1586 1910 refert.
1625 1883 1714 1892 —

535 1939 641 1994 His
686 1941 1033 2010 temporibus
1080 1939 1319 1995 Graecia
1364 1940 1469 1995 sub
1516 1940 1809 1995 Phoroneo
1845 1939 2111 2010 Argolico
2157 1956 2292 2010 rege
2335 1941 2527 2011 legum
2572 1945 2632 1997 et

394 2019 733 2076 iudiciorum
778 2021 1121 2091 quibusdam
1168 2020 1373 2076 clarior
1416 2019 1572 2076 facta
1618 2024 1708 2075 est
1752 2019 2047 2076 institutis.
2131 2021 2392 2092 Phegous
2439 2025 2631 2078 tamen

394 2099 572 2156 frater
606 2101 775 2156 huius
810 2101 1089 2156 Phoronei
1134 2101 1324 2156 iunior
1360 2119 1489 2156 eum
1527 2105 1678 2157 esset
1724 2104 2001 2170 mortuus,
2041 2099 2114 2154 ad
2151 2101 2273 2155 eius
2313 2102 2631 2174 sepulcrum

394 2181 671 2252 templum
716 2185 803 2236 est
840 2181 1236 2249 constitutum,
1274 2185 1332 2234 in
1379 2197 1491 2252 quo
1529 2179 1806 2236 coleretur
1841 2183 1906 2234 ut
1952 2180 2090 2235 deus
2139 2184 2198 2236 et
2235 2181 2288 2236 ei
2315 2183 2490 2238 boues
2527 2182 2631 2237 im-

395 2259 754 2317 molarentur.
812 2260 992 2316 Credo
1030 2262 1241 2316 honore
1278 2263 1443 2316 tanto
1471 2261 1601 2315 ideo
1632 2260 1868 2330 dignum
1894 2264 2185 2331 putarunt,
2215 2264 2352 2332 quia
2379 2264 2440 2317 in
2467 2264 2628 2334 regni

396 2342 485 2396 sui
520 2345 683 2413 parte
720 2345 907 2413 (pater
941 2341 1151 2413 quippe
1187 2342 1314 2397 loca
1350 2341 1628 2397 ambobus
1667 2341 2060 2409 distribuerat,
2098 2343 2160 2396 in
2195 2342 2402 2412 quibus
2440 2359 2506 2398 eo
2543 2344 2630 2397 ui-

399 2426 565 2478 uente
602 2426 943 2494 regnarent,)
988 2423 1097 2478 iste
1145 2422 1355 2478 sacella
1400 2422 1775 2478 constituerat
1820 2421 1894 2476 ad
1940 2420 2206 2478 colendos
2252 2423 2386 2476 deos
2433 2426 2491 2477 et
2532 2423 2632 2480 do-

397 2507 590 2558 cuerat
626 2503 918 2558 obseruari
952 2507 1209 2575 tempora
1244 2519 1349 2573 per
1382 2518 1602 2558 menses
1642 2505 1814 2572 atque
1851 2519 2046 2571 annos,
2084 2503 2221 2574 quid
2259 2519 2450 2558 eorum
2491 2521 2630 2572 qua-

394 2586 561 2639 tenus
597 2585 932 2639 metirentur
965 2586 1140 2653 atque
1175 2586 1551 2638 numerarent.
1588 2583 1732 2639 haec
1769 2584 1828 2638 in
1867 2599 1934 2637 eo
1970 2599 2121 2637 noua
2156 2584 2426 2638 mirantes
2462 2585 2630 2639 rudes

397 2665 583 2719 adhue
618 2664 875 2720 homines
912 2667 1091 2720 morte
1128 2664 1288 2719 obita
1325 2665 1493 2719 deum
1530 2680 1654 2718 esse
1691 2663 1907 2718 factum
1947 2663 2070 2719 siue
2097 2662 2318 2734 opinati
2348 2667 2481 2719 sunt
2507 2663 2629 2719 siue

396 2743 710 2801 uoluerunt.
768 2761 903 2799 nam
932 2745 991 2800 et
1016 2744 1077 2799 Io
1114 2743 1236 2800 filia
1269 2744 1465 2800 Inachi
1501 2743 1678 2799 fuisse
1717 2743 2061 2814 perhibetur,
2101 2759 2248 2812 quae
2284 2747 2485 2814 postea
2520 2745 2625 2799 leis

396 2823 690 2895 appellata
723 2827 790 2880 ut
822 2841 1033 2896 magna
1070 2825 1179 2880 dea
1216 2825 1371 2880 culta
1406 2827 1496 2880 est
1530 2825 1592 2878 in
1629 2825 1918 2895 Aegypt03
1955 2824 2218 2893 quamuis
2247 2824 2350 2878 alii
2377 2825 2629 2880 sei-ibant

398 2921 521 2960 eam
551 2921 619 2959 ex
638 2904 943 2975 Aethiopia
968 2904 1031 2959 in
1051 2906 1374 2977 Aegyptum
1400 2905 1626 2960 uenisse
1654 2904 1926 2976 reginam,
1955 2908 2015 2960 et
2041 2904 2194 2974 quod
2221 2904 2339 2960 late
2367 2905 2627 2975 iusteque

395 2985 787 3056 imperauerit,
825 2985 1019 3055 eisque
1055 2985 1238 3040 multa
1275 2985 1569 3040 commoda
1606 2987 1665 3039 et
1702 2984 1924 3040 litteras
1960 2984 2297 3053 instituerit,
2343 2985 2496 3038 hune
2529 2985 2629 3039 ho-

394 3081 589 3120 norem
640 3065 728 3120 illi
773 3065 1035 3121 habitum
1082 3082 1202 3121 esse
1250 3065 1533 3134 diuinum,
1579 3069 1954 3135 posteaquam
2001 3064 2083 3119 ibi
2129 3068 2351 3120 mortua
2406 3067 2520 3133 est,
2571 3069 2630 3120 et

396 3148 621 3201 tantum
665 3146 961 3214 honorem,
1005 3150 1073 3201 ut
1108 3146 1345 3218 capitali
1382 3145 1615 3200 erimine
1651 3161 1782 3200 reus
1818 3146 2002 3212 fieret,
2041 3146 2090 3199 si
2127 3146 2256 3214 quis
2292 3161 2414 3200 eam
2453 3145 2628 3201 fuisse

396 3227 684 3282 hominem
720 3227 948 3282 diceret.

505 3387 607 3443 1⁰.
646 3389 769 3443 Hoc
802 3389 875 3456 fr.
906 3390 1201 3444 continuat
1234 3388 1307 3455 fr.
1340 3391 1413 3443 7⁶.
1447 3420 1513 3428 —
1545 3403 1611 3442 eo
1649 3387 1802 3456 quod
1832 3419 1899 3429 -
1929 3385 2192 3457 peruenit
2225 3403 2339 3441 mm
2375 3387 2452 3441 ad
2489 3387 2626 3442 Vm·-

506 3477 577 3585 ⁷⁸0·
600 3503 817 3586 Tertiae
850 3547 951 3586 rex
994 3531 1231 3597 Teichion,
1267 3538 1499 3601 quartus
1534 3532 1697 3600 Apis,
1731 3537 1918 3586 sextus
1957 3531 2246 3600 Aeyydrue
2280 3530 2527 3597 fuerunt.

506 3602 827 3686 11.·Secuti
868 3609 1001 3658 eunt
1042 3603 1379 3658 numae-um
1426 3603 1579 3671 apud
1631 3602 1675 3656 S
1686 3603 1696 3614 “
1763 3603 1920 3658 onio-3
1971 3601 2287 3669 Leucippus
2295 3641 2336 3684 ,ι
2368 3600 2630 3670 Cephisus

328 3675 507 3811 m?
532 3673 1744 3815 ffssfflmfflmtfflzssfflssssffl
1639 3674 1714 3828 ,Ρ
1743 3671 2628 3816 ,mamamwifflt

327 3817 445 3883 bus,
478 3816 744 3883 Inachus,
782 3817 1068 3882 maestus,
1106 3815 1403 3883 Adrastus,
1442 3817 1757 3886 Polypzdes,
1796 3815 2081 3886 Pelasgus,
2117 3816 2456 3884 Zeuxtppue.

414 3961 425 3971 Ι
507 3887 657 3944 Ordo
691 3905 881 3958 requm
909 3888 1253 3971 Argiuorum
1288 3888 1376 3942 hic
1401 3887 1542 3954 fuit:
1577 3888 1838 3954 Inachus,
1868 3886 2204 3951 Phoroneus,
2233 3888 2393 3956 Apis,
2422 3887 2628 3958 Aryus,

330 3959 578 4098 Onna-sus:
612 3959 885 4086 wau?
913 3959 1165 4028 Tnopas,
1206 3959 1489 4028 cfr-atowe,
1527 3958 1828 4024 Sthenelus,
1865 3959 2126 4024 Danaus,
2155 3959 2426 4028 Lynceus,
2455 3959 2628 4026 Abas,

510 4208 629 4298 10,
680 4219 736 4277 7.
784 4217 1005 4294 telsyon
1048 4241 1087 4277 α
1226 4219 1325 4277 11.
1372 4216 1646 4294 tyriaoho
1685 4217 1718 4276 b
1791 4216 2065 4292 thyriaco
2111 4238 2204 4295 ρα
2345 4217 2442 4277 12.
2489 4216 2627 4293 thy-

330 4305 615 4368 rimacum
661 4308 809 4387 ὸρα
