3234 5034
615 334 933 382 Lxxxxw
1115 313 1210 368 DE
1249 313 1717 369 SCRIPTORVM
1752 312 1942 368 VITIS
1980 313 2076 367 ΕΤ
2115 311 2430 368 SCRIPTIS

603 484 1097 560 commentarios,
1134 483 1492 560 praesertim
1530 483 1636 561 qui
1674 479 1931 542 mediam
1968 482 2130 541 uiam
2168 482 2328 541 inter
2364 479 2615 542 Brutum
2653 479 2931 542 Octauia-

617 599 880 660 numque
929 587 1224 658 tenerent,
1275 578 1637 658 adhibuisse,
1686 579 1825 640 dum
1874 582 1936 639 in
1983 579 2192 658 quinto
2240 577 2395 638 libro
2440 577 2573 639 aliis
2613 577 2935 640 destitutus

615 686 782 740 totus
828 680 1082 757 Augusti
1128 679 1545 739 auctoritatem
1591 676 2073 757 amplecteretur.

795 775 998 837 Multis
1043 777 1230 855 igitur
1275 774 1517 836 indiciis
1563 794 1674 836 nos
1722 774 1796 836 ad
1844 775 1952 836 has
1998 775 2281 836 historias
2328 774 2733 836 restituendas
2780 773 2935 836 trahi

615 873 910 952 uidemus,
970 891 1185 935 uerum
1243 881 1440 935 tamen
1495 875 1602 952 qui
1648 873 1825 934 altius
1880 876 1945 934 in
2002 892 2131 934 eam
2188 890 2318 934 rem
2373 875 2807 953 penetrauerit‚
2866 873 2936 934 de

614 972 728 1033 hoc
775 990 957 1051 opere
1013 971 1386 1051 periculosae
1447 971 1626 1051 pleno
1674 971 1836 1032 aleae
1882 989 2020 1032 mox
2070 969 2430 1050 desperabit.
2486 989 2623 1032 nam
2672 979 2734 1032 et
2782 972 2936 1051 apud

615 1069 1002 1131 Plutarchum
1049 1079 1110 1130 et
1156 1068 1312 1149 apud
1350 1071 1686 1149 Appianum
1733 1088 1943 1131 eorum
1989 1071 2278 1130 memoria
2336 1068 2651 1130 admodum
2700 1068 2937 1130 turbata

617 1177 826 1229 exstat.
899 1167 1068 1228 uelut
1115 1168 1289 1246 dicta,
1335 1166 1554 1247 quibus
1591 1168 1865 1228 Asinium
1911 1169 2107 1246 ipsum
2164 1166 2443 1228 floruisse
2502 1175 2711 1228 notum
2758 1176 2854 1228 est
2866 1161 2936 1252 ¹),

615 1283 724 1345 pro
763 1285 872 1327 suo
909 1267 1163 1346 quisque
1203 1266 1426 1328 iudicio
1467 1265 1649 1344 elegit
1687 1275 1865 1345 atque
1896 1264 1968 1327 de
1996 1267 2145 1344 ipsis
2172 1264 2350 1325 modo
2390 1265 2463 1326 ad
2499 1265 2755 1327 uerbum
2796 1285 2935 1327 con·

617 1367 827 1425 6100111
870 1371 971 1425 aut
1019 1363 1380 1443 discrepant,
1424 1363 1602 1425 modo
1650 1365 1779 1443 ipsa
1826 1364 2083 1424 afferunt
2129 1372 2232 1424 aut
2278 1362 2566 1442 alludunt,
2613 1362 2791 1424 modo
2829 1365 2935 1424 hos

615 1462 791 1522 modo
847 1461 979 1522 illos
1037 1460 1306 1523 dicentes
1360 1463 1614 1542 faciunt,
1671 1461 1828 1541 apud
1881 1461 1991 1522 bos
2050 1469 2153 1521 aut
2205 1461 2363 1540 apud
2418 1460 2581 1540 illos,
2636 1462 2751 1522 hoc
2806 1461 2934 1523 loco

613 1567 962 1639 temporeue
1019 1569 1121 1621 aut
1175 1560 1294 1622 1110.
1369 1562 1589 1640 spretis
1648 1562 1867 1621 ceteris
1925 1559 2107 1621 rebus
2165 1558 2539 1621 dicacitatem
2596 1558 2783 1620 solam
2832 1577 2935 1621 eos

615 1676 860 1719 curasse
907 1659 1184 1738 sequitur
1229 1676 1625 1738 sermoneque
1672 1657 1903 1719 urbano
1950 1657 2136 1718 multa
2181 1656 2423 1736 uulgata
2468 1668 2529 1719 et
2565 1667 2790 1718 mutata
2828 1676 2935 1737 per

615 1775 720 1816 ora
765 1756 1074 1817 hominum
1120 1756 1422 1818 uolitasse.
1498 1763 1627 1817 tum
1673 1755 1763 1816 illi
1810 1757 2135 1835 scriptores
2180 1757 2493 1816 materiam
2540 1754 2823 1817 traditam
2877 1764 2937 1817 et

616 1852 813 1915 colore
871 1861 931 1915 et
985 1854 1278 1915 electione
1332 1853 1820 1934 uerbositateque
1877 1860 1938 1915 et
1993 1853 2191 1914 studio
2256 1855 2670 1932 uariauerunt,
2738 1871 2933 1933 neque

617 1951 882 2013 discerni
927 1960 1148 2031 potest,
1193 1960 1396 2014 utrum
1445 1971 1553 2014 suo
1602 1954 1857 2033 quisque
1902 1953 2145 2031 ingenio
2192 1950 2514 2012 indulserit
2558 1969 2633 2012 an
2680 1954 2801 2013 iam
2848 1950 2933 2012 di·

615 2067 933 2110 uersorum
979 2058 1291 2111 auctorum
1337 2049 1450 2110 hoc
1496 2069 1647 2130 opus
1694 2051 1877 2111 fuerit
1916 2044 2024 2132 (cf.
2062 2057 2315 2110 mortem
2364 2048 2605 2111 Catonis
2652 2067 2744 2128 ap.
2784 2049 2931 2111 Plut.

617 2146 784 2208 Caes.
825 2143 912 2208 54
959 2155 1018 2209 et
1064 2148 1210 2227 App.
1239 2148 1292 2208 ll
1331 2143 1469 2231 98).
1542 2148 1799 2228 denique
1846 2166 1923 2208 ne
1972 2146 2261 2208 iudicium
2310 2145 2551 2226 quidem
2602 2145 2674 2208 de
2722 2146 2931 2208 eodem

615 2246 856 2306 homine
922 2264 1030 2325 per
1097 2253 1276 2307 totam
1343 2249 1692 2308 memoriam
1761 2254 2105 2306 constanter
2168 2252 2476 2306 seruatum
2532 2254 2650 2324 est,
2708 2244 2817 2306 sed
2870 2247 2932 2306 in

617 2343 956 2404 laudatione
1004 2352 1168 2404 certe
1217 2346 1438 2404 mortui
1485 2361 1877 2424 quaecunque
1924 2351 2177 2423 possunt
2222 2342 2553 2422 probantur
2600 2352 2661 2404 et
2706 2345 2769 2404 in
2812 2362 2932 2404 me-

617 2440 825 2502 liorem
883 2448 1118 2520 partem
1173 2441 1628 2521 describuntur,
1679 2459 1798 2522 quo
1846 2443 1910 2502 in
1954 2459 2123 2502 more
2168 2443 2299 2520 ipse
2345 2441 2588 2502 Asinius
2635 2444 2937 2520 praeierat

619 2535 732 2618 (cf.
767 2540 852 2616 fr.
893 2537 983 2614 5).

795 2636 922 2698 Hoc
975 2645 1176 2698 tamen
1223 2636 1632 2717 Kornemann,
1680 2640 1793 2699 etsi
1839 2640 1904 2699 in
1952 2636 2205 2717 singulis
2260 2636 2443 2698 rebus
2490 2655 2610 2698 non
2656 2637 2933 2698 omuibus

619 2737 674 2795 ei
721 2735 1051 2813 adsentior,
1103 2753 1136 2796 e
1184 2737 1541 2815 comparatis
1595 2735 1901 2797 Plutarchi
1958 2743 2019 2798 et
2063 2736 2317 2815 Appiani
2370 2735 2817 2797 narrationibus
2872 2737 2933 2796 in

615 2835 970 2894 uniuersum
1017 2841 1180 2894 recte
1227 2834 1434 2895 elicuit
1477 2835 1749 2895 Asinium
1801 2836 2099 2894 imitatum
2158 2851 2291 2894 esse
2346 2832 2695 2895 Sallustium
2752 2836 2931 2896 etiam

617 2933 678 2991 in
728 2949 796 2992 ea
845 2933 1100 3009 ratione,
1156 2939 1224 2992 ut
1281 2949 1379 2991 res
1435 2950 1508 2993 ex
1555 2930 1753 2992 indole
1806 2939 1867 2993 et
1912 2940 2123 2992 natura
2172 2931 2478 2992 hominum
2526 2939 2827 3010 repeteret
2875 2940 2934 2992 et

529 3039 546 3058 ·
618 3027 941 3109 explicaret
987 3030 1084 3106 (p.
1125 3029 1255 3092 608
1273 3026 1450 3110 sqq),
1508 3047 1685 3109 saepe
1750 3038 1977 3108 tamen,
2038 3031 2091 3089 si
2148 3028 2210 3088 id
2266 3047 2387 3089 non
2442 3030 2843 3108 contingeret,
2900 3048 2931 3090 e

617 3127 889 3188 fortunae
939 3126 1185 3189 arbitrio
1225 3123 1320 3206 (p.
1359 3129 1491 3188 615
1509 3147 1637 3204 sqq.
1672 3147 1740 3204 p.
1780 3129 1913 3190 656
1930 3124 2068 3206 sq),
2114 3134 2241 3188 tum
2289 3145 2408 3188 non
2457 3129 2603 3188 satis
2649 3126 2932 3189 habuisse

619 3243 716 3286 res
763 3243 1040 3286 narrasse
1089 3225 1194 3286 sed
1241 3224 1534 3286 iudicium
1581 3243 1757 3286 suum
1804 3226 2237 3304 interposuisse
2284 3223 2384 3286 uel
2440 3223 2781 3286 laudantem
2832 3225 2930 3286 uel

616 3324 1090 3403 uituperantem‚
1145 3325 1402 3384 maxime
1459 3325 1521 3384 in
1577 3325 1808 3385 ratione
1855 3321 1997 3384 belli
2043 3322 2294 3402 gerendi
2340 3319 2433 3402 (p.
2474 3323 2606 3384 603
2622 3319 2799 3403 sqq).
2875 3332 2935 3384 at

619 3438 765 3481 uero
811 3438 956 3481 num
1000 3420 1130 3481 loca
1178 3438 1382 3482 rerum
1428 3429 1733 3499 gestarum
1772 3423 2098 3501 nominare,
2145 3430 2413 3500 tempora
2451 3423 2790 3482 accuratius
2830 3421 2930 3483 de·

618 3507 818 3597 linire,
879 3537 1081 3580 rerum
1137 3521 1356 3580 seriem
1411 3517 1732 3580 scribendo
1789 3521 1961 3599 sequi
2016 3521 2145 3598 ipse
2205 3520 2478 3580 omiserit
2524 3515 2645 3598 (sic
2690 3521 2930 3582 Korne-

617 3634 804 3678 mann
838 3635 906 3692 p.
945 3617 1078 3678 606
1095 3615 1212 3697 sq.)
1261 3635 1333 3678 an
1382 3616 1738 3678 Plutarchus
1783 3619 2223 3697 Appianusque‚
2268 3619 2334 3677 in
2371 3617 2601 3678 incerto
2639 3615 2929 3696 relinquo.

619 3714 734 3775 fuit
788 3715 950 3775 enim
995 3715 1110 3775 hoc
1157 3713 1421 3776 studium
1467 3716 1851 3794 rhetoricum,
1900 3735 1931 3776 a
1970 3733 2087 3795 quo
2124 3733 2201 3776 ne
2238 3715 2511 3776 Asinium
2548 3717 2791 3776 omnino
2831 3714 2929 3776 ab·

619 3812 926 3874 horruisse
974 3831 1110 3874 cum
1157 3831 1230 3875 ex
1277 3815 1655 3874 institutione
1694 3816 1825 3874 eius
1862 3815 2118 3874 oratoria
2156 3811 2462 3893 probabile
2500 3814 2596 3892 sit,
2633 3813 2931 3892 fragmen·

619 3910 699 3971 tis
751 3907 784 3971 1
837 3919 898 3971 et
945 3906 980 3970 7
1032 3912 1420 3972 confirmatur
1464 3911 1716 3994 aliisque
1765 3911 1911 3972 locis
1959 3909 2033 3972 ad
2070 3930 2208 3973 eum
2255 3910 2461 3972 relatis
2500 3907 2929 3990 (Kornemann

608 4027 675 4084 p.
717 4008 848 4068 628
865 4007 1039 4088 sqq).

803 4165 855 4228 1)
894 4160 1106 4216 Seneca.
1151 4179 1301 4218 suas.
1339 4169 1390 4232 6,
1421 4167 1506 4219 27.
1570 4163 1741 4220 Maur.
1780 4166 1887 4217 aab.
1928 4163 1978 4216 11
2023 4169 2076 4230 4,
2106 4168 2190 4216 21.
2257 4161 2339 4217 Cf.
2382 4161 2571 4228 Quint.
2602 4161 2679 4216 VI
2726 4167 2775 4232 8,
2811 4168 2927 4217 110.

621 4241 978 4296 Kornemann
1015 4259 1069 4311 p.
1102 4247 1205 4296 629
1227 4259 1348 4312 sqq.
1388 4241 1645 4298 Caesaris
1674 4247 1787 4313 (23)
1815 4242 1971 4298 dicta
1999 4241 2233 4313 collegit
2260 4246 2431 4311 atque
2460 4241 2634 4296 etiam
2662 4245 2739 4312 (4)
2768 4241 2927 4298 Pom-

619 4319 730 4391 pei,
767 4319 878 4376 etsi
915 4319 1100 4376 minus
1137 4325 1290 4378 recte
1327 4339 1454 4378 eam
1493 4322 1904 4378 abundantiam
1942 4337 1975 4376 6
2010 4325 2231 4394 tragico
2268 4337 2475 4394 genere
2510 4321 2757 4392 repetiit.
