3234 5034
489 231 698 287 AVGT.
721 233 766 285 A
799 231 1006 286 TREB.
1029 233 1390 290 POLLIONE
1421 237 1514 293 ΕΤ
1543 239 1648 294 PL.
1669 238 1972 294 VOPISCO
2002 237 2179 294 Nou.
2236 241 2676 289 chxxxvnu

374 401 663 482 Vopiscus
709 399 828 462 sibi
869 409 1282 482 proposuerat,
1327 413 1506 485 atque
1541 405 1893 469 Diocletiani
1938 408 2242 487 pertinent
2288 414 2676 487 tyrannorum

369 498 611 561 Proculi
657 499 997 580 Bonosique
1043 509 1106 562 et
1149 503 1527 582 imperatoris
1567 503 1769 566 Carini
1814 507 2228 567 infamationes
2274 503 2429 584 apud
2468 503 2677 565 Onesi·

369 617 538 660 mum
587 606 647 660 et
689 597 971 660 Fuluium
1017 599 1392 680 Asprianum.
1654 667 1665 678 ,

551 696 672 758 Sed
716 714 1044 778 persequar
1089 699 1374 782 singulos,
1421 702 1534 762 etsi
1569 720 1759 781 pauca
1806 701 1994 762 habeo
2040 717 2191 780 quae
2238 699 2466 762 addam.
2540 719 2677 762 nam

367 795 656 876 pleraque
703 795 953 876 singulis
997 796 1102 858 u‘el
1143 799 1522 879 testimoniis,
1569 818 1720 879 quae
1766 799 1841 861 ad
1887 799 2139 860 uerbum
2178 797 2475 878 descripta
2514 817 2676 860 nunc

369 893 664 974 colligam,
707 894 810 957 uel
854 895 1223 976 fragmentis,
1269 915 1420 977 quae
1466 898 1623 960 infra
1659 897 2003 976 recensebo,
2050 899 2449 959 continentur.

549 991 632 1054 De
690 993 1128 1072 Caelestino,
1184 1013 1363 1075 quem
1419 1005 1725 1059 auctorem
1780 995 2115 1057 Trebellius
2182 997 2359 1056 etiam
2424 998 2485 1056 in
2552 997 2675 1056 uita

370 1090 624 1154 Gallieni
671 1093 806 1168 (14,
844 1093 914 1167 9)
963 1109 1096 1156 esse
1143 1102 1385 1156 secutus
1427 1094 1689 1174 uidetur,
1734 1094 1855 1156 uid.
1887 1095 1967 1155 fr.
2011 1093 2043 1154 1
2086 1113 2137 1154 c.
2176 1093 2308 1154 adn.
2355 1113 2410 1174 p.
2455 1089 2601 1154 147.

547 1189 632 1252 De
680 1190 1004 1253 Palfurio
1042 1191 1220 1253 Sura
1267 1192 1380 1254 hoc
1416 1203 1505 1254 est
1546 1195 1953 1254 testimonium
1981 1190 2265 1252 Trebellii
2296 1190 2439 1254 Gall.
2473 1188 2573 1272 18,
2604 1189 2674 1253 6:

366 1291 650 1366 Lonaum
695 1298 786 1352 est
830 1295 962 1352 eius
1010 1289 1318 1370 [Gallieni]
1369 1300 1594 1353 cuneta
1650 1295 1717 1352 in
1762 1295 2001 1353 litteras
2045 1295 2303 1366 mittere,
2358 1309 2517 1368 quae
2571 1295 2679 1367 qui

367 1392 532 1450 uolet
575 1393 758 1466 seire,
795 1393 963 1465 ἱεραί
1007 1390 1358 1467 Palfurium
1404 1391 1649 1466 Suram,
1710 1393 1818 1466 qui
1862 1391 2285 1466 ephemeridas
2329 1393 2463 1451 eius
2507 1393 2678 1451 uitae

365 1491 718 1565 composuit.
802 1493 931 1548 erat
993 1488 1152 1548 enim
1220 1488 1334 1548 hoc
1395 1486 1616 1550 Romae
1682 1487 1757 1548 ab
1811 1487 2075 1566 Augusto
2130 1489 2545 1566 constitutum,
2608 1494 2679 1548 ut

363 1584 569 1648 liberti
641 1585 794 1647 facta
869 1585 1103 1647 dictaue
1176 1588 1238 1647 in
1305 1588 1763 1648 commentarios
1828 1585 2149 1666 referrent,
2224 1585 2385 1666 quod
2457 1603 2675 1648 munus

363 1683 687 1745 Alexandri
750 1683 962 1745 Seueri
1026 1692 1216 1746 aetate
1280 1684 1354 1746 ad
1418 1693 1642 1746 tantam
1698 1685 2109 1746 auctoritatem
2165 1691 2550 1764 peruenerat,
2610 1691 2677 1744 ut

364 1783 548 1843 etiam
585 1780 660 1843 ad
695 1799 818 1861 eos,
855 1783 961 1862 qui
996 1783 1193 1844 officio
1242 1780 1296 1843 ‘a
1343 1779 1661 1844 mandatis’
1707 1783 2007 1862 perfuncti
2054 1790 2270 1861 essent,
2324 1782 2673 1843 deferretur.

363 1899 504 1942 nam
551 1879 712 1960 quod
757 1881 820 1942 in
868 1881 1257 1961 inscriptione
1294 1880 1678 1960 Theoprepes
1722 1877 2100 1961 ‘procurator
2143 1880 2217 1941 ab
2264 1876 2670 1960 ephemeride’

364 1985 872 2042 commemoratur
898 1979 1143 2053 (Gesch.
1173 1979 1316 2041 Lite.
1347 1981 1388 2040 I
1403 1999 1471 2057 p.
1501 1979 1636 2040 350
1652 1996 1739 2055 sq.
1768 1978 1904 2039 370
1920 1981 2057 2058 sqq,
2086 1975 2380 2039 Graecum
2418 1978 2670 2039 uerbum

363 2095 474 2158 pro
513 2076 724 2139 Latino
762 2076 1151 2139 substitutum
1190 2085 1398 2157 exstat,
1435 2084 1502 2139 ut
1549 2078 1730 2138 etiam
1778 2095 1810 2137 a
1849 2075 2201 2156 Symmacho
2246 2095 2335 2154 ep.
2367 2076 2471 2136 IV
2498 2076 2601 2156 18,
2631 2078 2673 2136 5

364 2175 640 2237 Caesaris
688 2172 1073 2255 ‘ephemeris’
1123 2178 1340 2238 citatur
1396 2185 1571 2257 atque
1628 2194 1660 2236 a
1706 2175 1958 2255 Vopisco
2014 2173 2316 2236 Aureliani
2372 2170 2673 2254 ‘epheme-

365 2271 550 2335 rides’
583 2276 740 2348 (uid.
768 2274 942 2351 infra
965 2293 1035 2351 p.
1066 2295 1186 2335 σσιι
1203 2277 1338 2351 sq).
1387 2282 1511 2336 tum
1559 2291 1705 2336 uero
1754 2291 1930 2352 quem
1970 2272 2043 2333 ad
2080 2273 2321 2334 modum
2356 2271 2673 2351 EumeneS,

362 2371 678 2451 Diodotus,
726 2371 966 2434 Strattis
1022 2373 1214 2452 ipsius
1269 2374 1428 2452 regis
1480 2371 1799 2433 Alexandri
1856 2371 2269 2452 ephemerides
2324 2378 2673 2433 retractatas

363 2473 492 2532 snis
537 2470 885 2533 nominibus
932 2469 1266 2550 ediderunt,
1315 2472 1404 2532 sic
1451 2472 1629 2532 etiam
1676 2459 1829 2532 Sura
1878 2469 2131 2531 Gallieni
2168 2472 2412 2544 (Gesch.
2453 2469 2596 2530 Litt.
2638 2471 2677 2530 I

351 2589 419 2647 p.
455 2569 641 2648 371),
697 2571 870 2631 cuius
923 2569 1262 2650 uoluptates
1317 2567 1477 2649 quod
1529 2576 1598 2629 ut
1655 2570 1832 2630 etiam
1889 2567 2173 2629 Trebellii
2228 2567 2491 2629 taedium
2546 2587 2671 2629 mo·

363 2674 536 2729 ueret
579 2674 671 2729 tot
716 2669 1109 2748 enumerauit,
1155 2666 1441 2747 explicari
1486 2684 1606 2728 non
1652 2674 1851 2747 potest
1904 2668 2023 2728 nisi
2078 2669 2186 2745 ita,
2232 2674 2298 2726 ut
2345 2684 2481 2727 eum
2528 2665 2671 2727 adu-

363 2765 525 2828 landi
589 2765 902 2828 Claudium
967 2783 1148 2828 causa
1209 2784 1312 2827 eas
1383 2767 1685 2827 recoxisse
1756 2766 2135 2826 coniciamus
2220 2782 2363 2824 num
2429 2771 2672 2843 praeter

363 2884 413 2925 c.
447 2859 550 2944 16,
577 2860 810 2946 1—18,
831 2859 872 2927 5
910 2863 1244 2926 Trebellius
1281 2882 1421 2925 eum
1458 2871 1594 2926 ante
1633 2863 1837 2924 oculos
1874 2861 2165 2941 habuerit,
2203 2861 2361 2941 quod
2398 2861 2669 2923 Enmann

363 2965 428 3025 K
424 2966 796 3041 miserae-ech.
821 2983 888 3041 p.
926 2965 1062 3025 376
1103 2962 1312 3042 uoluit,
1359 2969 1520 3023 certa
1563 2962 1821 3040 uestigia
1866 2979 1983 3021 non
2033 2967 2336 3040 apparent.

543 3061 774 3138 lulius
855 3062 1290 3124 Atherianus
1370 3059 1470 3122 uel
1551 3059 1987 3121 Haterianus
2071 3060 2225 3132 (uid.
2274 3058 2389 3136 fr.)
2463 3059 2670 3120 rhetor

361 3160 624 3223 Gallicus
659 3160 904 3222 uidetur
939 3161 1126 3222 fuisse
1164 3167 1226 3221 et
1262 3160 1383 3232 (sic
1419 3159 1697 3220 Ribbeck
1726 3159 1910 3218 Proll.
1940 3159 2026 3218 ad
2064 3157 2283 3232 Veron.
2301 3176 2368 3234 p.
2401 3157 2533 3216 177
2547 3160 2666 3235 sq.)

361 3259 617 3322 fortasse
663 3258 851 3338 idem,
907 3276 1083 3338 quem
1131 3256 1356 3318 scholia
1400 3255 1763 3317 Veronensia
1809 3254 2142 3335 Vergiliana
2208 3262 2269 3316 et
2332 3253 2665 3318 Macrobius

363 3351 506 3441 (sat.
536 3359 653 3420 III
678 3355 742 3434 8,
767 3357 830 3436 2,
875 3355 980 3418 ubi
1026 3354 1243 3418 Caluus
1292 3347 1538 3438 dicitur)
1587 3352 1869 3415 Aeneidis
1918 3361 2145 3414 textum
2200 3360 2261 3414 et
2315 3353 2663 3416 emendasse

361 3465 422 3518 et
465 3455 802 3518 illustrasse
846 3454 1109 3517 tradunt.

539 3553 852 3616 Maeonii
915 3553 1368 3633 Astyanactis
1434 3553 1522 3625 (u.
1553 3552 1672 3629 fr.)
1740 3557 1799 3610 et
1862 3567 2077 3611 nomen
2143 3557 2205 3610 et
2268 3551 2570 3611 orationes
2632 3570 2663 3612 a

361 3651 658 3715 Trebellio
703 3653 842 3713 ficta
890 3669 1022 3712 esse
1048 3648 1357 3712 Woelfflin
1395 3650 1987 3728 (Bayer.Aeademie
2024 3649 2446 3725 Sitzunosber.
2488 3647 2660 3711 1891

349 3771 416 3829 p.
455 3750 590 3812 509
616 3753 734 3828 sq.)
782 3751 1138 3830 suspicatur,
1183 3747 1304 3810 uid.
1343 3751 1462 3810 Die
1498 3749 1723 3826 Scripl.
1760 3749 1818 3809 h.
1860 3747 1931 3808 Α.
1955 3765 2023 3824 p.
2052 3746 2201 3807 233.

537 3848 624 3910 De
672 3846 1008 3910 Cornelio
1055 3845 1462 3927 Capitolino
1508 3846 1630 3908 uid.
1670 3847 1740 3907 fr.
1778 3865 1835 3926 p.
1868 3841 2013 3906 149.

538 3946 622 4008 De
670 3945 993 4027 Dagellio
1040 3945 1265 4007 Fusco
1311 3947 1458 4024 siue,
1499 3952 1567 4008 ut
1601 3944 1795 4006 uoluit
1831 3943 2153 4006 Salmasius
2182 3945 2395 4016 (etiam
2426 3944 2661 4006 Bessan

365 4048 567 4108 Herm.
595 4048 702 4125 24,
731 4047 914 4128 353),
959 4044 1178 4107 Arellio
1225 4044 1416 4107 Fusco
1462 4042 1582 4104 uid.
1623 4042 1693 4103 fr.
1732 4063 1787 4124 p.
1831 4037 1973 4103 149.

537 4145 622 4206 De
671 4143 872 4206 Gallo
918 4145 1296 4224 Antipatro
1341 4141 1464 4204 uid.
1503 4143 1573 4202 fr.
1611 4162 1668 4222 p.
1713 4136 1857 4202 149.

535 4241 620 4304 De
687 4241 1076 4305 Callicrate
1141 4242 1378 4322 Tyri0,
1427 4235 1817 4303 ‘Graecorum
1878 4239 2054 4320 longe
2113 4238 2457 4300 doctissimo
2514 4241 2657 4300 serl-
