3234 5034
617 269 759 318 CLII
1109 268 1205 322 DE
1245 267 1709 326 SCRIPTORVM
1743 269 1935 326 VITIS
1970 269 2067 326 ET
2104 269 2419 327 SCRIPTIS

617 455 812 498 caeco⁴
844 455 1044 498 amore
1091 436 1182 498 illi
1227 439 1403 498 amici
1451 457 1559 499 sua
1605 446 1875 519 tempora
1922 438 2197 502 colebant
2240 447 2301 501 et
2344 432 2766 524 mirabantur),
2804 442 2917 519 cui,

615 543 708 597 ut.
733 535 850 596 sibi
897 535 1174 597 auunculi
1213 537 1438 598 exitum
1477 536 1789 616 scriberet,
1836 540 2061 617 petenti
2100 540 2279 599 etiam
2318 540 2539 618 gratias
2576 540 2715 618 egit,
2764 537 2919 618 quod

623 630 924 714 ‘quamuis
971 635 1100 715 ipse
1150 627 1542 720 (auunculus)
1591 635 1847 715 plurima
1896 654 2073 716 opera
2121 645 2183 697 et
2218 655 2497 698 mansura
2536 635 2919 716 condidisset,

613 732 870 812 multum
915 741 1114 794 tamen
1160 735 1546 814 perpetuitati
1603 736 1733 796 eius
1780 736 2145 814 scriptorum
2190 737 2382 815 ipsius
2431 728 2681 820 (Taciti)
2732 743 2919 796 aeter-

617 834 776 894 nitas
825 831 1098 894 additura
1145 829 1334 894 esset’
1396 835 1516 910 (ep.
1570 833 1660 893 VI
1692 833 1795 911 16,
1832 834 1893 910 2,
1950 851 2063 894 scr.
2111 835 2271 894 inter
2317 852 2505 896 annos
2555 830 2685 897 104
2730 851 2921 913 usque

617 929 691 992 ad
737 949 787 991 a.
832 926 977 1009 108,
1023 931 1211 1008 Brief
1245 935 1310 992 in
1359 933 1416 992 d.
1465 939 1613 993 ro'm.
1663 932 1804 993 Litt.
1840 951 1907 1009 p.
1947 933 2078 992 107
2094 936 2280 1012 sqq.);
2336 950 2517 994 manu
2572 939 2737 993 certe
2796 939 2919 994 tum

620 1029 862 1092 Tacitus
909 1048 942 1090 a
987 1029 1156 1091 Iuliis
1203 1028 1585 1110 Claudiisque
1634 1028 1985 1110 abstinebat,
2032 1029 2105 1090 ad
2143 1048 2399 1110 quorum
2438 1049 2536 1092 res
2572 1033 2768 1092 amico
2804 1033 2921 1092 iam

620 1135 855 1189 mortuo
901 1127 1239 1190 tractandas
1286 1129 1554 1190 accessit.

799 1226 915 1288 Sed
961 1229 1288 1307 quaeritur,
1335 1245 1478 1288 num
1527 1245 1858 1288 consensus
1904 1227 2112 1306 Taciti,
2158 1226 2480 1308 Plutarchi,
2542 1227 2815 1290 Suetonii
2858 1231 2921 1289 in

619 1324 802 1388 rebus
849 1327 990 1387 anni
1036 1321 1122 1386 69
1171 1333 1233 1386 et
1279 1321 1363 1387 70
1412 1325 1731 1406 descriptis
1778 1324 1851 1386 ad
1897 1325 2155 1387 Plinium
2203 1326 2577 1389 reuocandus
2624 1329 2721 1405 sit,
2768 1345 2919 1407 quae

621 1426 916 1486 sententia
953 1433 1060 1486 est.
1079 1423 1514 1504 Wiedemanni,
1553 1423 1812 1504 Nisseni,
1848 1422 2065 1486 Fabiae
2105 1427 2191 1502 (p.
2228 1425 2631 1501 184—209),
2680 1424 2921 1488 Gerckii

621 1526 704 1601 (p.
745 1523 876 1584 159
893 1526 1069 1604 sqq),
1117 1522 1386 1584 aliorum.
1434 1524 1562 1602 ipse
1611 1522 1713 1584 diu
1760 1521 2135 1603 multumque
2175 1525 2237 1583 in
2276 1541 2419 1584 eam.
2446 1540 2573 1586 rem
2612 1525 2922 1604 inquisiui,

621 1623 919 1701 quoniam,
976 1623 1449 1702 quotiescunque
1506 1623 1566 1682 in
1614 1624 1745 1702 ipso
1793 1621 1997 1682 Tacito
2044 1621 2367 1683 uolutando
2414 1629 2691 1684 uersatus
2740 1639 2922 1701 eram,

622 1739 655 1781 a
701 1738 797 1781 me
843 1722 1166 1800 impetrare
1213 1738 1330 1780 non
1377 1729 1663 1800 poteram,
1708 1727 1776 1781 ut
1819 1727 2009 1781 totum
2058 1738 2195 1781 eum
2243 1722 2471 1783 auctori
2518 1739 2583 1781 se
2623 1718 2923 1782 addixisse

623 1817 959 1898 crederem,
1023 1836 1382 1880 consensum
1447 1827 1647 1880 tamen
1712 1836 2063 1899 comparans
2128 1825 2191 1879 et
2255 1821 2599 1880 examinans
2664 1817 2739 1879 ab
2802 1817 2923 1880 illis
2998 1897 3006 1904 .

620 1917 818 1979 tribus
845 1916 1240 1997 scriptoribus
1279 1917 1534 1978 eundem
1573 1925 1878 1978 auctorem
1916 1915 2247 1978 adhibitum
2288 1935 2420 1978 esse
2461 1935 2699 1997 semper
2728 1915 2922 1979 denuo

621 2015 770 2078 mihi
832 2018 1121 2096 persuasi.
1233 2014 1338 2076 sed
1401 2014 1538 2076 nolo
1602 2017 1915 2077 materiam
1982 2015 2082 2076 hic
2148 2033 2493 2095 recoquere,
2557 2033 2592 2075 a
2646 2034 2745 2076 me
2791 2015 2829 2076 l.
2876 2034 2921 2077 s.

623 2135 680 2196 p.
719 2111 984 2176 28—44
1031 2114 1172 2176 olim
1219 2122 1577 2194 congestam,
1625 2120 1829 2195 postea
1874 2113 1975 2174 hic
2019 2113 2145 2175 illic
2192 2120 2425 2175 auctam
2472 2133 2503 2174 a
2540 2113 2923 2194 Mommseno,

625 2213 818 2292 Lezio,
865 2212 1060 2292 Fabia,
1105 2212 1360 2275 Borenio
1400 2213 1669 2293 aliisque.
1745 2230 1895 2292 quae
1930 2229 2049 2273 una
2086 2213 2327 2292 grauior
2364 2211 2653 2274 dubitatio
2692 2231 2923 2274 reman-

625 2318 785 2373 serat
831 2305 1162 2394 (Plutarchi
1197 2309 1332 2372 Oth.
1371 2308 1412 2372 3
1459 2308 1881 2391 φοβούμενος
1916 2302 2084 2390 ὑπὲρ
2130 2317 2265 2372 τῶν
2302 2305 2573 2391 ἀνδρῶν
2608 2306 2809 2384 αὐτὸς
2842 2303 2927 2391 ἦν

625 2407 915 2491 φοβερὸς
963 2405 1249 2486 ,ἐκείνοις
1304 2417 1365 2470 et
1409 2409 1597 2470 Taciti
1654 2410 1791 2471 hist.
1842 2408 1864 2469 1
1914 2404 1995 2470 81
2056 2427 2193 2471 cum
2248 2412 2486 2471 timeret
2550 2409 2703 2471 Otho
2760 2414 2923 2472 time-

627 2501 842 2592 batur)
883 2527 914 2570 a
954 2506 1210 2570 Gerckio
1247 2512 1324 2582 (l.
1361 2526 1407 2568 s.
1426 2527 1492 2586 p.
1525 2507 2037 2584 176)‚Muenzero
2078 2509 2311 2582 (Herm.
2343 2508 2577 2570 XXXI
2588 2509 2641 2568 V
2646 2527 2716 2586 p.
2748 2509 2924 2584 641),

627 2605 974 2668 Woelfflino
1036 2609 1297 2680 (Archiv
1350 2608 1458 2668 XI
1503 2625 1569 2684 p.
1613 2607 1774 2681 430)
1844 2614 2067 2668 remota
2132 2613 2255 2687 est,
2319 2625 2455 2668 nam
2512 2605 2661 2667 haec
2716 2608 2835 2667 iam
2892 2625 2925 2666 a

631 2705 889 2786 Solone,
910 2704 1260 2784 Periandro,
1309 2703 1586 2783 Laberio,
1634 2703 1921 2765 Cicerone
1977 2713 2261 2785 usurpata
2321 2705 2635 2766 antithesis
2688 2703 2927 2784 uulgata

632 2813 760 2866 tum
801 2811 943 2866 erat.
950 2798 1010 2888 1)
1441 2856 1448 2862 .
1680 2857 1685 2861 ,
2535 2855 2539 2860 ,
2592 2823 2597 2828 ·

689 2927 694 2930 ·
811 2902 894 2964 De
940 2903 1182 2963 nomine
1237 2909 1434 2963 tamen
1497 2903 1762 2963 auctoris
1817 2903 2149 2962 communis
2204 2876 2385 2978 etiam
2442 2918 2622 2962 nunc.
2635 2855 2927 2962 certatur.

631 3004 793 3083 ipse
807 3009 870 3062 et
913 3003 1179 3080 quinque
1227 3001 1398 3061 annis
1443 3009 1580 3080 post
1603 2999 2047 3061 Mommsenus
2064 2998 2137 3060 de
2176 2997 2414 3060 Cluuio
2415 2999 2933 3078 cogitaueramus:

633 3109 694 3162 at
729 3102 781 3161 is
830 3099 900 3160 de
950 3098 1156 3160 eadem
1207 3117 1300 3160 re·
1318 3117 1350 3178 a
1396 3098 1727 3160 Plutarcho
1759 3100 1823 3159 in
1860 3097 2203 3176 parenthesi
2248 3098 2619 3159 nominatur·
2630 3098 2801 3170 (oth.
2840 3099 2931 3174 3),

635 3219 667 3260 a
716 3198 998 3259 Suetonio
1047 3198 1217 3272 (oth.
1259 3198 1326 3270 7)
1376 3196 1761 3276 significatur,
1798 3215 1843 3256 a
1887 3195 2111 3256 Tacito
2139 3197 2311 3270 (bist.
2350 3197 2393 3256 Ῑ
2425 3194 2571 3270 78).
2586 3197 2769 3257 tacite·
2802 3213 2929 3257 cor-

635 3298 850 3375 rigitur
906 3299 1061 3369 (uid.
1119 3296 1322 3356 Cluuii
1342 3295 1444 3372 ·.fr
1491 3295 1535 3355 3
1582 3313 1634 3357 c.
1674 3297 1875 3373 adra),
1930 3302 2006 3357 ut
2052 3295 2215 3355 iam
2242 3312 2275 3354 a
2316 3295 2634 3356 communi
2690 3290 2932 3356 auctore

635 3407 789 3456 eum
829 3395 1082 3454 citatum
1120 3411 1262 3455 csse
1321 3393 1576 3474 eluceat3
1641 3400 1769 3454 tum
1817 3393 2107 3472 Vipstani
2126 3391 2443 3454 :Messallae
2499 3393 2933 3471 commentarii,

637 3511 786 3573 quos
831 3493 1074 3554 Tacitus
1121 3494 1264 3552 item
1321 3495 1381 3552 in
1440 3492 1709 3552 historiis
1764 3492 1995 3570 citauit,
2051 3508 2171 3552 non
2217 3497 2403 3552 totum
2453 3489 2601 3552 illud
2648 3491 2934 3570 temporis

637 3593 893 3671 spatium
955 3576 1260 3672 complexi·
1304 3597 1468 3680 sunt,
1527 3589 1693 3651 Fabii
1748 3588 2043 3678 Rustici,
2060 3592 2237 3669 quos·
2246 3591 2327 3650 in
2361 3587 2714 3679 annalibus,
2752 3587 2813 3650 id
2860 3607 2933 3679 ne

637 3733 717 3740 -ο-

819 3819 871 3887 1)
908 3815 990 3870 Ex
1035 3815 1159 3870 ludi
1200 3814 1468 3872 rhetorici
1509 3815 1711 3869 umbra,
1746 3813 1956 3869 multas
1998 3814 2309 3869 sententias
2342 3813 2404 3868 in
2439 3814 2623 3870 uitam
2661 3815 2935 3873 deductas

639 3899 811 3964 abque
849 3895 1021 3951 etiam
1060 3913 1094 3950 a
1133 3894 1499 3968 scriptoribus
1537 3895 1629 3950 uel
1664 3894 1863 3950 inuitis
1901 3893 1995 3949 uel
2030 3893 2265 3950 consilio
2302 3895 2377 3950 ad
2420 3895 2733 3951 orationem
2781 3911 2935 3951 exor-

637 3977 886 4032 nandam
925 3975 1211 4032 adhibitos
1249 3993 1372 4031 esse
1409 3977 1613 4031 docent
1640 3975 1821 4030 multa
1850 3975 2123 4045 exempla,
2152 3974 2313 4030 uelut
2340 3975 2554 4032 Seneca
2582 3978 2728 4031 cont.
2761 3981 2813 4042 9,
2833 3982 2883 4042 4,
2902 3983 2934 4030 5

638 4059 924 4114 necessitas
967 4075 1229 4128 maynum
1274 4058 1547 4112 humanae
1598 4057 1983 4118 imbecillitatis
2019 4059 2397 4125 patrocinium
2450 4065 2527 4114 est
2580 4060 2936 4127 comparatus

640 4157 766 4193 cum
805 4137 1031 4192 Valerio
1068 4137 1318 4192 Maximo
1347 4143 1396 4205 2,
1429 4142 1476 4205 ’1,
1509 4142 1574 4191 10
1619 4137 1895 4191 humanae
1939 4137 2328 4193 imbecillitatis
2361 4138 2803 4205 efficaci-minum
2836 4138 2933 4192 du·

638 4225 946 4274 ramentum
987 4223 1065 4274 est
1115 4220 1420 4274 necessitas.
1478 4234 1529 4270 u.
1569 4215 1873 4270 Morawski
1918 4215 2029 4270 Eos
2084 4215 2136 4269 H
2183 4222 2231 4273 8.
2304 4215 2535 4273 Norden
2582 4218 2933 4288 Kumtproea

641 4317 696 4369 p.
727 4303 847 4353 304.
888 4303 990 4353 385
1013 4315 1093 4367 sq.
1150 4297 1310 4352 Marx
1341 4298 1588 4369 Prokyq.
1618 4297 1696 4352 ad
1732 4298 1976 4353 Hei-evm.
2004 4313 2059 4366 p.
2090 4302 2175 4353 88.
