3234 5034
1087 344 1166 408 C?
1181 344 1504 409 -mevs
1543 348 1919 409 ameum
2519 351 2649 417 101

355 522 558 585 lauere
606 528 810 602 portas
854 520 1133 583 Hiberiae
1142 538 1178 600 ‚·
1221 540 1369 601 quas
1415 520 1729 583 Caucasias
1778 520 2034 583 diximus
2088 522 2319 600 uocari,
2384 521 2654 601 situsque

357 620 576 701 depicti
624 627 684 681 et
729 619 868 682 inde
915 621 1084 681 missi
1128 620 1242 682 hoc
1288 638 1504 681 nomen
1553 621 1907 700 inscriptum
1953 618 2190 680 habent,
2283 627 2343 680 et
2398 617 2653 681 Neronis

354 720 644 799 principis
702 720 1079 780 comminatio
1135 718 1206 780 ad
1265 717 1504 803 Caspias
1560 726 1763 799 portas
1820 716 2064 779 tendere
2122 715 2454 795 dicebatur,
2516 736 2654 779 cum

353 825 587 897 peteret
641 816 800 896 inas,
863 836 1012 899 quae
1067 834 1177 899 per
1229 816 1535 879 Hiberiam
1565 820 1656 879 in
1702 817 2002 880 Sarmatas
2048 816 2325 895 tendunt,
2385 818 2485 877 uix
2532 815 2653 878 ullo

299 938 328 977 s
355 924 602 995 propter
657 918 958 997 oppositos
1019 918 1239 978 montis
1295 914 1458 977 aditu
1516 915 1586 976 ad
1645 915 1923 995 Caspium
1984 933 2165 978 mare.
2259 923 2401 976 sunt
2454 922 2653 977 autem

354 1014 500 1075 aliae
547 1012 782 1095 Caspiis
829 1014 1106 1094 gentibus
1153 1016 1407 1095 iunctae,
1456 1014 1612 1094 quod
1664 1014 1892 1075 dinosci
1928 1032 2050 1075 non
2084 1020 2281 1094 potest
2316 1015 2435 1075 nisi
2472 1016 2653 1075 eomi-

353 1120 478 1173 tatu
527 1131 734 1175 rerum
779 1112 1116 1175 Alexandri·
1139 1112 1352 1193 Magni.

626 1345 698 1418 C.
750 1344 1202 1419 SVETONII
1257 1344 1656 1418 PAVLINI
1713 1344 2389 1419 COMMENTARII

2707 1474 2775 1523 42

537 1500 652 1568 1³⁸.
713 1508 866 1567 Ptin.
905 1526 964 1567 n.
999 1508 1056 1567 h.
1101 1507 1154 1565 V
1189 1508 1274 1566 14
1349 1506 1667 1568 Suetonius
1732 1506 2039 1585 Paulinus,
2104 1525 2283 1587 quem
2347 1507 2650 1568 consulem
2690 1546 2796 1553 -—

351 1603 642 1683 uidimus,
699 1606 928 1684 primus
982 1603 1383 1666 Romanorum
1441 1604 1657 1667 ducum
1716 1614 2128 1685 transgressus
2170 1624 2407 1686 quoque
2454 1604 2652 1667 Atlan-

267 1724 324 1764 ιο
352 1710 474 1763 tem
532 1702 758 1783 aliquot
810 1700 1040 1764 milium
1097 1704 1286 1783 spatio
1341 1702 1606 1789 prodidit
1672 1703 1743 1765 de
1812 1703 2151 1765 excelsitate
2218 1704 2457 1784 quidem
2524 1706 2654 1765 eius

353 1819 502 1880 quae
551 1803 756 1879 ceteri,
801 1801 952 1861 imas
1000 1800 1230 1861 radices
1278 1800 1479 1862 densis
1525 1800 1775 1881 altisque
1826 1801 2081 1882 repletas
2137 1800 2307 1863 siluis
2352 1804 2653 1881 incognito

351 1916 574 1977 genere
619 1897 916 1978 arborum,
963 1900 1380 1978 proceritatem
1429 1898 1812 1979 spectabilem
1860 1916 1991 1961 esse
2030 1899 2207 1960 enodi
2242 1902 2455 1977 nitore,
2494 1899 2651 1959 fron-

355 1997 460 2058 des
491 2000 770 2077 cupressi
807 1996 1034 2058 simsses
1063 2005 1480 2077 praeterquam
1519 1999 1809 2077 grauitate
1848 1996 2065 2077 odoriS‚
2095 2000 2260 2060 tenui
2298 2016 2397 2058 eas
2436 1996 2653 2059 obduci

353 2095 650 2175 lanugine,
678 2095 896 2177 quibus
933 2094 1128 2157 addita
1165 2104 1292 2157 arte
1329 2114 1506 2175 posse
1543 2095 1749 2175 quales
1787 2116 1818 2157 e
1856 2095 2143 2175 bombyce
2180 2104 2383 2157 uestes
2421 2096 2650 2157 confici.

263 2214 320 2256 ιε
351 2196 643 2256 uerticem
689 2195 826 2255 altis
871 2196 1048 2255 etiam
1097 2201 1318 2255 aestate
1365 2196 1590 2274 operiri
1639 2195 1896 2256 niuibus,
1974 2194 2241 2257 decumis
2288 2213 2352 2255 se
2400 2212 2470 2255 eo
2516 2213 2651 2275 per-

350 2296 590 2354 uenisse
629 2294 842 2354 castris
879 2300 940 2353 et
973 2292 1130 2353 ultra
1167 2292 1240 2353 ad
1277 2291 1529 2353 fluuium
1567 2294 1673 2373 qui
1710 2291 1830 2353 Ger
1865 2301 2116 2355 uocetur
2154 2310 2263 2373 per
2298 2292 2651 2369 solitudines

351 2393 508 2470 nigri
553 2391 822 2471 pulueris
830 2436 850 2471 ‚
895 2390 1295 2453 eminentibus
1341 2390 1645 2453 interdum
1691 2391 1857 2452 uelut
1903 2394 2130 2453 exustis
2177 2391 2476 2469 cautibus,
2525 2390 2651 2453 loca

351 2488 754 2550 inhabitabilia
819 2491 1056 2551 feruore
1122 2507 1479 2569 quamquam
1543 2488 1797 2550 hiberno
1862 2498 2129 2570 tempore
2196 2496 2456 2570 experto.
2547 2492 2649 2569 qui

351 2606 672 2667 proxumos
727 2586 1060 2649 inhabitent
1114 2586 1298 2648 saltus
1357 2588 1611 2649 refertos
1668 2587 2114 2667 elephantorum
2172 2588 2552 2667 ferarumque
2592 2596 2650 2648 et

257 2706 318 2747 ao
349 2686 720 2765 serpentium
767 2688 928 2746 omni
983 2704 1228 2765 genere,
1277 2684 1560 2747 Canarios
1607 2684 1923 2767 appellari3
1978 2688 2196 2766 quippe
2242 2688 2473 2747 uictum
2518 2688 2649 2747 eius

348 2782 622 2845 animalis
668 2786 1076 2863 promiscuum
1122 2784 1218 2846 his
1265 2802 1396 2845 esse
1423 2792 1507 2845 *et
1553 2782 1794 2847 diuidua
1840 2784 2101 2845 ferarum
2148 2786 2399 2846 uiscera.

706 2998 753 3002 '¹
921 3014 1024 3135 C..
1064 2932 1496 3134 LICINIVS
1553 2932 2129 3119 MVCIANVS

533 3171 1113 3238 1.Plin.n.h.II
1139 3177 1270 3238 231
1317 3130 1516 3237 Andro
1565 3178 1627 3238 in
1663 3176 1875 3255 insula,
1924 3098 2141 3257 templo
2190 3130 2391 3239 Liberi
2436 3134 2642 3257 patris,

345 3274 570 3335 fontem
627 3274 800 3335 nonis
863 3274 1180 3335 Ianuariis
1208 3292 1446 3393 semper
1498 3276 1627 3336 uini
1684 3276 1892 3397 sapore
1949 3274 2136 3336 fluere
2192 3272 2497 3337 Mucianus
2552 3284 2646 3336 ter

343 3371 554 3435 consul
603 3371 810 3434 credit.
893 3424 899 3430 .
2020 3391 2030 3399 ·
2102 3393 2133 3401 ··

341 3536 556 3619 Sodis‘e]
601 3538 735 3591 sunt
787 3539 986 3607 portae
1041 3534 1346 3595 Caucasiae
1401 3552 1608 3617 magno
1658 3551 1865 3594 errore
1900 3535 2091 3589 multis
2143 3535 2251 3597 Cas
2290 3535 2381 3589 iae
2438 3493 2643 3603 dictae,

339 3609 548 3733 {agents
593 3610 833 3733 amb
743 3678 798 3732 b
869 3606 1352 3746 opugoemontggjus
1397 3605 1738 3732 interrupitiis
1776 3624 1875 3731 red
1836 3611 2032 3677 pente,
2019 3650 2058 3732 ‚fl
2080 3606 2177 3661 ubi
2224 3554 2372 3731 ἰξτῗε
2413 3606 2642 3661 obditos

339 3694 496 3821 rag-g
520 3697 776 3820 uzzand,
799 3696 989 3833 ι(1310ῗίιι
999 3696 1236 3805 ιιοέαέιῖι·
1273 3694 1586 3818 Οῗιὲιιὲἕὲῗ
1600 3695 2047 3805 cogxmgnpsssad
2060 3680 2643 3805 Ἐῖΐιιᾶέἓτῗξὲῑῗείἑιῖ

339 3826 542 3893 gentes
587 3822 927 3891 innumeras,
973 3821 1056 3875 ibi
1102 3820 1212 3875 loci
1257 3825 1534 3876 terrarum
1579 3822 1713 3875 orbe
1758 3820 1934 3891 portis
1982 3821 2246 3889 discluso
2294 3838 2363 3875 ex
2404 3822 2639 3877 aduerso

337 3894 588 3947 maxime
625 3892 909 3948 Hermasti
947 3890 1142 3963 oppidi
1177 3892 1465 3947 Hiberum.

527 3964 584 4019 1.
626 3965 708 4033 C'f.
742 3966 857 4020 Dio
894 3970 983 4031 60,
1011 3970 1062 4033 9,
1093 3971 1124 4020 1
1189 3968 1276 4033 Τῷ
1322 3961 1386 4018 δὲ
1425 3962 1666 4034 ἐχομένῳ
1704 3964 1758 4018 οἱ
1796 3964 1958 4018 αὐτοὶ
1995 3961 2171 4027 αὖθις
2210 3968 2443 4033 Μαῦροι
2477 3968 2639 4020 πολε-

337 4036 619 4105 μήσαντες
655 4036 1134 4125 κατεστράφησαν.
1192 4018 1550 4121 Σουητώνιος
1586 4034 1688 4103 μὲν
1726 4035 1833 4123 γὰρ
1863 4039 2164 4103 Παυλῖνος,
2203 4037 2265 4092 ἐκ
2300 4046 2410 4091 τῶν
2448 4036 2638 4103 ἐστρα-

337 4106 666 4177 τηγηκότων
703 4106 802 4175 ὢν,
836 4107 942 4177 τὴν
975 4108 1164 4179 χώραν
1202 4108 1388 4163 αὐτῶν
1427 4104 1584 4178 μέχρι
1619 4115 1720 4161 τοῦ
1749 4094 2033 4171 Ατλαντος
2066 4106 2561 4179 ἀντικατέδραμεν.

527 4259 594 4347 l,
637 4269 738 4327 16.
784 4272 1035 4327 uocatur
1070 4268 1231 4327 codd.
1260 4266 1430 4326 Leia.
1461 4270 1512 4325 et
1546 4266 1741 4326 Paris.
1966 4302 1973 4309 ·

530 4350 596 4436 1,
637 4358 737 4416 23.
783 4375 1057 4433 saporem
1093 4358 1209 4417 eod.
1231 4355 1564 4431 R(ieeard.)
1585 4356 1863 4415 Parisini.
1962 4355 2051 4431 Of.
2079 4358 2157 4430 fr.
2186 4360 2289 4417 27.

2692 1564 2795 1612 795
