3234 5034
749 362 1240 420 CAELESTINVS
1277 395 1347 405 —
1383 361 1764 418 MAEONIVS
1800 361 2197 417 ASTYANAX
2484 362 2608 427 147

313 533 604 612 meminit,
651 539 712 593 et
755 531 996 612 quidem
1032 533 1313 612 grauiter,
1352 549 1488 592 cum
1526 529 1693 592 illum
1732 549 2032 592 summum
2070 531 2269 592 uirum
2306 537 2367 591 et
2402 547 2610 592 neces-

312 632 536 692 sarium
583 631 675 690 rei
716 629 989 711 publicae
1036 630 1260 692 adserit
1305 638 1366 692 et
1419 628 1574 710 apud
1630 631 1827 710 ipsum
1872 627 2137 692 Marcum
2183 627 2609 708 praeualidum.

1027 950 1324 1025 VITAE
1370 951 1883 1027 AVCTORVM

382 1077 447 1150 A
506 1075 1040 1151 TREBELLIO
1097 1076 1220 1150 ΕΤ
1271 1079 1336 1150 Α
1371 1077 1762 1153 VOPISCO
1818 1075 2540 1150 NOMINATORVM

1168 1237 1743 1314 CAELESTINI

492 1391 554 1459 l.
602 1398 771 1461 Treb.
795 1400 940 1460 Poll.
967 1399 1092 1462 Val.
1112 1398 1173 1476 8,
1195 1400 1233 1460 1
1273 1399 1687 1462 Valerianus
1726 1401 1969 1462 iunior
2000 1433 2081 1443 —-
2111 1419 2143 1461 a
2169 1407 2337 1479 patre
2366 1398 2609 1460 absente

311 1497 531 1558 Caesar
576 1504 668 1558 est
713 1497 1056 1578 appellatus,
1103 1515 1137 1558 a
1185 1497 1385 1579 fratre,
1429 1509 1498 1560 ut
1543 1498 1913 1561 Caelestinus
1961 1497 2122 1578 dicit,
2168 1499 2483 1577 Augustus.

1045 1693 1278 1768 IVLII
1337 1693 1885 1769 ATHERIANI

253 1875 279 1915 ⁵
495 1846 560 1916 1.
616 1854 787 1915 Treb.
827 1855 975 1915 Poll.
1022 1859 1162 1932 tria.
1212 1863 1330 1932 tyr.
1369 1857 1427 1933 6,
1467 1858 1509 1916 5
1573 1855 1730 1918 Satis
1786 1855 2085 1918 credimus
2140 1854 2251 1916 Iuli
2306 1856 2611 1916 Atheriani

308 1959 540 2031 partem
587 1951 726 2013 libri
771 1951 1079 2014 cuiusdam
1124 1971 1366 2033 ponere,
1401 1955 1465 2015 in
1503 1973 1620 2035 quo
1660 1953 1732 2017 de
1778 1955 2150 2015 Victorino
2198 1955 2285 2014 sic
2322 1953 2609 2033 loquitur:

309 2045 665 2130 ‘Victorino‚
722 2051 827 2130 qui
881 2048 1096 2112 Gallias
1159 2060 1294 2131 post
1349 2051 1564 2114 lulium
1615 2052 2003 2114 posthumum
2069 2053 2247 2131 rexit,
2312 2053 2609 2112 neminem

311 2150 562 2210 aestimo
615 2149 1093 2230 praeferendum,
1149 2168 1268 2211 non
1321 2151 1384 2211 in
1428 2152 1654 2212 uirtute
1701 2151 2038 2230 Traianum,
2086 2169 2203 2210 non
2249 2150 2609 2210 Antoninum

305 2249 374 2308 in
418 2247 752 2326 clementia,
799 2265 916 2308 non
955 2251 1020 2309 in
1059 2249 1348 2328 grauitate
1385 2247 1664 2330 Neruam,
1708 2269 1823 2312 non
1862 2251 1925 2310 in
1963 2247 2344 2328 gubernando
2382 2251 2610 2310 aerario

222 2367 278 2408 ιο
308 2345 737 2426 Vespasianum
745 2390 764 2425 ,
819 2363 938 2407 non
994 2348 1057 2408 in
1113 2365 1367 2409 censura
1420 2350 1602 2410 totius
1655 2349 1814 2409 uitae
1871 2365 1938 2408 ac
1994 2347 2311 2408 seueritate
2367 2347 2610 2407 militari

307 2443 686 2506 Pertinacem
747 2442 846 2504 uel
912 2445 1220 2507 Seuerum.
1313 2445 1419 2508 sed
1483 2448 1681 2508 omnia
1744 2445 1891 2507 haec
1954 2444 2135 2506 libido
2200 2453 2260 2506 et
2318 2443 2610 2525 cupiditas

307 2541 690 2604 mulierariae
743 2540 1065 2623 uoluptatis
1121 2545 1208 2604 sic
1262 2543 1540 2624 perdidit,
1585 2551 1655 2606 ut
1700 2563 1874 2606 nemo
1921 2542 2135 2604 audeat
2178 2545 2433 2604 uirtutes
2481 2545 2610 2604 eius

307 2642 371 2700 in
417 2639 650 2702 litteras
694 2641 952 2721 mittere,
989 2659 1167 2722 quem
1205 2650 1436 2703 constat
1472 2645 1737 2704 omnium
1774 2641 1995 2704 iudicio
2032 2642 2326 2703 meruisse
2362 2637 2607 2722 puniri?

893 2835 1310 2910 MAEONII
1363 2836 2024 2912 ASTYANAGTIS

492 2992 556 3060 l.
611 2998 782 3060 Treb.
823 2999 970 3060 Poll.
1009 3002 1150 3076 tria.
1188 3006 1308 3077 tyr.
1347 3001 1452 3079 12,
1489 3001 1527 3060 1
1597 2999 1779 3079 Capto
1815 2999 2122 3061 Valeriano
2158 3031 2247 3044 -—
2285 3017 2421 3060 cum
2477 2997 2609 3060 Gal-

222 3118 278 3158 15
309 3095 538 3157 lienum
585 3095 1083 3158 contemnendum
1127 3096 1431 3159 Ballista
1476 3098 1814 3177 praefectus
1859 3097 2155 3160 Valeriani
2198 3106 2259 3159 et
2312 3095 2609 3158 Macria—

307 3213 442 3256 nus
507 3195 738 3274 primus
803 3193 1022 3256 ducum
1083 3194 1525 3275 intellegerent,
1589 3196 2015 3276 quaerentibus
2078 3199 2255 3258 etiam
2318 3195 2610 3258 militibus

491 3383 552 3438 1.
593 3383 675 3452 Of.
719 3383 864 3440 Gan.
905 3389 992 3452 14,
1021 3389 1058 3440 9
1120 3384 1195 3440 Et
1247 3383 1476 3454 quidem
1533 3384 1789 3455 Cecropii
1844 3384 2236 3440 Dalmatarum
2292 3385 2451 3440 ducis
2508 3387 2611 3441 telo

309 3454 606 3509 Gallienus
635 3453 844 3510 dicitur
882 3472 1000 3510 esse
1039 3473 1350 3526 percussus,
1389 3460 1454 3511 ut
1489 3456 1724 3527 quidam
1758 3456 1963 3525 ferunt,
2002 3457 2151 3512 circa
2186 3456 2611 3526 Mediolanium,

307 3525 411 3580 ubi
469 3525 735 3580 continuo
792 3529 851 3582 et
907 3527 1082 3582 frater
1129 3528 1248 3583 eius
1285 3527 1618 3583 Valerianus
1668 3531 1755 3584 est
1800 3527 2182 3598 interempturi,
2232 3545 2399 3598 quem
2445 3529 2609 3582 multi

308 3599 648 3680 Augustum,
683 3597 850 3653 multi
877 3598 1192 3669 Caesarem,
1229 3599 1394 3653 multi
1433 3603 1693 3654 neutrum
1728 3599 1903 3655 fuisse
1933 3600 2144 3656 dicunt.
2202 3601 2353 3669 quod
2382 3601 2610 3668 quidem

307 3668 620 3724 uerisimile
656 3686 768 3724 non
808 3673 910 3739 est,
948 3670 997 3725 si
1025 3670 1255 3740 quidem
1292 3675 1460 3741 capto
1498 3671 1613 3726 iam
1652 3671 1955 3728 Valeriano
1995 3671 2265 3742 scriptum
2290 3671 2611 3726 inuenimus

308 3741 372 3794 in
411 3740 599 3796 fastis:
641 3740 964 3798 ‘Valeriano
1001 3741 1339 3812 imperatore
1377 3743 1647 3798 consule’.
1704 3744 1830 3812 quis
1868 3743 2045 3814 igitur
2082 3743 2227 3798 alius
2262 3744 2453 3814 potuit.
2488 3759 2610 3798 esse

309 3811 666 3880 Valerianus,
713 3813 824 3867 nisi
873 3813 1119 3868 Gallieni
1165 3814 1373 3868 frater?
1430 3818 1653 3869 constat
1699 3816 1767 3870 de
1814 3831 2035 3886 genere,
2084 3832 2196 3869 non
2243 3815 2382 3870 satis
2419 3818 2611 3870 tamen

311 3887 538 3939 constat
574 3885 644 3938 tle
682 3883 964 3954 dignitate
1003 3885 1112 3954 uel,
1151 3890 1214 3941 ut
1250 3889 1553 3955 coeperunt
1591 3886 1693 3940 alii
1730 3885 1903 3956 loqui,
1942 3887 2015 3942 de
2050 3887 2363 3941 maiestate.

495 3956 552 4011 l.
591 3955 680 4010 De
717 3957 803 4010 M.
833 3959 1116 4014 Ρίααοπὲο
1154 3959 1430 4013 Victorino
1466 3958 1583 4013 uid.
1617 3959 1845 4028 Prosop.
1874 3959 1987 4013 III
2012 3975 2067 4028 p.
2098 3963 2174 4013 38
2210 3977 2265 4012 n.
2296 3963 2420 4014 302.

493 4027 552 4082 1.
589 4027 680 4082 De
715 4028 962 4084 Ballista
997 4030 1113 4084 uid.
1143 4031 1371 4098 Prosop.
1401 4031 1439 4084 1
1463 4047 1524 4099 p.
1553 4033 1669 4085 227
1703 4047 1759 4084 n.
1790 4033 1881 4096 36,
1918 4031 1985 4086 de
2023 4032 2109 4086 M.
2141 4031 2357 4086 Fuluio
2397 4031 2607 4085 Maevi-

306 4115 424 4154 ano
459 4099 618 4169 Hp.
649 4103 722 4153 95
758 4117 814 4153 n.
846 4103 970 4154 374.

493 4278 559 4364 l,
610 4288 666 4345 9.
711 4287 777 4345 in
822 4303 934 4346 om.
965 4288 1022 4346 P
1195 4287 1436 4347 nerbam
1477 4291 1533 4347 P
1712 4291 1810 4350 10.
1858 4292 2217 4366 nespasiano
2256 4291 2389 4348 Pa.
2420 4308 2464 4348 c.

493 4367 558 4455 1,
611 4377 710 4438 16.
758 4375 977 4435 ducum
1011 4375 1194 4436 Salm.
1241 4377 1380 4435 dum
1419 4379 1477 4436 P

2186 4479 2288 4532 10⁸

2646 2975 2787 3052 3921.

2651 3064 2787 3112 1014
