3234 5034
1075 350 1484 409 CORNELIVS
1519 349 1755 409 NEPOS
2323 373 2563 422 xxxxv

273 526 402 585 eide
445 530 770 601 appareat,
817 532 1082 599 quantus
1120 522 1319 600 suerit
1363 526 1465 583 ille
1501 526 1620 583 uir.
1692 527 1901 598 itaque
1936 528 2183 599 utrique
2218 528 2314 585 rei
2350 539 2566 584 occur-

270 640 412 697 ram,
450 630 750 697 quantum
782 629 1068 699 potuero,
1109 628 1168 683 et
1204 622 1490 682 medebor
1527 638 1665 681 cum
1701 625 1975 683 satietati
2012 630 2135 683 tum
2173 626 2567 697 iqnorantiae

269 724 572 782 lectorum.
662 720 864 799 itaque
929 721 1073 781 satis
1135 718 1342 779 habuit
1402 719 1546 779 uitis
1611 720 1737 779 suis
1804 712 2071 803 (praeter
2134 718 2439 781 Cimonem
2505 730 2565 781 et

269 813 538 902 Dionem)
607 817 795 879 breue
859 818 1228 896 prooemium
1291 818 1458 877 uarie
1521 818 1861 878 institutum
1927 820 2365 898 anteposuisse,
2438 826 2565 880 tum

270 914 446 977 libere
493 918 812 977 materiam
861 916 1132 976 tractauit
1179 917 1333 989 (uid.
1373 916 1496 976 Leo
1533 918 1571 975 l.
1597 934 1645 975 s.
1671 934 1738 992 p.
1768 915 1902 976 202
1920 933 2064 992 sqq„
2111 918 2216 978 ubi
2248 921 2444 993 plura
2492 920 2568 977 de

270 1016 378 1075 hoc
413 1018 670 1095 capite).
734 1032 872 1074 nam
909 1012 1084 1074 modo
1123 1031 1220 1073 res
1259 1012 1332 1073 ab
1369 1014 1538 1073 initio
1576 1030 1767 1091 usque
1814 1012 1886 1073 ad
1932 1022 2186 1075 mortem
2232 1023 2567 1093 temporum

269 1112 468 1173 ordine
525 1119 886 1192 persecutus
941 1119 1049 1191 est,
1105 1112 1167 1171 in
1223 1110 1353 1171 aliis
1410 1112 1709 1190 copiosius
1717 1157 1735 1189 ,
1794 1112 1855 1171 in
1903 1110 2033 1171 aliis
2079 1111 2343 1191 breuius,
2393 1111 2567 1173 modo

267 1230 357 1271 res
409 1210 572 1272 hello
629 1219 690 1271 et
745 1228 888 1289 pace
943 1209 1042 1271 uel
1087 1208 1324 1288 publice
1372 1217 1432 1269 et
1477 1210 1757 1287 priuatim
1805 1216 2002 1288 gestas
2050 1208 2345 1288 distinxit,
2392 1209 2567 1271 modo

269 1310 335 1368 ab
379 1328 499 1370 una
555 1309 752 1388 aliqua
798 1326 863 1369 re
910 1309 1132 1385 insigni
1178 1325 1427 1367 exorsus
1473 1308 1660 1367 uitam
1705 1325 1896 1386 usque
1952 1306 2024 1368 ad
2082 1308 2261 1368 finem
2309 1307 2567 1386 deduxit,

268 1408 341 1467 ita
401 1416 470 1468 ut
531 1410 598 1468 in
653 1406 967 1467 Phocionis
1023 1407 1149 1467 uita
1203 1423 1322 1466 una
1377 1406 1713 1466 narratione
1770 1407 1980 1466 mortis
2032 1413 2345 1467 contentus
2395 1414 2568 1484 esset,

265 1504 354 1564 hic
409 1504 540 1565 illic
598 1503 886 1583 quaedam
943 1503 1016 1564 de
1063 1502 1386 1565 uirtutibus
1441 1502 1729 1563 adnotans
1784 1522 1897 1564 nec
1960 1506 2236 1581 grauitati
2301 1505 2567 1565 uirorum

267 1620 586 1664 numerum
641 1620 928 1663 uersuum
985 1600 1451 1663 accommodans,
1525 1600 1609 1663 De
1657 1600 2061 1680 Epaminonda
2118 1611 2313 1663 autem
2372 1601 2569 1662 subito

265 1718 397 1760 eum
451 1701 906 1779 promittentem
971 1698 1244 1761 audimus
1301 1701 1432 1775 (15,
1474 1700 1530 1775 1,
1569 1702 1678 1774 3).·
1750 1700 1895 1760 Cam
1959 1707 2159 1761 autem
2224 1704 2571 1777 exprimere

266 1802 594 1873 imayinem
643 1800 1102 1859 consuetudinis
1148 1805 1329 1874 atque
1375 1802 1544 1858 uitae
1589 1800 1845 1859 uelimus
1892 1800 2369 1875 Epaminondae,
2416 1800 2573 1859 nihil

263 1899 552 1957 uidemur
593 1898 815 1957 debere
844 1900 1362 1973 praetermittere,
1405 1898 1570 1971 quod
1598 1900 1919 1973 pertineat
1955 1899 2043 1957 ad
2075 1915 2207 1958 eam
2246 1900 2569 1957 declaran-

267 1997 420 2071 dam,
467 1994 634 2075 quod
681 1993 924 2074 quidem
971 1996 1032 2053 in
1079 1992 1356 2054 omnibus
1401 1995 1546 2055 uitis
1593 1993 1911 2055 consilium
1958 1994 2095 2073 fuit,
2146 2002 2273 2056 tum
2317 2012 2569 2075 pergen·

263 2101 412 2153 tem:
461 2112 666 2169 quare
701 2094 970 2153 dicemus
1002 2096 1277 2169 primam
1315 2094 1392 2153 de
1423 2110 1655 2168 qenere
1687 2096 1835 2170 eius,
1874 2095 2096 2155 deinde
2133 2096 2350 2169 quibas
2387 2094 2569 2154 disei-

249 2195 446 2268 plinis
493 2200 560 2253 et
605 2209 646 2251 a
692 2193 910 2267 quibus
943 2194 1024 2251 sit
1060 2192 1353 2267 eruditus,
1402 2198 1526 2251 tum
1567 2194 1645 2251 de
1681 2194 1949 2253 moribus
1986 2195 2338 2267 inqeniique
2367 2191 2569 2268 sacul-

265 2291 492 2352 tatibus
541 2298 604 2350 et
645 2294 702 2350 si
746 2306 870 2365 qua
915 2292 1043 2349 alia
1089 2292 1378 2349 memoria
1427 2291 1618 2365 diana
1666 2297 1872 2365 erunt,
1903 2297 2214 2366 postremo
2266 2292 2343 2350 de
2388 2290 2573 2350 rebus

257 2392 473 2464 pestis,
533 2406 694 2463 quae
760 2405 799 2447 a
849 2390 1140 2463 plurimis
1203 2390 1396 2447 animi
1458 2394 1912 2463 anteponuntur
1980 2388 2327 2449 uirtutibus.
2419 2406 2569 2466 quae

263 2504 398 2546 cnm
467 2484 844 2563 disponeret,
909 2486 1140 2564 species
1195 2485 1324 2546 eius
1383 2491 1641 2544 mentem
1698 2486 1781 2545 ita
1835 2492 2304 2565 occupauerunt,
2359 2492 2427 2545 ut
2474 2504 2571 2545 res

263 2592 464 2663 gestas
511 2600 624 2663 per
669 2581 803 2642 illas
852 2581 1211 2662 disponeret,
1269 2590 1540 2661 quartam
1585 2590 1785 2643 autem
1832 2592 2061 2662 partem
2114 2583 2353 2643 omnino
2400 2584 2572 2643 omit·

263 2690 418 2741 teret
458 2683 617 2756 (uid.
657 2682 1009 2757 Nipperdey
1054 2698 1110 2740 a.
1138 2682 1196 2741 h.
1224 2683 1311 2754 1.).
1376 2679 1645 2759 Denique
1690 2680 1955 2743 medium
2000 2680 2195 2741 locum
2243 2682 2401 2741 inter
2440 2680 2572 2741 illas

263 2780 420 2841 uitas
466 2778 988 2857 laudationemque
1035 2776 1476 2857 Epaminondae
1523 2776 1829 2857 Agesilaus
1880 2778 2109 2839 obtinet
2152 2796 2263 2858 per
2305 2784 2571 2858 tempora

265 2894 472 2938 rerum
520 2884 824 2955 gestarum
870 2873 1160 2937 laudatus.

445 2973 618 3044 Quod
675 2975 728 3033 si
775 2972 847 3033 ad
905 2973 1233 3035 doctrinam
1289 2975 1605 3035 oratoriam
1654 2972 1899 3052 Nepotis
1952 2975 2337 3053 scriptionem
2384 2977 2573 3054 magis

263 3071 561 3133 inclinare
607 3070 884 3133 uidemus
931 3088 1107 3150 quam
1154 3070 1227 3132 ad
1274 3070 1580 3132 historiam
1640 3088 1842 3131 rerum
1898 3072 2147 3133 scientia
2201 3074 2571 3153 instructam,

263 3188 386 3231 non
443 3172 668 3231 mirum
723 3168 896 3230 nobis
953 3188 1084 3230 esse
1140 3168 1444 3231 uidebitur
1497 3172 1560 3229 in
1612 3171 1767 3231 uiris
1828 3168 2161 3231 illustribus
2226 3170 2597 3250 colligendis

264 3288 406 3330 eum
455 3269 762 3329 rhetorum
799 3268 1070 3329 fictiones
1106 3285 1214 3347 pro
1251 3270 1653 3329 monumentis
1690 3267 2035 3329 uendidisse
2074 3270 2375 3347 (Exempl.
2399 3270 2483 3349 fr.
2511 3271 2572 3345 3,

265 3370 396 3429 uid.
437 3369 611 3442 adn.)
629 3360 680 3449 ι)
729 3366 1102 3445 eundemque
1157 3367 1314 3426 intra
1371 3366 1519 3427 fines
1575 3366 1701 3427 ludi
1747 3365 2030 3428 rhetorici
2077 3385 2141 3427 se
2188 3368 2572 3429 continuisse.

263 3484 408 3527 nam
447 3464 605 3545 quod
643 3463 980 3544 Nipperdey
1020 3465 1250 3542 (praes.
1276 3482 1344 3541 p.
1385 3484 1468 3524 xx
1483 3468 1538 3539 ν)
1577 3463 1961 3545 Myronidem,
1998 3464 2345 3545 Tolmidem,
2391 3466 2571 3527 Phor-

264 3566 549 3643 mionem,
595 3561 844 3642 Niciam,
888 3561 1362 3641 Demosthenem,
1409 3562 1732 3642 Brasidam,
1778 3564 2031 3623 maxime
2073 3565 2333 3643 Aratum,
2380 3562 2573 3625 Philo·

268 3680 639 3740 poemenem,
679 3660 1056 3721 Cleomenem
1103 3658 1418 3739 desiderat,
1464 3660 1526 3720 hi
1573 3679 1649 3720 ne
1698 3681 1730 3721 a
1766 3660 2051 3723 Cicerone
2101 3660 2339 3741 quidem
2386 3664 2573 3723 uomi-

461 3892 510 3955 1)
547 3886 758 3941 Verum
807 3890 998 3941 tamen
1054 3887 1238 3957 ipsum
1293 3886 1434 3941 haec
1490 3886 1716 3941 decreta
1772 3886 2121 3956 excogitasse
2176 3884 2317 3940 mihi
2372 3904 2571 3957 parum

271 3966 580 4021 uerisimile
629 3970 744 4033 est3
791 3970 942 4022 certe
979 3965 1376 4023 Themistoclis
1425 3970 1484 4021 et
1519 3966 1835 4021 Pausaniae
1874 3965 2148 4036 epistulas
2200 3982 2390 4021 eorum
2436 3967 2573 4021 uitis

269 4048 518 4101 insertas
572 4045 714 4101 satis
771 4045 1076 4117 diligenter
1130 4062 1197 4100 ex
1243 4046 1574 4115 Thucydide
1630 4046 1828 4113 uertit,
1884 4046 1945 4099 id
1990 4046 2140 4115 quod
2188 4046 2311 4116 ipse
2350 4046 2577 4102 addidit

273 4128 492 4195 (Gesch.
521 4128 656 4182 Lat.
686 4128 728 4180 I
755 4130 912 4193 247),
949 4130 1122 4195 atque
1159 4126 1334 4181 etiam
1361 4124 1653 4181 Corneliae
1682 4126 1959 4205 epistulae
1989 4128 2103 4195 (De
2138 4128 2245 4182 αὑ.
2276 4128 2355 4183 ill.
2382 4127 2455 4195 fr.
2478 4132 2571 4197 15)

272 4224 346 4260 ex
387 4204 504 4259 eius
541 4205 770 4261 officina
805 4223 917 4259 non
951 4205 1297 4275 prodierunt,
1326 4223 1468 4275 quas
1496 4206 1726 4275 quidem
1756 4207 1828 4262 ab
1858 4206 1985 4277 ipsa
2012 4206 2272 4261 Cornelia
2298 4207 2575 4277 originem

271 4286 484 4339 ducere
525 4285 666 4340 mihi
713 4284 1040 4355 Nipperdey
1081 4287 1182 4357 Op.
1218 4304 1274 4356 p.
1306 4290 1379 4341 95
1397 4304 1506 4357 sqq.
1545 4286 1841 4356 persuasit.
1920 4286 2001 4341 Cf.
2030 4287 2243 4343 Jordan
2281 4290 2471 4343 Herm.
2504 4296 2573 4344 15

265 4383 330 4436 p.
363 4370 476 4423 530
490 4382 596 4437 sqq.
