3234 5034
579 307 901 356 1,mv111
1070 285 1169 340 DE
1208 284 1674 340 SCRIPTORVM
1711 285 1900 340 vrrls
1941 285 2036 338 ΕΤ
2071 283 2390 340 SCRIPTIS

579 455 829 516 rationis
874 461 1109 534 partem
1158 451 1453 534 quandam
1502 451 1575 513 ab
1622 453 1829 514 Asinio
1875 452 2260 532 repetendam
2307 470 2442 513 esse
2490 449 2564 512 ab
2609 451 2898 512 omnibus

578 559 964 631 perspectum
1010 559 1119 612 est.
1194 560 1287 612 est
1332 569 1477 612 uero
1516 569 1848 612 consensus
1885 549 2256 612 manufestus
2293 558 2355 611 et
2391 568 2424 609 a
2460 548 2686 627 multis,
2723 549 2898 610 uelut

582 648 655 710 ab
694 649 909 710 Ottone
950 651 1305 724 (Strabonis
1348 646 1681 730 ὑπομνημ.
1721 649 1952 726 fraqm.
1983 654 2048 710 in
2082 651 2308 710 studiis
2351 649 2514 724 LipS.
2544 648 2615 708 Χ
2610 648 2651 707 I
2682 648 2896 724 Suppl.

566 767 633 825 p.
665 748 799 808 247
811 751 987 825 sqq),
1016 746 1457 809 Kornemannio
1486 750 1571 825 (p.
1603 749 1690 807 67
1692 748 1735 808 2
1749 751 1905 822 sqq.)
1945 745 2136 807 oculis
2173 745 2496 807 subiectus·
2544 763 2896 824 comparan-

578 844 741 907 tibus
795 852 1012 926 autem,
1068 864 1203 906 cum
1272 844 1449 907 modo
1514 847 1916 924 consentiant,
1982 843 2158 905 modo
2220 845 2284 904 in
2355 843 2628 904 diuersas
2690 850 2900 922 partes

580 942 915 1022 discedant,
962 943 1138 1005 dubia
1186 961 1285 1004 res
1332 951 1441 1023 est,
1486 952 1691 1004 utrum
1739 942 2114 1021 neglegentia
2161 941 2576 1003 aberrauerint
2619 959 2696 1001 an
2741 940 2898 1001 alios

580 1049 855 1102 auctores
920 1041 1185 1103 secundo
1256 1043 1511 1103 tertioue
1575 1038 1706 1101 loco
1777 1040 2238 1120 adsumpserint.
2333 1041 2584 1119 Appiani
2646 1037 2898 1118 quidem

579 1138 797 1199 leuitas
856 1157 1087 1200 summa
1142 1140 1283 1218 fuit,
1336 1148 1407 1200 ut
1460 1138 1686 1218 largam
1741 1156 2015 1199 errorum
2073 1141 2306 1217 copiam
2363 1139 2481 1199 uiri
2545 1137 2702 1199 docti
2757 1155 2898 1198 coa-

580 1231 1046 1320 ceruauerint1),
1094 1254 1166 1296 ex
1212 1235 1431 1316 quibus
1476 1236 1638 1297 bunc
1681 1253 1870 1298 unum
1917 1255 2208 1315 apponam
2263 1235 2528 1297 Sallustii
2579 1233 2900 1296 Catilinam

581 1334 775 1396 tribus
820 1333 971 1394 locis
1018 1335 1167 1396 falso
1214 1333 1287 1395 ab
1334 1353 1407 1395 eo
1450 1334 1551 1396 uel
1598 1335 1822 1396 lectum
1867 1334 1968 1396 uel
2015 1333 2386 1396 intellectum
2434 1353 2568 1396 esse
2583 1328 2655 1418 ¹),
2702 1331 2899 1394 idem·

580 1451 717 1511 que,
764 1435 879 1493 etsi
926 1432 1152 1512 aliquot
1196 1433 1345 1493 locis
1392 1440 1671 1494 auctores
1718 1433 2043 1511 significat,
2089 1435 2270 1493 etiam
2319 1432 2590 1493 diuersos
2638 1425 2738 1513 (οἱ
2767 1423 2906 1512 μὲν

580 1564 667 1574 -—
705 1527 778 1592 οἱ
819 1525 943 1612 δέ),
999 1533 1064 1590 in
1120 1529 1399 1592 omnibus
1455 1530 1627 1591 libris
1674 1532 1778 1610 qui
1833 1537 2095 1610 exstant,
2153 1530 2358 1592 decem
2411 1531 2654 1591 omnino
2701 1531 2902 1590 nomi-

580 1631 747 1689 nauit
794 1627 867 1688 de
914 1631 1123 1708 eisque
1171 1631 1435 1708 quinque
1476 1629 1730 1708 singulis
1767 1647 2066 1708 quemque
2103 1629 2270 1708 lociS,
2309 1627 2540 1690 duobus
2577 1627 2902 1689 Caesarem

579 1725 894 1805 tribusque
940 1724 1334 1787 Octauianum
1390 1727 1617 1806 hosque
1675 1725 1872 1788 addita
1933 1726 2072 1788 libri
2117 1728 2524 1806 inscriptione.
2599 1724 2706 1786 sed
2752 1743 2904 1786 con-

581 1822 845 1885 cordiam
909 1823 1073 1885 illam
1138 1842 1339 1886 rerum
1404 1843 1525 1886 non
1586 1843 1906 1904 recoquam
1917 1872 1934 1905 ‚
1991 1843 2066 1886 ne
2121 1827 2445 1886 uerborum
2497 1823 2738 1904 quidem
2787 1831 2908 1884 aut.

584 1920 895 2000 dictorum,
944 1921 1163 2001 quibus
1210 1922 1483 1984 Caesaris
1526 1925 1818 1984 memoria
1865 1921 2126 1983 abundat
2173 1915 2350 2004 (baec
2397 1924 2558 1982 enim
2606 1920 2680 1982 ad
2729 1923 2906 2000 ipsas

582 2038 681 2080 res
726 2029 925 2098 gestas
972 2039 1297 2100 casumque
1346 2028 1541 2100 potest
1588 2015 1854 2105 referri),
1900 2021 2198 2099 grauioris
2243 2022 2530 2081 momenti
2569 2027 2708 2079 sunt
2745 2022 2902 2079 ima·

582 2119 753 2196 gines
809 2117 1016 2178 eodem
1072 2117 1202 2179 loco
1250 2127 1634 2180 recurrentes
1643 2165 1660 2196 ‚
1705 2119 1874 2180 uelut
1918 2117 2169 2180 Romani
2216 2117 2538 2179 Curionem
2585 2115 2902 2178 tribunum

582 2214 775 2294 plebis
814 2214 1109 2277 honorant
1146 2213 1367 2297 ὥσπερ
1405 2213 1710 2297 ἀθλητὴν
1746 2213 2287 2296 ἀνθοβολοῦντες
2325 2214 2482 2294 apud
2510 2214 2904 2276 Plutarchum

592 2313 759 2374 Caes,
787 2307 960 2396 30³),
997 2308 1583 2394 ἆνθοβουλοῦντες
1623 2312 1842 2392 ὥσπερ
1884 2311 2188 2393 ἀθλητήν
2215 2331 2308 2393 ap.
2328 2313 2660 2392 Appianum
2701 2313 2906 2386 1127,

584 2410 803 2470 Caesar
858 2412 1001 2471 sicis
1053 2414 1279 2490 petitus
1338 2409 1558 2492 ὥσπερ
1604 2411 1856 2491 θηρίον
1903 2430 1993 2491 ap.
2031 2410 2184 2473 Plut.
2231 2413 2399 2472 Gaea.
2439 2412 2544 2486 66,
2589 2407 2902 2490 καθάπερ

581 2506 832 2587 θηρίον
878 2526 969 2587 ap.
1008 2509 1152 2588 App.
1194 2510 1271 2569 II
1300 2510 1433 2570 117
1488 2529 1553 2569 se
1608 2509 1804 2570 uoluit
1864 2511 2196 2589 uertitque3
2261 2515 2390 2569 tum
2436 2525 2583 2569 uero
2632 2508 2904 2586 descrip-

584 2608 781 2666 tiones
828 2608 1163 2666 animorum
1208 2615 1497 2686 motuum,
1552 2624 1809 2686 quorum
1855 2625 2042 2668 unum
2089 2608 2326 2685 insigne
2374 2605 2710 2684 exemplum
2754 2623 2904 2684 pro-

582 2722 827 2785 ponam3
874 2703 1229 2766 Plutarchus
1274 2707 1437 2766 enim
1472 2706 1824 2785 Pompeium
1871 2707 1934 2765 in
1979 2707 2104 2766 uita
2153 2723 2204 2766 c.
2248 2705 2331 2764 72
2370 2723 2443 2764 ex
2479 2721 2676 2784 pugna
2713 2702 2904 2763 Phar-

584 2801 727 2862 salia
775 2805 839 2862 in
886 2810 1079 2862 castra
1127 2811 1531 2864 reuertentem
1579 2804 1722 2864 facit
1767 2822 1832 2864 se
1881 2801 2156 2880 Magnum
2194 2802 2544 2882 Pompeium
2589 2818 2723 2862 esse
2771 2819 2900 2860 non

585 2898 997 2960 recordantem
1046 2899 1424 2981 similemque
1470 2901 1632 2961 Aiaci
1679 2901 1880 2962 iliadis
1929 2901 2066 2974 (XI
2095 2900 2228 2960 543
2245 2905 2421 2978 sqq),
2469 2918 2538 2960 ex
2597 2917 2714 2978 qua
2771 2907 2906 2960 tres

584 2999 747 3076 ipsos
802 3016 1019 3059 uersus
1074 2999 1274 3078 affert,
1330 3017 1541 3059 uocem
1598 3016 1718 3059 non
1776 2998 2069 3077 edentem,
2117 2999 2180 3058 in
2227 2999 2352 3059 uita
2398 2997 2670 3060 Caesaris
2717 3015 2768 3058 c.
2808 2997 2906 3056 45

584 3095 760 3155 Aiace
808 3097 1029 3155 omisso
1067 3095 1232 3156 addit
1274 3091 1406 3157 ὑπὸ
1451 3099 1626 3158 θεοῦ
1670 3093 1954 3174 μάλιστα
1989 3091 2422 3180 βλαπτομένῳ
2463 3093 2586 3175 τὴν
2623 3093 2908 3174 γνώμην

586 3189 838 3270 ἐοικώς,
885 3192 1041 3272 apud
1087 3195 1419 3273 Appianum
1467 3195 1545 3254 II
1574 3194 1659 3254 81
1718 3187 1987 3274 ἔκφρων
2033 3189 2242 3256 αὑτοῦ
2299 3193 2656 3274 γενόμενος
2701 3184 2906 3274 ἀπῄει

584 3288 801 3371 βάδην
838 3286 906 3363 ἐς
950 3288 1025 3352 τὸ
1072 3290 1524 3372 στρατόπεδον
1554 3285 1651 3374 (=
1681 3285 1876 3373 ἀπῄει
1912 3289 2130 3372 βάδην
2167 3291 2260 3364 εἰς
2297 3289 2416 3353 τὸν
2454 3287 2706 3370 χάρακα
2742 3288 2904 3350 Ptut.

588 3389 791 3466 Ponqp.
831 3393 867 3450 l.
904 3382 982 3472 s.)
1020 3382 1131 3449 καὶ
1170 3422 1251 3432 -
1293 3385 1640 3464 ἐκαθέζετο
1687 3386 2010 3468 ἄναυδος,
2065 3376 2210 3450 οἷον
2258 3409 2323 3451 τι
2365 3382 2478 3450 καὶ
2523 3388 2644 3450 τὸν
2699 3387 2906 3449 Τελα-

585 3493 809 3565 μῶνος
846 3483 1104 3547 Αἴαντά
1158 3500 1369 3567 φασιν
1423 3482 1499 3549 ἐν
1543 3481 1722 3570 Ἰλίῳ
1776 3489 2055 3565 παθεῖν,
2119 3481 2194 3548 ἐν
2251 3482 2478 3567 μέσοις
2536 3486 2906 3565 πολεμίοις,

586 3579 717 3645 ὑπὸ
773 3583 1231 3664 θεοβλαβείας.
1322 3585 1601 3646 similiter
1660 3593 1912 3665 uterque
1971 3583 2196 3646 eisdem
2263 3584 2410 3644 locis
2466 3602 2498 3643 a
2553 3584 2906 3644 narratione

588 3715 684 3723 μ.-

769 3793 821 3860 1)
860 3788 917 3844 C.
956 3790 1123 3846 Peter
1176 3792 1296 3846 Zur
1334 3792 1526 3848 Kritik
1564 3795 1662 3846 der
1701 3793 1924 3862 Quellen
1961 3794 2013 3846 d.
2043 3793 2302 3847 ‹ila-rom.
2335 3791 2526 3846 Gesch.
2565 3809 2620 3861 p.
2652 3796 2754 3845 132
2775 3807 2905 3859 sqq.

590 3868 875 3923 Schwartz
914 3885 1005 3940 ap.
1036 3868 1215 3940 Pauly
1228 3871 1590 3926 -Wissowam
1629 3873 1678 3926 11
1717 3889 1761 3926 c.
1793 3879 1896 3926 22⁶⁴·
1919 3890 2040 3940 sqq.

767 3955 821 4018 2)
867 3949 921 4004 b.
952 3967 1000 4006 c.
1028 3951 1081 4004 H
1114 3958 1145 4006 2
1185 3955 1259 4021 (p.
1292 3958 1413 4022 688,
1445 3957 1511 4006 19
1542 3953 1778 4022 Mend.):
1827 3951 1946 4007 Cat.
1979 3958 2066 4021 24,
2096 3957 2155 4020 33
2211 3951 2262 4006 11
2301 3958 2334 4006 6
2371 3955 2518 4020 (692,
2549 3955 2661 4022 15):
2721 3957 2809 4016 60,
2840 3957 2909 4018 43

586 4029 639 4082 II
680 4034 709 4082 7
738 4033 885 4099 (693,
917 4032 1030 4101 16):
1070 4037 1158 4096 57,
1188 4037 1220 4085 3
1240 4049 1322 4101 sq.
2551 4051 2556 4058 ·

772 4113 825 4180 3)
862 4111 1055 4181 Pomp.
1086 4116 1155 4165 68
1210 4109 1393 4185 κρότῳ
1446 4114 1546 4167 καὶ
1602 4115 1795 4185 βολαῖς
1840 4113 2138 4183 στεφάνων
2185 4115 2282 4168 καὶ
2328 4112 2532 4169 ἀνθῶν
2577 4110 2908 4180 δεξαμένων

589 4189 782 4256 αὐτόν,
821 4189 921 4244 ubi
956 4190 1293 4246 Plutarchus
1339 4193 1575 4248 uerbum
1623 4194 1970 4266 ἀνθοβολετν
2015 4193 2274 4248 consulto
2321 4193 2556 4261 uitauit,
2603 4191 2740 4261 quia.
2785 4190 2910 4247 inm

590 4287 639 4324 c.
681 4273 747 4323 57
787 4269 985 4324 eodem
1021 4288 1155 4326 usus
1194 4273 1333 4328 erat.
