3234 5034
1251 347 1639 404 HISTORIAE
1960 288 1967 295 ·
2465 351 2591 418 113

282 520 576 600 temporis
621 516 782 579 Nero
827 535 938 598 per
981 518 1189 578 uinum
1239 523 1300 578 et
1347 515 1551 596 epulas
1597 516 2013 597 incalesceret,
2062 518 2308 580 offerret
2351 537 2415 580 se
2462 538 2591 580 sae-

279 620 422 697 pius
477 615 808 678 temulento
865 621 1160 694 comptam
1208 621 1268 675 et
1321 616 1550 676 incesto
1597 623 1877 694 paratam.
1918 649 2003 659 -—
2052 615 2338 678 Senecam
2388 625 2588 678 contra

278 715 612 778 muliebres
665 712 1002 776 inlecebras
1060 711 1392 774 subsidium
1439 732 1472 773 a
1521 713 1739 774 femina
1794 717 2109 794 petiuisse,
2165 717 2590 795 inmissamque

279 817 471 876 Acten
517 813 820 892 libertam,
869 830 1021 892 quae
1070 809 1248 872 simul
1296 829 1404 872 suo
1449 811 1716 892 periculo
1755 820 1816 873 et
1852 813 2093 874 infamia
2132 811 2382 874 Neronis
2419 816 2589 874 anxia

228 933 252 973 s
283 912 550 975 deferret
603 910 1021 992 peruulgatum
1080 928 1212 970 esse
1269 912 1562 970 incestum
1619 909 1908 989 gloriante
1961 918 2169 990 matre,
2222 931 2333 972 nec
2378 911 2590 973 tolera-

283 1020 454 1072 turos
507 1009 732 1072 milites
785 1009 1020 1090 prol'ani
1080 1009 1372 1088 principis
1437 1009 1773 1088 imperium.
1846 1009 2063 1070 Fabius
2127 1008 2407 1070 Rusticus
2472 1028 2590 1070 non

280 1110 644 1190 Agrippinae
703 1107 808 1170 sed
855 1106 1080 1169 Neroni
1137 1108 1404 1186 cupitum
1450 1104 1513 1166 id
1558 1114 1851 1168 memorat
1906 1106 2292 1187 eiusdemque
2342 1107 2589 1169 libertae

280 1219 418 1270 astu
457 1207 792 1270 disiectum.
869 1205 975 1267 sed
1021 1223 1172 1285 quae
1221 1204 1494 1284 Cluuius,
1541 1204 1748 1267 eadem
1796 1207 1981 1268 ceteri
2028 1224 2263 1286 quoque
2319 1215 2590 1268 auctores

280 1305 625 1387 prodidere,
663 1313 725 1367 et
771 1305 923 1366 l'ama
969 1303 1086 1365 huc
1133 1303 1395 1365 inclinat.
2644 1359 2712 1406 65

201 1425 250 1465 ιο
465 1398 585 1466 3*.
640 1404 830 1465 Tacit.
852 1420 996 1464 ann.
1016 1403 1152 1464 XV
1180 1401 1268 1462 60
1311 1401 1370 1462 Is
1401 1399 1722 1480 [Annaeus
1750 1401 2011 1480 Seneca]
2042 1403 2194 1463 forte
2224 1421 2298 1463 an
2326 1402 2589 1483 prudens
2624 1429 2731 1498 gig

279 1502 355 1564 ad
403 1521 544 1564 eum
593 1501 750 1564 diem
798 1519 870 1562 ex
910 1499 1226 1581 Campania
1273 1507 1648 1562 remeauerat
1692 1508 2085 1582 quartumque
2132 1499 2288 1581 apud
2332 1501 2588 1581 lapidem

279 1600 630 1663 suburbano
669 1617 810 1661 rure
849 1598 1212 1661 substiterat.
1260 1597 1361 1659 illo
1398 1599 1729 1678 propinqua
1768 1616 2021 1678 uespera
2059 1599 2334 1661 tribunus
2373 1599 2587 1678 [prae-

279 1705 487 1763 toriae
533 1701 804 1761 cohortis
857 1699 1089 1760 Gauius
1136 1695 1454 1774 Siluanus]
1501 1697 1672 1759 uenit
1726 1705 1785 1757 et
1838 1696 2041 1758 uillam
2096 1696 2287 1778 globis
2333 1697 2591 1759 militum

279 1801 538 1880 saepsit3
593 1805 720 1859 tum
775 1797 893 1875 ipsi
947 1814 1085 1857 cum
1130 1793 1407 1875 Pompeia
1454 1793 1696 1855 Paulina
1750 1813 1937 1856 uxore
1994 1803 2053 1856 et
2107 1797 2313 1857 amicis
2362 1795 2591 1858 duobus

201 1915 251 1956 ιε
279 1896 552 1978 epulanti
613 1893 890 1957 mandata
955 1894 1332 1974 imperatoris
1397 1891 1584 1954 edidit
1649 1891 1757 1970 [an
1823 1896 1993 1955 dicta
2058 1895 2295 1956 Natalis
2357 1914 2591 1971 suaque

279 2014 577 2076 responsa
623 2001 988 2071 aanosceret
1025 1995 1102 2054 de
1139 2009 1468 2067 ‹tonores-eu
1507 2009 1645 2052 cam
1684 1989 1951 2070 Pisone}
1989 1992 2103 2065 (61
2097 1995 2134 2066 )
2171 2025 2261 2036 --
2296 1992 2407 2054 Vbi
2443 1991 2587 2054 haec

281 2093 473 2174 [quae
511 2093 750 2156 Seneca
795 2093 1215 2169 responderat,
1252 2088 1512 2167 Neroni]
1551 2107 1586 2150 a
1626 2088 1868 2150 tribuno
1912 2089 2096 2151 relata
2144 2100 2285 2152 sunt
2318 2091 2588 2172 Poppaea

281 2202 342 2254 et
378 2189 674 2272 Tigellino
721 2207 941 2270 coram,
976 2221 1068 2232 -
1103 2190 1448 2268 interrogat,
1495 2206 1584 2249 an·
1617 2187 1844 2249 Seneca
1888 2188 2285 2250 uoluntariam
2330 2199 2589 2252 mortem

279 2298 538 2373 pararet.
615 2299 740 2350 tum
787 2286 1068 2349 tribunus
1114 2285 1274 2347 nulla
1319 2288 1558 2367 pauoris
1606 2287 1801 2366 signa,
1856 2285 2007 2347 nihil
2060 2288 2229 2350 triste
2276 2289 2339 2349 in
2384 2289 2587 2350 uerbis

199 2415 252 2456 so
281 2392 416 2450 eius
473 2397 574 2449 aut
619 2386 793 2448 uultu
841 2385 1200 2466 deprensum
1247 2384 1641 2446 confirmauit.
1720 2402 1861 2465 ergo
1919 2384 2155 2465 regredi
2210 2394 2270 2447 et
2324 2385 2587 2449 indicere

279 2495 538 2549 mortem
575 2484 834 2547 iubetur.
883 2483 1062 2546 tradit
1098 2483 1312 2544 Fabius
1350 2481 1632 2544 Rusticus
1669 2500 1791 2544 non
1828 2502 1896 2544 eo
1936 2502 2053 2563 quo
2091 2491 2339 2546 uenerat
2373 2487 2587 2548 itinere

279 2583 546 2647 reditum
593 2582 701 2644 sed
737 2582 977 2644 flexisse
1023 2580 1098 2642 ad
1143 2581 1426 2642 Faenium
1472 2581 1841 2660 praefectum
1889 2591 1951 2643 et
1994 2585 2280 2662 expositis
2319 2582 2589 2646 Caesaris

278 2685 484 2762 iussis,
530 2700 610 2743 an
657 2680 1114 2761 obtemperaret,
1161 2681 1626 2758 interrogauisse
1673 2681 2081 2760 monitumque
2130 2679 2202 2741 ab
2250 2699 2337 2760 eo,
2383 2689 2447 2744 ut
2488 2701 2587 2743 ex·

279 2787 658 2862 sequeretur,
707 2778 866 2840 fatali
912 2779 1179 2840 omnium
1225 2778 1478 2856 ignauia.
1561 2795 1699 2838 nam
1747 2785 1809 2839 et
1854 2776 2131 2840 Siluanus
2178 2781 2335 2840 inter
2386 2783 2587 2842 coniu-

199 2906 250 2947 η
279 2889 442 2942 ratos
491 2886 621 2940 erat
667 2877 1034 2957 augebatque
1083 2873 1326 2954 scelera,
1370 2876 1436 2936 in
1481 2893 1739 2955 quorum
1774 2875 2061 2938 ultionem
2100 2886 2497 2940 consenserat.

463 2971 584 3039 4¹¹².
639 2975 830 3037 Tacit.
859 2977 1010 3052 ΑΨ.
1043 2973 1130 3034 10
1174 2972 1447 3034 Formam
1483 2975 1667 3034 totius
1696 2973 2034 3036 Britanniae
2063 2973 2269 3036 Liuius
2296 2983 2587 3058 ueterum,

279 3075 501 3138 Fabius
546 3073 830 3136 Rusticus
876 3075 1208 3134 recentium
1255 3069 1729 3152 eloquentissimi
1776 3081 2074 3153 auctores»,
2122 3072 2406 3154 oblongae
2453 3095 2586 3137 scu-

279 3173 441 3235 tulae
487 3172 588 3233 uel
631 3171 877 3251 bipenni
923 3169 1375 3231 adsimulauere.

463 3395 524 3454 2.
561 3396 738 3452 Fabii
771 3396 984 3462 famam
1018 3401 1233 3450 secutus
1269 3401 1346 3450 est
1379 3395 1677 3450 Suetonius
1714 3395 1847 3452 Ner.
1876 3400 1953 3452 28
1988 3397 2187 3452 Matris
2225 3399 2587 3456 concubitum

279 3466 573 3540 appetisse
619 3469 680 3520 et.
726 3465 798 3520 ab
845 3465 1322 3590 obtrectatoriffis
1367 3465 1819 3593 egundeaerrfffi
1846 3471 2029 3593 ζὲᾳιιο
2048 3468 2347 3597 ἐωέζὲἑεᾳῖ
2384 3472 2586 3599 ιιιέΙίοι·

275 3539 1014 3683 ῗοαιῢῖιξαὲιθῖιῖἑξθέιῖἒηῖῗ
1051 3552 1224 3677 {¹1³-2:31¹
1267 3553 1442 3663 fgfga’
1469 3613 1592 3663 erat
1627 3557 2011 3692 Agrippina?
2022 3612 2274 3666 slmallun'
2086 3559 2123 3594 u
2136 3611 2147 3622 ”
2166 3559 2185 3594 1
2202 3612 2213 3623 '
2250 3559 2421 3683 uelim?
2436 3563 2586 3672 idltzss

277 3680 627 3738 concubinas
661 3679 893 3750 recepit.
957 3679 1093 3735 olim
1129 3677 1321 3746 etiam,
1359 3680 1619 3749 quotiens
1656 3681 1861 3736 lectica.
1898 3700 2025 3736 cum
2060 3688 2239 3740 matre
2267 3686 2583 3756 ueheretur,

275 3753 650 3809 libidinatum
685 3752 900 3808 inceste
937 3768 1005 3806 ac
1039 3749 1279 3806 maculis
1305 3750 1484 3806 uestis
1510 3752 1799 3822 proditum
1828 3753 2124 3812 affirmant.
2165 3757 2259 3825 (cf.
2284 3759 2402 3813 Dio
2434 3761 2582 3816 Cass.

280 3831 374 3894 61³
411 3827 753 3966 ulf-{emit
797 3895 1045 3950 Tacitus.-
1089 3895 1148 3950 et
1183 3896 1272 3949 est
1307 3909 1376 3948 ea.
1412 3893 1588 3950 facies
1626 3895 1771 3951 citra.
1807 3896 2189 3954 Caledoniam.
2244 3900 2393 3955 unde
2429 3904 2489 3956 et
2524 3903 2585 3958 in

279 3967 610 4042 uniuersum
646 3966 816 4021 fama..
869 3965 969 4020 sed
1004 3966 1368 4036 transgressis
1397 3966 1713 4021 inmensum
1742 3970 1801 4022 et
1830 3984 2052 4023 enorme
2081 3970 2327 4040 spatium
2356 3989 2583 4042 procur·

277 4038 529 4095 rentium
566 4040 814 4092 extremo
851 4037 968 4092 iam
1003 4037 1168 4092 litore
1203 4039 1482 4092 terrarum
1517 4037 1679 4093 uelut
1714 4037 1775 4093 in
1814 4056 2053 4094 cuneum
2090 4045 2373 4098 tenuatur.

463 4251 536 4340 3,
584 4261 686 4320 22.
731 4259 1102 4318 reditumM
1137 4259 1360 4321 redisse
1404 4260 1713 4321 tribunum
1742 4261 1929 4322 Halm

464 4341 537 4429 4,
587 4351 691 4409 27.
737 4348 1018 4424 scapulae
1060 4349 1185 4409 Vat.
1215 4349 1304 4408 II

389 4467 514 4508 fflst.
538 4466 671 4507 Bon.
699 4465 864 4518 rsLII,
891 4465 962 4507 sd.
988 4465 1170 4508 Peter.
2123 4457 2155 4505 8
