3234 5034
685 313 812 377 144
1391 317 1725 370 ΑΣΙΝΙΟΤ
1755 317 2270 371 KO‘PAAPATO‘P

861 474 1020 544 10²³.
1068 484 1290 558 Aqath.
1331 484 1374 543 I
1402 484 1446 543 6
1480 501 1548 560 p.
1579 483 1668 543 26
1705 484 1896 545 Bonn.
1967 481 2052 545 Οῑ
2110 477 2184 546 δὲ
2222 479 2609 563 Ἀλαμανοί,
2668 488 2803 566 εἴγε
2861 485 2977 568 χρὴ

670 574 980 664 ’Λσιννίῳ
1027 577 1441 664 Κουαδράτῳ
1487 576 1789 661 ἕπεσθαι,
1837 576 2035 661 ἀνδρὶ
2078 576 2410 665 Ἰταλιώτῃ
2456 577 2567 645 καὶ
2612 581 2693 646 τὰ
2732 583 2977 665 Γερμα-

679 674 830 739 νικὰ
887 673 954 750 ἐς
1008 676 1082 740 τὸ
1140 674 1407 760 ἀκριβὲς
1463 675 2045 764 ἀναγεγραμμένῳ,
2094 675 2456 760 ξύγκλυδές
2502 681 2675 744 εἰσιν
2721 679 2977 762 ἄνθρω·

677 795 791 838 ποι
838 772 948 838 καὶ
994 773 1289 859 μιγάδες,
1325 772 1436 840 καὶ
1481 783 1683 841 τοῦτο
1728 775 2011 840 δύναται
2058 775 2285 853 αὐτοῖς
2329 775 2371 860 ἡ
2419 773 2784 861 ἐπωνυμία.

1618 941 2036 1002 ΠΑΡΘΙΚΑ

858 1057 974 1127 11.
1042 1077 1138 1125 Ex
1185 1077 1395 1127 LIBRO
1443 1080 1468 1127 1
1534 1066 1737 1142 Steph.
1787 1066 1940 1142 ΒΨ..
1987 1084 2035 1127 ε.
2072 1083 2131 1127 u.
2166 1084 2235 1143 p.
2273 1065 2408 1126 207
2454 1067 2641 1130 Mein.
2739 1065 2974 1147 I'qzng,
3022 1083 3043 1124 ι

675 1157 880 1235 ἔθνος
913 1159 1334 1244 <Παρθίας>,
1373 1155 1454 1224 οὗ
1491 1159 1813 1245 μέμνηται
1835 1157 2127 1236 Ἀσίνιος
2154 1158 2593 1246 Κουάδρατος
2629 1159 2707 1227 ἐν
2744 1164 2977 1250 πρώτῳ

678 1261 1068 1342 Παρθικῶν.

858 1352 970 1422 12.
1040 1361 1238 1438 Steph.
1283 1363 1437 1438 Byz.
1483 1379 1529 1423 s,
1576 1381 1637 1423 u.
1670 1379 1737 1438 p.
1788 1360 1922 1420 437
1996 1357 2429 1442 Μαυρούσιοι
2500 1355 2609 1423 καὶ
2682 1361 2977 1444 Μαῦροι,

675 1457 876 1531 ἔθνος
928 1453 1094 1540 μέγα
1151 1455 1438 1539 Λιβύης,
1492 1456 1582 1532 ὡς
1648 1454 2085 1539 Κουάδρατος
2152 1455 2225 1519 ἐν
2288 1456 2527 1542 πρώτῳ
2586 1460 2974 1542 Παρθικῶν.

859 1549 971 1619 13.
1018 1571 1114 1616 Ex
1150 1569 1362 1619 LIBRO
1401 1571 1455 1618 11
1501 1558 1705 1635 Steph.
1744 1558 1897 1634 Byz.
1934 1575 1981 1618 s,
2019 1575 2079 1618 u.
2108 1575 2172 1634 p.
2203 1556 2335 1617 298
2406 1554 2726 1638 Ζωβίδαι,
2772 1550 2976 1632 ἔθνος
3000 1580 3045 1621 ιο

674 1654 962 1735 πλησίον
1004 1654 1408 1736 Καρμανίας.
1486 1652 1925 1736 Κουαδρᾶτος
1972 1653 2045 1716 ἐν
2094 1655 2470 1735 Παρθικῶν
2516 1651 2825 1741 δευτέρῳ.

857 1745 969 1815 14.
1036 1766 1130 1812 Ex
1177 1766 1388 1814 LIBRO
1435 1768 1515 1814 111
1580 1755 1781 1831 Steph.
1829 1754 1983 1831 ΒΨ..
2026 1771 2071 1814 ε.
2112 1771 2170 1814 u.
2202 1770 2272 1830 p.
2310 1753 2443 1814 205
2516 1752 2973 1834 Γερμανίκεια,

671 1850 863 1924 πόλις
915 1847 1398 1932 Εὐφρατησίας.
1470 1849 1904 1930 Κουάδρατος
1950 1847 2025 1913 ἐν
2069 1851 2257 1933 τρίτῃ
2308 1851 2683 1932 Παρθικῶν
2728 1851 2973 1935 χωρίον

672 1946 880 2030 αὐτήν
927 1963 1150 2029 φησιν.
1226 1945 1262 2011 ὁ
1308 1950 1576 2030 πολίτης
1624 1946 2091 2031 Γερμανικεύς.

855 2041 966 2111 15.
1026 2049 1225 2125 Steph.
1275 2049 1426 2125 ΒΨ..
1472 2067 1521 2109 s.
1568 2067 1627 2110 u.
1690 2046 1945 2130 Ταρσός
1976 2065 2045 2124 p.
2086 2049 2219 2108 606
2289 2041 2425 2109 Καὶ
2500 2044 2723 2128 Τάρσα
2788 2048 2969 2131 κώμη
2998 2073 3042 2112 ιι

673 2141 777 2207 ἐπὶ
823 2151 914 2231 τῷ
961 2141 1307 2228 Εὐφράτῃ,
1353 2143 1443 2218 ὡς
1489 2143 1925 2227 Κουάδρατος
1972 2141 2046 2207 ἐν
2091 2145 2289 2230 τρίτῳ
2331 2146 2735 2224 Παρθικῶν·
2789 2141 2971 2208 ‘’Anb

673 2237 746 2306 δὲ
785 2241 1198 2323 Σαμοσάτων
1242 2241 1407 2305 κατὰ
1451 2239 1623 2327 ῥοῦν
1670 2242 1841 2306 ίόντι
1888 2239 2055 2306 ὅσον
2100 2241 2413 2318 σταδίους
2459 2238 2695 2306 ἑκατὸν
2738 2243 2971 2326 πεντή-

668 2363 869 2405 κοντα
923 2339 1147 2423 Τάρσα
1191 2338 1375 2423 κώμη
1421 2338 1956 2424 πολυάνθρωπος
2014 2335 2245 2426 ᾠκεῖτο
2301 2339 2441 2404 ἄνω
2494 2347 2617 2404 τοῦ
2670 2349 2971 2425 ποταμοῦ

670 2437 982 2514 σταδίους
1025 2435 1534 2502 πεντεκαίδεκα.’
1605 2439 1681 2503 τὸ
1730 2437 2006 2503 ἐθνικὸν
2064 2439 2418 2520 Ταρσηνός.

853 2533 967 2601 16.
1034 2539 1235 2617 Steph.
1292 2540 1445 2616 Byz.
1491 2559 1537 2601 s.
1585 2559 1645 2600 u.
1677 2557 1746 2616 p.
1796 2539 1927 2600 713
1996 2533 2271 2620 Ὠτηνή,
2342 2545 2543 2620 μοῖρα
2576 2529 2969 2621 ’Ἀρμενίας
2994 2563 3041 2604 ιο

673 2634 1105 2719 Κουάδρατος
1151 2633 1226 2698 έν
1273 2637 1647 2718 Παρθικῶν
1690 2637 1916 2721 τρίτῳ·
1991 2629 2086 2698 “O
2132 2633 2207 2698 δὲ
2254 2642 2369 2716 τῆς
2400 2630 2739 2718 Ἀρμενίας
2784 2637 2969 2718 βασι-

670 2735 823 2809 λεὺς
869 2731 1181 2816 Πάκορος
1235 2729 1311 2796 ἐν
1355 2732 1568 2819 τούτῳ
1627 2730 1778 2816 περὶ
1818 2729 2163 2817 Ἀρτάξατα
2210 2733 2318 2796 καὶ
2365 2732 2489 2814 τὴν
2525 2729 2815 2816 ’.Ωιτηνὴν
2857 2742 2971 2816 τῆς

659 2831 995 2916 Ἀρμενίας
1039 2829 1335 2913 διάγων.’

851 2926 965 2995 17.
1014 2945 1109 2991 Ex
1147 2943 1357 2993 Lumo
1389 2945 1496 2992 1111
1545 2933 1745 3009 steph.
1786 2934 1938 3009 Byz.
1976 2951 2024 2992 s.
2062 2949 2119 2991 u.
2143 2949 2213 3008 p.
2245 2930 2378 2992 670
2426 2927 2773 3013 Φράασπα,
2828 2933 2965 3012 Μη-

669 3029 818 3105 δίας
861 3029 1070 3103 πόλις.
1144 3026 1578 3110 Κουάδρατος
1628 3030 2003 3112 Παρθικῶν
2049 3026 2352 3112 τετάρτῳ.
2990 3055 3036 3094 ει

847 3220 946 3275 10.
985 3220 1242 3275 Fortasse
1277 3237 1344 3274 ex
1377 3222 1603 3289 proprio
1642 3220 1780 3274 libro
1822 3219 2289 3285 Germanicorum,
2326 3219 2442 3274 uid.
2480 3236 2523 3274 ε.
2545 3235 2605 3289 p.
2640 3241 2916 3276 canus-11.

847 3291 946 3349 12.
987 3291 1070 3358 Cf.
1101 3291 1297 3346 Strabo
1326 3291 1521 3344 XVII
1550 3295 1602 3358 3,
1629 3296 1669 3345 2
1695 3309 1755 3360 p.
1786 3295 1897 3346 825
1939 3291 2171 3346 Οἰκοῦσι
2218 3290 2273 3346 δ’
2317 3290 2569 3346 ἐνταῦθα
2610 3291 2965 3359 Μαυρούσιοι

667 3362 770 3434 μὲν
807 3363 918 3418 ὑπὸ
954 3372 1067 3418 τῶν
1095 3360 1380 3430 Ἑλλήνων
1415 3362 1720 3432 λεγόμενοι,
1757 3366 1987 3431 Μαῦροι
2025 3359 2081 3416 δ’
2115 3362 2225 3417 ὑπὸ
2262 3370 2375 3417 τῶν
2395 3359 2685 3431 Ῥωμαίων
2722 3363 2820 3418 καὶ
2856 3373 2965 3418 τῶν

667 3431 998 3508 ἐπιχωρίων,
1035 3434 1285 3558 Λιβυκὸν
1323 3434 1494 3496 ἔθνος
1531 3433 1671 3504 μέγα
1710 3434 1805 3488 καὶ
1842 3434 2127 3503 εὔδαιμον.

847 3507 943 3562 16.
986 3507 1095 3561 Mu
1118 3508 1164 3560 ti
1207 3508 1270 3560 in
1319 3508 1522 3561 oriente
1563 3507 1793 3574 fiaerwnt
1839 3507 2065 3570 Pacori,
2111 3506 2354 3572 forsitan
2397 3505 2487 3560 hie
2528 3505 2704 3571 fuerit
2746 3507 2825 3574 ιἐ,
2870 3509 2965 3575 qui

667 3599 719 3635 α.
749 3583 859 3634 163
905 3580 1200 3633 Artaoeatis
1253 3578 1430 3646 captis
1472 3595 1510 3631 a
1557 3578 1733 3632 Statio
1778 3577 1973 3632 Prisco
2018 3579 2197 3632 uictus
2242 3583 2333 3644 est,
2380 3577 2494 3630 uid.
2534 3577 2610 3632 E.
2646 3577 2826 3647 Napp
2878 3579 2963 3633 De

664 3650 824 3707 rebus
859 3653 991 3720 imp.
1025 3651 1108 3704 M.
1139 3650 1369 3704 Aurelio
1407 3651 1468 3703 in
1504 3651 1709 3704 oriente
1742 3651 1907 3720 gestis
1945 3649 2093 3703 Dies.
2126 3649 2311 3702 Borm.
2342 3665 2403 3718 p.
2434 3651 2511 3702 22
2528 3665 2641 3718 sqq.

846 3721 943 3778 17.
984 3721 1067 3788 Of.
1089 3739 1150 3791 p.
1179 3723 1288 3776 533
1323 3737 1365 3776 8.
1395 3738 1451 3774 u.
1491 3719 1796 3789 Πράασπα,
1832 3720 1994 3782 πόλις
2028 3726 2127 3788 τῆς
2148 3715 2571 3789 Ἀτροπατηνῆς.
2630 3719 2693 3773 τὸ
2725 3719 2960 3776 ἐθνικὸν

667 3791 1066 3863 Πραασπηνός.

848 3955 960 4042 10,
1011 3963 1067 4022 3.
1115 3959 1438 4039 ξυνήλυδές
1475 3961 1550 4020 L.
1580 3959 1859 4035 Dindorf

849 4043 965 4130 11,
1015 4054 1072 4112 6.
1120 4049 1400 4131 Παρθίας
1445 4051 1583 4110 add.
1613 4051 1881 4110 Meineke
2054 4043 2347 4123 Ἀσσίνιος
2376 4051 2435 4109 R
2472 4042 2805 4124 Ἀσσίννιος
2838 4049 2963 4110 AV

664 4145 737 4216 cf.
767 4142 944 4202 Dion.
972 4141 1102 4199 Per.
1145 4143 1317 4199 1019
1591 4131 1707 4219 13,
1759 4143 1859 4198 11.
1906 4143 2289 4220 παρθενικῶν
2320 4139 2447 4199 RV

848 4222 963 4309 15,
1018 4232 1114 4289 17.
1162 4232 1565 4307 Σαμοσσατῶν
1600 4229 1663 4288 R
1708 4227 2085 4306 Σαμοσατῶν
2119 4228 2251 4288 AV
2464 4226 2565 4289 καὶ
2602 4236 2783 4310 ταροῦ
2822 4229 2881 4288 R

848 4312 963 4399 16,
1015 4321 1113 4378 22.
1155 4311 1510 4398 Ἀρτάξαντα
1545 4317 1675 4377 AV
1997 4309 2111 4398 17,
2161 4319 2263 4378 24.
2314 4317 2592 4396 Μηδείας
2642 4319 2698 4377 V
