3234 5034
1097 292 1152 349 C.
1191 292 1478 348 PLINIVS
1516 292 1895 349 SECVNDVS
2506 296 2642 344 CLV

349 460 636 523 iudicium
685 480 862 523 suum
909 460 1229 541 protulisse
1267 461 1407 523 inde
1445 469 1708 541 apparet,
1754 462 1914 542 quod
1949 461 2047 523 ille
2086 482 2259 523 suum
2296 465 2375 524 ita
2418 462 2643 525 denun-

347 554 452 613 tiat
497 546 630 612 Καὶ
681 546 808 612 οὐκ
853 546 1118 625 ἀπεικός
1165 546 1362 631 ἐστιν,
1411 551 1510 611 hic
1557 549 1713 628 ‘qu
1764 560 1831 613 ut
1878 548 2321 632 concesserim’,
2370 560 2494 615 tum
2544 552 2642 613 de-

347 650 560 712 clamat
617 657 873 730 uterque
931 648 1002 710 de
1057 652 1362 711 atrocitate
1416 649 1556 711 belli
1613 649 1808 711 ciuilis
1856 649 2095 730 Sullam,
2151 650 2417 731 Marium,
2472 651 2643 713 Pom·

343 751 544 830 peium
593 750 908 811 nominans
955 748 1125 825 (oth.
1163 750 1222 811 9.
1269 751 1406 811 hist.
1445 750 1524 809 II
1551 749 1687 823 37).

523 847 652 909 Hoc
697 849 883 927 igitur
935 848 1190 909 euicisse
1245 846 1416 909 nobis
1471 846 1750 909 uidemur
1804 866 2177 909 communem
2232 848 2395 910 illum
2446 856 2643 910 aucto-

345 965 474 1009 rem
519 948 906 1009 historiarum
953 953 1138 1007 testes
1183 947 1558 1027 potissimum
1605 946 1867 1009 oculatos
1906 954 1965 1007 et
2002 946 2237 1009 audisse
2276 954 2337 1008 et
2372 946 2645 1009 laudasse

343 1046 686 1126 librumque
725 1044 820 1107 uel
859 1046 1312 1107 commentarios
1351 1064 1492 1107 suos
1528 1052 1664 1126 post
1700 1044 1985 1107 Caecinae
2024 1053 2273 1107 mortem
2314 1048 2645 1126 scripsisse.

344 1144 495 1206 illud
551 1152 750 1205 autem
807 1142 878 1205 ab
933 1145 1176 1222 ingenio
1222 1143 1400 1204 Plinii
1453 1143 1733 1205 abhorret
1787 1142 1971 1205 libros
2026 1146 2224 1225 potius
2281 1144 2533 1224 legentis
2590 1154 2651 1207 et

344 1244 752 1324 excerpentis‚
799 1242 910 1303 hoc
958 1261 989 1303 a
1039 1249 1330 1322 tempore,
1390 1244 1669 1323 quoniam
1725 1241 1863 1303 libri
1910 1239 1979 1303 ‘A
2026 1244 2145 1303 fine
2191 1243 2409 1305 Aufidii
2455 1241 2645 1305 Bassi'

345 1364 396 1404 a.
438 1337 680 1423 77s830
729 1339 868 1403 ‘iam
913 1338 1168 1421 pridem’
1229 1340 1302 1403 ad
1359 1342 1535 1403 linem
1584 1340 1855 1420 perducti
1903 1349 2072 1403 erant
2120 1342 2227 1419 (fr.
2267 1343 2357 1416 4).
2449 1344 2649 1422 itaque

345 1441 590 1503 Tacitus
637 1441 943 1501 materiam
988 1438 1175 1518 illam,
1233 1458 1408 1519 quam
1465 1438 1690 1501 leuiore
1736 1458 1914 1519 opera
1960 1439 2311 1502 Plutarchus
2357 1442 2419 1501 in
2470 1460 2645 1502 suum

346 1558 687 1602 sermonem
725 1536 1042 1617 transtulit,
1091 1537 1410 1599 Suetonius
1449 1540 1763 1617 excerpsit,
1810 1537 2037 1599 collatis
2085 1539 2215 1600 aliis
2252 1538 2646 1619 scriptoribus

349 1632 517 1721 (nam
609 1638 680 1699 de
757 1638 904 1697 actis
980 1630 1212 1721 dubito)
1298 1638 1683 1716 examinauit,
1756 1639 2125 1716 retractauit,
2198 1639 2381 1699 nimia
2454 1636 2651 1699 studia

345 1737 632 1798 Flauiana
688 1735 966 1797 abstersit
987 1728 1066 1819 ¹),
1111 1735 1458 1815 Vipstanum
1517 1734 1849 1797 Messallam
1907 1738 2161 1797 amicum
2218 1736 2337 1815 bis,
2390 1735 2649 1797 Plinium

349 1837 527 1897 amici
555 1833 916 1896 auunculum
953 1836 1390 1915 opportunitate
1428 1833 1639 1914 oblata,
1668 1853 1743 1895 ne
1782 1836 2125 1895 memoriam
2166 1853 2369 1896 eorum
2410 1837 2649 1896 omnino

349 1933 716 2011 obscuraret,
764 1932 948 1994 semel
992 1932 1237 1994 honoris
1285 1952 1462 1994 causa
1508 1935 1685 1994 etiam
1734 1926 2135 2017 nominauitff')

531 2031 678 2103 Quis
734 2038 929 2093 tamen
984 2030 1084 2092 ille
1141 2031 1346 2110 fuerit,
1407 2050 1526 2093 non
1587 2030 1778 2093 solum
1843 2034 2077 2092 nescire
2144 2050 2238 2092 me
2298 2032 2487 2093 fateor
2544 2031 2650 2093 sed

351 2132 531 2193 etiam
578 2148 818 2211 operam
863 2129 1237 2210 perditurum
1283 2148 1441 2210 esse,
1499 2132 1550 2191 si
1605 2130 1761 2191 ultra
1818 2131 2254 2210 inquisiuerim.
2348 2132 2397 2191 si
2454 2138 2651 2191 autem

351 2232 450 2291 cui
505 2231 726 2291 mirum
781 2228 1081 2308 uideatur,
1137 2227 1296 2309 quod
1351 2228 1616 2290 illustres
1674 2230 1997 2309 scriptores
2053 2228 2127 2289 ad
2172 2228 2425 2291 eundem
2476 2228 2650 2290 delati

353 2330 473 2391 sint
520 2330 770 2409 eiusque
816 2346 892 2389 ne
939 2346 1158 2389 nomen
1195 2326 1438 2407 quidem
1475 2326 1760 2388 traditum
1798 2328 1894 2405 sit,
1940 2326 2052 2388 hoc
2089 2345 2206 2387 non
2248 2346 2389 2388 casu
2428 2330 2649 2389 sactum

353 2434 460 2489 est.
555 2444 692 2487 nam
739 2444 876 2487 cum
922 2424 1243 2487 eorundem
1290 2426 1561 2487 uirorum
1630 2424 2057 2487 consuetudine
2122 2433 2451 2505 uterentur,
2521 2428 2650 2506 qui-

352 2526 606 2587 buscum
655 2523 1040 2585 admiratione
1086 2526 1310 2586 ueteris
1358 2526 1444 2585 rei
1490 2523 1765 2605 publicae
1810 2526 2169 2605 uirtutisque
2228 2530 2403 2605 atque
2454 2526 2650 2604 graui-

355 2625 492 2685 tatis
541 2630 784 2684 senatus
831 2624 1130 2684 coniuncti
1179 2630 1396 2701 essent,
1456 2622 1555 2684 ille
1601 2624 1839 2702 ignotus
1886 2631 2093 2684 auctor
2135 2625 2265 2703 pari
2312 2622 2511 2685 studio
2558 2626 2651 2683 in·

355 2741 572 2783 census
621 2729 682 2783 et
725 2721 926 2783 oculos
973 2722 1238 2782 omnium
1291 2721 1528 2783 illorum
1586 2720 1759 2783 facile
1812 2722 1875 2781 in
1933 2740 1996 2782 se
2052 2722 2403 2783 contrahere
2458 2724 2653 2801 potuit

355 2829 414 2882 et
460 2838 526 2881 ea
574 2822 704 2899 ipsa
746 2819 816 2880 de
865 2838 1060 2899 causa,
1106 2821 1223 2881 nisi
1270 2820 1552 2900 iniquitas
1600 2820 1869 2881 fortunae
1916 2818 2214 2880 obliuione
2262 2839 2399 2881 eum
2436 2820 2651 2899 obruit,

353 2918 544 2981 Taciti
601 2918 986 2999 Suetoniique
1043 2918 1270 2997 fulgore
1325 2920 1732 2998 praegrauari,
1789 2936 1925 2980 cum
1985 2917 2083 2979 ille
2142 2917 2497 2997 elocutione,
2552 2918 2652 2979 hic

355 3016 660 3097 diligentia
724 3016 1008 3077 florerent
1096 3024 1156 3077 et
1239 3017 1462 3077 maiora
1532 3014 1823 3096 quaedam
1908 3024 2239 3096 temporum
2332 3035 2651 3097 rerumque

357 3116 548 3197 spatia
597 3114 848 3195 amplexi
896 3123 1112 3176 essent.

535 3212 671 3292 Sed,
707 3222 774 3274 ut
811 3210 884 3273 ad
919 3211 1176 3275 Plinium
1213 3215 1408 3293 ipsum
1458 3222 1849 3293 reuertamur,
1895 3213 2134 3275 Tacitus
2171 3214 2233 3273 in
2284 3212 2650 3275 annalium

356 3314 530 3373 tertia
595 3310 820 3373 hexade
885 3313 1061 3373 etiam
1120 3310 1347 3374 duobus
1404 3311 1550 3373 locis
1606 3330 1743 3374 eum
1800 3314 2031 3391 citauit,
2089 3331 2209 3373 uno
2266 3330 2402 3373 eum
2460 3311 2651 3373 solum

355 3412 462 3489 (fr.
505 3412 596 3489 6),
653 3417 721 3472 ut
764 3418 1011 3491 propter
1054 3409 1484 3473 absurditatem
1527 3429 1664 3472 eum
1725 3410 2125 3489 redargueret,
2188 3409 2371 3471 altero
2421 3411 2529 3488 (fr.
2580 3411 2649 3484 5)

353 3528 472 3572 una
509 3528 646 3570 cum
686 3508 894 3571 Cluuio
932 3527 1236 3588 opponens
1273 3506 1450 3569 Fabio
1488 3508 1750 3588 Rustico,
1796 3528 1971 3570 suum
2008 3508 2297 3570 iudicium
2338 3508 2651 3589 cohibens;

354 3607 461 3669 sed
508 3608 687 3668 etiam
736 3608 909 3667 tertio
958 3608 1156 3682 (XIV
1183 3608 1256 3681 2)
1319 3625 1452 3668 eum
1511 3609 1570 3667 in
1634 3614 1831 3667 mente
1892 3606 2120 3685 habuit,
2180 3607 2285 3667 ubi
2340 3616 2651 3687 postquam

351 3708 649 3767 incestum
697 3702 950 3766 Neronis
997 3706 1469 3785 Agrippinaeque
1517 3704 1846 3766 secundum
1896 3704 2171 3766 Cluuium
2218 3706 2500 3782 narrauit,
2549 3702 2652 3765 Fa-

353 3803 518 3865 bium
567 3801 876 3864 Rusticum
924 3822 1053 3865 eam
1101 3802 1334 3885 culpam
1382 3806 1444 3864 in
1493 3802 1804 3883 Neronem,
1850 3822 1969 3865 non
2017 3823 2151 3865 cum
2198 3802 2299 3864 illo
2348 3806 2406 3864 in
2446 3803 2652 3883 Agrip·

538 3996 590 4063 1)
627 3991 828 4062 Itaque
854 3992 1192 4063 Vespasiani
1240 3994 1701 4064 proconsulatum
1738 3993 1963 4049 Africae
2009 3991 2239 4048 Tacitus
2274 3993 2327 4047 Π
2366 3999 2431 4048 97
2475 3993 2651 4047 famo-

354 4092 478 4129 sum
514 4071 876 4143 inuisumque
911 4072 1086 4129 fuisse
1123 4073 1278 4141 dicit,
1319 4074 1616 4131 Suetonius
1637 4074 1805 4144 Vesp.
1836 4080 1869 4128 4
1914 4073 2337 4144 integerrimum
2382 4090 2485 4127 nec
2532 4074 2653 4128 sine

352 4170 568 4225 magna
595 4152 941 4225 dignatione.

535 4238 592 4306 2)
627 4233 802 4289 Miror
837 4236 989 4303 quod
1027 4234 1204 4291 Fabia
1239 4254 1294 4305 p.
1326 4242 1426 4291 211
1467 4236 1538 4291 de
1578 4235 1853 4291 Cremona.
1888 4236 2119 4291 obsessa
2164 4235 2265 4289 hos
2304 4234 2453 4290 solos
2490 4234 2655 4289 Taci-

351 4318 478 4370 tum
515 4313 864 4371 consuluisse
902 4315 1192 4371 conclusit.
