3234 5034
628 259 891 308 cmVI
1128 240 1222 294 DE
1260 239 1726 296 SCRIPTORVM
1767 240 1950 298 Vrrls
1986 241 2081 296 m·
2117 239 2434 296 SCRIP'I'IS

628 408 867 470 hulonis
912 411 1231 488 imperium
1279 411 1489 483 (XIII
1516 411 1652 488 36),
1699 409 2096 472 Caesennium
2140 410 2386 472 Paetum
2439 407 2716 470 omnibus
2759 409 2923 469 uitiis

626 507 1055 588 erroribusque
1129 507 1434 588 obrutum,
1514 511 1617 587 qui
1683 511 1879 569 omnia
1932 527 2220 588 peruerse
2293 518 2354 568 et
2416 510 2629 568 inscite
2685 509 2921 586 egisset,

626 607 825 668 tristia
868 608 1067 668 omina
1112 607 1459 686 spreuisset,
1505 606 1656 668 nihil
1701 606 2082 687 prouidisset,
2137 607 2414 668 militaria
2459 624 2708 667 munera
2755 605 2922 667 dese-

628 707 869 783 ruisset,
914 707 1243 766 constantia
1292 707 1585 767 caruisset
1630 713 1706 783 et,
1751 724 1888 767 cum
1925 704 2182 768 Corbulo
2216 725 2402 786 prope
2441 704 2690 783 adesset,
2729 703 2922 766 subito

633 803 705 865 de
736 802 917 865 rebus
954 805 1081 864 suis
1112 803 1503 884 desperasset,
1550 803 1624 864 ad
1661 803 1960 865 Neronem
2005 813 2202 866 autem
2241 806 2411 885 quasi
2446 803 2602 865 bello
2639 803 2924 882 confecto,

628 902 787 984 quod
831 901 1007 964 modo
1054 905 1443 983 suscepisset,
1491 900 1744 963 ‘litteras
1789 902 1993 964 uerbis
2049 905 2410 982 magniliciS,
2463 921 2668 964 rerum
2713 897 2919 964 uanas'

628 1002 893 1062 misisset
948 1009 1124 1080 atque
1180 1003 1357 1062 etiam
1418 1009 1480 1061 et
1538 1000 1695 1080 apud
1742 1001 2124 1081 Vologaesem
2179 1011 2242 1064 et
2299 1001 2454 1082 apud
2513 999 2925 1079 Corbulonem,

628 1098 803 1161 modo
868 1118 939 1160 ex
1004 1099 1266 1161 hostium
1330 1099 1599 1161 faucibus
1665 1108 1908 1181 ereptus
1981 1099 2188 1162 eadem
2261 1100 2582 1162 uerborum
2645 1097 2927 1178 superbia

630 1197 917 1276 gloriatus
962 1204 1125 1260 esset
1166 1199 1463 1277 huiusque
1510 1197 1670 1259 laudi
1725 1199 2208 1278 obtrectauisset,
2263 1208 2633 1279 postremum
2679 1195 2924 1258 Romam

631 1315 913 1358 reuersus
958 1296 1030 1356 ab
1078 1299 1437 1377 imperatore
1484 1304 1858 1377 contemptus
1915 1306 1976 1358 et
2031 1298 2260 1359 facetiis
2307 1297 2518 1359 illusus
2565 1303 2726 1358 esset
2771 1297 2871 1370 (X
2881 1295 2935 1355 V

631 1397 853 1457 6-17
866 1417 891 1468 ;
934 1396 1071 1470 25).
1162 1403 1223 1456 at
1266 1394 1523 1457 Corbulo
1570 1401 1632 1456 et
1677 1395 1870 1456 solitis
1925 1398 1988 1456 in
2035 1398 2166 1458 eius
2213 1394 2756 1458 dissimilitudinem
2803 1397 2926 1456 uir-

630 1493 859 1555 tutibus
896 1492 1249 1574 cumulatur,
1296 1497 1398 1574 qui
1446 1491 1714 1573 ‘dignum
1759 1494 2168 1574 magnitudine
2203 1494 2408 1574 populi
2441 1489 2716 1556 Romani'
2763 1501 2928 1554 ratus

630 1595 711 1654 sit
775 1592 1087 1654 Lucullum
1152 1591 1615 1674 Pompeiumque
1681 1613 1934 1674 aequare
2000 1595 2209 1667 (XIII
2235 1594 2340 1655 34.
2396 1595 2467 1654 Χ
2477 1595 2531 1653 V
2558 1594 2674 1667 27)
2741 1602 2802 1654 et
2862 1594 2926 1652 in

632 1699 899 1772 tempore
948 1691 1219 1752 fortunae
1274 1690 1615 1754 moderatus
1663 1695 1763 1767 (Χ
1771 1695 1826 1754 V
1853 1696 1944 1772 6),
1999 1692 2230 1754 scilicet
2283 1699 2352 1752 ut
2408 1698 2692 1753 euentum
2747 1693 2928 1753 totius

634 1790 901 1852 diuturni
936 1788 1079 1851 belli
1116 1807 1235 1851 non
1284 1799 1583 1853 extortum
1629 1791 1737 1853 sed
1781 1794 2085 1871 sapienter
2117 1790 2352 1852 Parthis
2397 1809 2749 1852 concessum
2795 1808 2928 1851 esse

634 1887 1085 1951 demonstraret.
1178 1891 1323 1968 quin
1382 1891 1559 1950 etiam
1615 1891 1682 1950 in
1743 1891 2014 1950 minutiis
2069 1888 2288 1950 iudicia
2343 1887 2695 1950 Corbulonis
2749 1906 2927 1967 agno·

633 2005 803 2048 scere
840 1986 995 2066 apud
1023 1986 1293 2048 Tacitum
1336 1986 1509 2048 nobis
1543 1987 1840 2066 uidemur,
1875 1988 2042 2049 uelut
2079 1985 2234 2067 quod
2281 1986 2412 2048 xm
2451 1982 2538 2048 35
2581 1994 2652 2047 ut
2685 1988 2748 2048 in
2789 1986 2856 2046 fr.
2886 1982 2928 2046 2

634 2087 735 2159 (ει
770 2086 842 2146 Χ
851 2086 906 2144 V
934 2085 1048 2159 16)
1099 2081 1269 2146 ‘satis
1314 2082 1678 2147 constitisse’
1703 2081 1756 2169 ¹)
1803 2085 2110 2147 mollitiam
2153 2093 2576 2146 ueteranorum
2625 2084 2767 2146 dicit
2807 2080 2929 2146 ‘ad-

634 2178 1043 2263 notatumque’
1092 2185 1375 2244 saeuitiae
1440 2184 1656 2246 hiemis
1712 2184 2160 2262 documentum,
2223 2191 2566 2262 utrumque·
2618 2190 2686 2243 ut
2761 2182 2933 2244 ducis

633 2283 830 2342 uirtus
878 2289 939 2342 et
982 2283 1267 2362 patientia
1312 2291 1647 2360 augeretur.

813 2377 1183 2459 Quamquam
1238 2398 1359 2441 non
1416 2388 1603 2442 totum
1659 2399 1726 2442 se
1781 2382 1912 2442 eius
1966 2379 2126 2443 laudi
2181 2379 2421 2441 addixit.
2521 2397 2716 2459 neque
2773 2381 2932 2442 enim

636 2496 773 2540 eum
822 2479 1160 2558 exscripsit,
1206 2477 1313 2538 sed
1358 2478 1553 2558 qualia
1600 2477 1718 2540 sibi
1763 2481 1895 2541 eius
1943 2479 2202 2540 facinora
2247 2480 2379 2540 uisa
2424 2486 2625 2540 essent
2671 2478 2936 2558 quidque

636 2579 767 2657 ipse
814 2594 885 2636 ex
924 2579 1365 2638 commentariis
1403 2577 1742 2656 collegisset
1773 2576 1874 2638 uel
1911 2576 1986 2638 de
2021 2579 2110 2637 eis
2145 2576 2550 2656 iudicauisset,
2597 2577 2934 2656 explicauit.

634 2677 837 2754 itaque
884 2693 1019 2736 cum
1068 2671 1477 2755 ‘compositius
1524 2695 1702 2756 quam
1748 2670 2158 2737 festinantius'
2205 2694 2331 2737 rem
2385 2693 2703 2754 aggressus
2757 2682 2937 2753 esset,

637 2771 1032 2834 Corbulonem
1080 2769 1325 2835 ‘bellum
1373 2773 1591 2835 habere
1629 2793 1802 2854 quam
1841 2792 2051 2852 gerere
2085 2770 2389 2835 maluisse’
2437 2773 2616 2835 adicit
2655 2775 2824 2848 (XV
2842 2774 2934 2852 3),

637 2870 843 2933 uerbis
888 2873 1219 2950 magnificis
1266 2871 1505 2950 gloriari
1552 2873 1794 2934 solitum
1840 2890 1973 2933 esse
2021 2873 2230 2946 (XIII
2257 2874 2318 2933 8.
2365 2873 2434 2934 X
2443 2873 2494 2930 V
2525 2873 2660 2947 26),
2707 2871 2932 2934 aemuli

638 2989 759 3032 non
802 2971 1127 3050 patientem
1174 2970 1357 3032 fuisse
1405 2972 1504 3043 (X
1514 2973 1566 3029 Γ
1590 2972 1654 3030 7,
1701 2972 1883 3034 XIII
1911 2973 1982 3046 9)
2033 2989 2142 3032 nec
2186 2970 2364 3032 Paeto
2411 2973 2642 3048 roganti
2679 2987 2936 3051 propere

639 3067 1014 3146 subuenisse,
1062 3065 1205 3147 ‘quo
1250 3066 1640 3146 gliscentibus
1687 3068 1972 3149 periculis
2019 3071 2196 3130 etiam
2235 3067 2489 3130 subsidii
2523 3067 2654 3130 laus
2689 3087 2936 3147 augere·

640 3161 761 3227 tur’
802 3167 901 3239 (Χ
910 3167 965 3226 V
992 3167 1083 3244 9),
1122 3174 1247 3227 tum
1295 3185 1439 3226 uero
1487 3167 1776 3247 quaedam
1816 3164 2142 3246 ‘augendae
2179 3169 2312 3228 eius
2348 3162 2648 3228 infamiae’
2699 3185 2935 3246 compo-

641 3267 833 3326 suisse
881 3264 980 3336 (X
989 3265 1043 3324 V
1073 3265 1175 3326 16.
1216 3265 1303 3341 fr.
1342 3267 1433 3339 2).
1526 3284 1668 3326 num
1725 3273 1922 3326 tamen
1979 3265 2111 3326 aliis
2167 3264 2508 3327 auctoribus
2565 3283 2711 3326 usus
2761 3283 2934 3327 suum

642 3361 929 3424 iudicium
976 3365 1311 3424 exercuerit
1355 3365 1417 3422 in
1465 3363 1720 3425 obscuro
1758 3371 1864 3424 est.
1933 3363 2029 3423 XV
2067 3361 2110 3424 6
2155 3382 2288 3424 esse
2333 3381 2482 3424 usus
2525 3363 2787 3443 uidetur,
2834 3363 2938 3425 ubi

639 3469 953 3542 postquam
1002 3457 1271 3541 ‘plures’,
1318 3461 1474 3540 quod
1521 3461 1870 3541 Vologaeses
1917 3481 1984 3522 se
2031 3464 2358 3542 recepisset
2411 3469 2472 3522 et
2515 3460 2938 3540 'ligranocerta

643 3559 885 3620 obsessa
930 3561 1257 3638 omisisset,
1312 3559 1457 3620 haec
1506 3558 1595 3621 ‘ut
1649 3559 1964 3622 formidine
2021 3563 2180 3640 regis
2235 3568 2296 3622 et
2349 3558 2702 3620 Corbulonis
2757 3562 2938 3620 minis

642 3666 874 3739 patrata
920 3677 985 3718 ac
1033 3657 1347 3737 magnifica
1394 3655 1728 3720 sustulisse’
1780 3661 2062 3738 narrauit,
2119 3655 2289 3719 ‘alios
2335 3657 2568 3720 occulto
2613 3656 2936 3737 pepigissc’

646 3776 783 3818 eum
832 3754 1277 3835 ‘interpretatos
1323 3775 1457 3817 esse
1473 3751 1507 3836 ’,
1560 3765 1630 3817 ut
1673 3756 1960 3836 Tigranes
2007 3775 2242 3837 quoque
2289 3756 2362 3817 de
2407 3755 2686 3818 Armenia
2733 3755 2938 3818 absce-

648 3855 831 3934 deret,
878 3855 994 3914 nisi
1044 3854 1197 3915 forte
1244 3855 1421 3915 etiam
1468 3855 1622 3916 hanc
1667 3857 2216 3934 interpretationem
2263 3871 2538 3915 sermone
2583 3856 2838 3934 excepit.
2889 3889 2896 3894 -

822 3951 939 4012 Sed
976 3951 1046 4012 H.
1086 3951 1337 4012 Schiller
1374 3955 1567 4024 (Nero
1591 3973 1658 4030 p.
1691 3954 1775 4012 14
1793 3955 1928 4029 sq),
1965 3951 2144 4013 Fabia
2181 3955 2266 4029 (p.
2294 3951 2429 4012 334
2445 3952 2620 4030 sqq),
2642 3951 2706 4012 L.
2736 3951 2940 4013 Brunn

647 4053 715 4125 (l.
732 4070 798 4128 p.
833 4069 1035 4110 cxxxx
1064 4068 1112 4110 s.
1127 4068 1197 4127 p.
1226 4050 1314 4110 34
1340 4054 1495 4127 sqq.)
1530 4049 1883 4112 Corbulonis
1921 4053 2378 4112 commentarios
2422 4067 2533 4129 per
2577 4049 2759 4110 alium
2808 4069 2940 4111 auc·

828 4261 880 4328 1)
917 4256 1145 4312 Tacitus
1185 4257 1487 4312 admodum
1524 4271 1652 4310 raro
1688 4256 1796 4313 hoc
1831 4257 2083 4328 perfecto
2119 4258 2314 4312 utitur.
