3234 5034
505 1019 606 1097 ψει

505 1111 606 1159 947

647 292 776 357 134
1462 292 1657 347 AELII
1692 291 1877 348 IVNII
1914 290 2132 348 CORDI

643 460 795 522 lotae
842 469 1017 541 atque
1065 460 1215 522 udae
1264 470 1465 522 essent
1519 460 1790 522 russulae
1839 459 2131 537 fasciolae,
2179 477 2325 539 quas
2371 467 2565 519 mater
2608 474 2944 537 praegnans

643 567 981 640 parauerat,
1045 577 1346 640 purpurea
1412 563 1618 621 matris
1676 560 1870 620 fascea
1935 559 2214 637 inligatus
2271 567 2388 618 est:
2452 555 2611 617 unde
2667 554 2752 616 illi
2812 557 2981 624 ioco,

642 660 894 719 nutricis
942 661 1122 719 etiam
1171 657 1398 738 Porfyri
1447 676 1665 719 nomen
1712 658 1968 719 inditum
2015 664 2121 718 est.

819 755 978 818 Haec
1035 764 1209 836 atque
1267 756 1378 818 alia
1435 759 1602 836 signa
1654 758 1893 835 imperii
1940 757 2127 817 futuri
2176 755 2359 816 fuere.
2435 769 2586 834 quae
2632 754 2739 832 qui
2783 751 2949 814 uolet

642 873 838 935 nosse,
875 853 1110 917 Helium
1145 854 1399 916 Cordum
1439 855 1612 934 legat,
1652 857 1754 934 qui
1794 853 2003 915 friuola
2046 871 2227 934 super
2263 850 2605 915 huiusmodi
2643 849 2946 912 ominibus
2996 861 3019 901 ⁵

646 961 856 1014 cuncta
904 955 1304 1033 persequitur.

825 1046 892 1114 3.
949 1053 1110 1113 Clod.
1151 1051 1284 1114 Alb.
1326 1053 1382 1130 7,
1411 1053 1454 1113 2
1519 1052 1684 1113 Victo
1740 1051 2097 1130 Pescennio,
2154 1069 2291 1112 cum
2348 1057 2407 1112 et
2461 1049 2603 1111 filiis
2658 1050 2787 1110 suis
2838 1050 2947 1109 im-

645 1153 878 1230 perium
935 1168 1178 1212 seruare
1234 1159 1480 1230 cuperet
1535 1159 1594 1210 et
1649 1152 1951 1229 ingentem
2010 1158 2252 1211 senatus
2298 1165 2561 1210 amorem
2608 1149 2769 1208 circa
2816 1145 2947 1207 Clo-

647 1248 810 1309 dium
847 1246 1121 1309 Albinum
1160 1248 1397 1310 uideret
1434 1248 1775 1328 [Seuerus],
1813 1247 1971 1328 quod
2009 1256 2169 1310 esset
2216 1250 2313 1309 uir
2358 1248 2633 1326 antiquae
2673 1245 2947 1322 familiae,

646 1345 874 1407 litteras
919 1345 992 1406 ad
1039 1365 1173 1408 eum
1222 1365 1331 1426 per
1376 1347 1664 1426 quosdam
1712 1349 1931 1408 summi
1977 1349 2195 1407 amoris
2241 1365 2310 1407 ac
2356 1362 2623 1407 summae
2666 1343 2946 1404 adfectio·
2974 1353 3023 1395 ιθ

645 1446 741 1505 nis
785 1446 966 1523 misit,
1022 1444 1240 1524 quibus
1295 1444 1657 1524 hortabatur,
1713 1453 1797 1526 ut,
1853 1447 2133 1525 quoniam
2189 1446 2425 1505 occisus
2479 1449 2639 1504 esset
2693 1442 2947 1503 Pescen-

646 1545 782 1604 nius
829 1541 1028 1622 Niger,
1075 1545 1202 1623 ipse
1251 1563 1386 1604 cum
1437 1562 1505 1605 eo
1553 1543 1812 1605 fideliter
1860 1563 1986 1605 rem
2034 1562 2089 1623 p.
2130 1551 2381 1622 regeret.
2457 1559 2713 1621 quarum
2750 1558 2947 1602 exem-

647 1641 811 1720 plum
874 1641 986 1701 hoc
1059 1659 1191 1702 esse
1255 1641 1485 1703 Cordus
1551 1641 1834 1704 ostendit:
1904 1639 2256 1721 ‘Imperator
2323 1641 2585 1702 Seuerus
2648 1640 2949 1718 Augustus

649 1738 853 1800 Clodio
901 1738 1108 1799 Albino
1157 1738 1423 1816 Caesari,
1479 1741 1649 1801 fratri
1704 1742 2109 1802 amantissimo
2157 1747 2217 1800 et
2262 1738 2812 1800 desiderantissimo
2858 1729 2991 1798 sa-'

649 1837 849 1899 lutem.
930 1837 1096 1898 Victo
1151 1836 1478 1899 Pescennio
1533 1838 1763 1899 litteras
1815 1837 2061 1899 Romam
2130 1837 2429 1916 dedimu8‚
2494 1853 2641 1916 quas
2708 1844 2949 1897 senatus
2976 1845 3023 1886 1⁶

649 1938 737 1997 tui
785 1937 1224 1997 amantissimus
1271 1935 1530 2022 libenter
1575 1938 1819 2016 accepit.
1887 1945 1946 1998 te
1994 1954 2233 2017 quaeso,
2280 1942 2348 1996 ut
2385 1954 2453 1996 eo
2492 1936 2689 1996 animo
2726 1952 2857 1996 rem
2892 1952 2951 2014 p.

651 2053 839 2114 regas»,
887 2052 1003 2113 quo
1052 2033 1304 2097 dilectus
1351 2053 1417 2095 es
1465 2035 1648 2096 frater
1684 2037 1867 2096 animi
1906 2037 2041 2114 mei,
2080 2035 2267 2095 frater
2300 2034 2555 2113 imperii.
2630 2031 2951 2094 Bassianus

653 2142 712 2193 et
758 2130 903 2193 Geta
950 2141 1009 2192 te
1057 2132 1328 2194 salutant.
1386 2132 1532 2194 Iulia
1579 2141 1783 2194 nostra
1831 2141 1890 2194 et
1936 2141 1996 2194 te
2044 2141 2105 2194 et
2150 2150 2417 2193 sororem
2464 2130 2693 2192 salutat.
2762 2129 2949 2191 infan-

652 2229 776 2291 tulo
813 2238 914 2292 tuo
942 2229 1271 2293 Pescennio
1301 2231 1513 2292 Princo
1551 2249 1800 2294 munera
1840 2230 2015 2310 digna
2054 2249 2162 2293 suo
2200 2230 2328 2292 loco
2366 2237 2585 2309 tuoque
2624 2231 2951 2291 mittemus.

650 2338 716 2390 tu
767 2327 947 2390 uelim
997 2331 1296 2391 exercitus
1342 2332 1433 2390 rei
1477 2348 1534 2409 p.
1574 2348 1645 2390 ac
1688 2328 1862 2391 nobis
1918 2337 2207 2407 retenteS,
2250 2331 2335 2389 mi
2381 2331 2681 2405 unanime,
2728 2329 2812 2390 mi
2858 2346 2950 2388 ca·
2976 2335 3025 2376 ¹⁰

654 2429 907 2506 tissime,
953 2429 1035 2488 mi
1082 2425 1526 2496 amantissime'.

831 2518 901 2587 4.
957 2526 1118 2587 Clod.
1159 2527 1261 2604 11,
1299 2526 1342 2586 2
1407 2524 1691 2588 Gulosum
1749 2544 1884 2587 eum
1936 2525 2269 2604 [Clodium]
2326 2524 2581 2604 CorduS,
2646 2525 2753 2603 qui
2816 2522 2949 2584 talia

652 2625 1037 2704 persequitur
1101 2626 1160 2684 in
1227 2626 1351 2684 suis
1411 2623 1834 2704 uoluminibuS,
1892 2624 2075 2686 fuisse
2133 2623 2294 2703 dicit,
2350 2631 2409 2684 et
2464 2625 2543 2684 ita
2599 2621 2843 2702 quidem
2887 2629 2951 2682 ut

655 2739 968 2801 pomorum
1028 2729 1258 2783 tantum
1323 2722 1615 2802 hauserit,
1682 2731 1966 2802 quantum
2031 2724 2181 2784 ratio
2225 2721 2478 2783 humana
2537 2739 2653 2782 non
2712 2722 2949 2800 patitur.

616 2817 792 2881 'nam
867 2827 926 2880 et
998 2822 1350 2900 quingentas
1424 2822 1574 2882 ficus
1648 2823 1967 2900 passarias,
2043 2839 2189 2900 quas
2254 2817 2467 2880 Graeci
2529 2817 2950 2880 callistruthias
2976 2824 3023 2866 ²⁵

480 3212 546 3267 fr.
579 3219 610 3268 6

656 2925 896 2995 uocant,
953 2919 1221 2979 ieiunum
1278 2918 1608 2979 comedisse
1668 2917 1812 2979 dicit
1866 2926 1925 2980 et
1984 2927 2223 2980 centum
2271 2918 2503 2997 persica
2549 2915 2849 2996 Campana
2894 2923 2952 2977 et

655 3015 921 3076 melones
966 3014 1276 3078 Ostienses
1334 3015 1540 3077 decem
1597 3024 1658 3077 et
1702 3034 1955 3078 uuarum
2013 3015 2441 3078 Labicanarum
2496 3014 2691 3095 pondo
2737 3016 2953 3094 uiginti

659 3121 718 3176 et
775 3112 1058 3175 ficedulas
1113 3123 1353 3175 centum
1409 3123 1467 3175 et
1522 3123 1719 3175 ostrea
1775 3113 2222 3194 quadringenta.
2304 3115 2435 3175 uini
2498 3131 2643 3174 sane
2708 3131 2951 3193 parcum

660 3212 844 3273 fuisse
893 3211 1053 3290 dicit,
1099 3211 1260 3292 quod
1305 3213 1568 3274 Seuerus
1614 3220 1805 3292 negat.

837 3436 898 3493 8.
940 3437 1022 3504 Cf.
1061 3455 1104 3492 c.
1137 3443 1187 3505 1,
1216 3442 1251 3492 3
1297 3437 1430 3491 Fuit
1466 3441 1657 3492 autem
1694 3436 1925 3493 Clodius
1962 3436 2201 3492 Albinus
2239 3435 2460 3492 familia
2496 3435 2693 3500 nobili,
2732 3435 2951 3490 Hadru-

659 3507 902 3564 metinus
956 3511 1146 3563 tamen
1204 3525 1270 3562 ex
1319 3509 1525 3566 Africa.
1591 3514 1643 3576 4,
1675 3516 1704 3565 1
1756 3509 1901 3567 Fuit.
1938 3511 2004 3563 ut
2040 3507 2185 3574 dixi,
2230 3507 2469 3563 Albinus
2514 3507 2953 3564 Hadrumetinus

660 3578 897 3634 oriundo
935 3581 1034 3634 sed
1071 3579 1278 3634 nobilis
1317 3581 1468 3650 apud
1505 3598 1635 3636 suos
1673 3583 1731 3635 et
1771 3580 2047 3652 originem
2084 3597 2119 3634 a
2148 3578 2418 3635 Romanis
2444 3578 2679 3634 familiis
2708 3579 2953 3644 trahens,

661 3650 1072 3705 Postumiorum
1118 3651 1337 3706 scilicet
1383 3654 1442 3706 et.
1478 3650 1811 3706 Albinorum
1858 3655 1916 3707 et
1963 3650 2331 3707 Ceioniorum.
2364 3683 2431 3692 —
2467 3651 2557 3707 De
2592 3651 2812 3718 fictione
2846 3653 2953 3723 epi-

658 3724 836 3778 aulae
870 3723 999 3777 uide
1035 3724 1156 3778 Die·
1183 3725 1380 3792 Smpt.
1408 3725 1458 3778 h.
1490 3727 1560 3778 A.
1581 3741 1643 3794 p.
1672 3727 1785 3780 205
1802 3741 1914 3794 sqq.

843 3947 900 4003 2.
945 3945 1155 4005 inlitus
1192 3939 1278 4004 P¹
1461 3948 1518 4006 5.
1564 3945 1904 4006 hominibus
1940 3946 2000 4004 P

790 4125 801 4136 ⁸
844 4026 914 4114 8,
966 4036 1064 4094 17.
1111 4035 1372 4095 delectus
1409 4037 1742 4094 Mommsen
1976 4038 2077 4096 19.
2124 4035 2327 4094 Primo
2362 4035 2603 4096 Jordan
2648 4039 2951 4112 perempto

667 4123 913 4290 640le
963 4213 1063 4271 22.
1112 4213 1386 4290 gylosum
1422 4205 1509 4272 P1
1736 4215 1837 4272 24.
1886 4213 2117 4273 auxerit
2154 4213 2211 4270 P
2427 4215 2620 4274 oratio
2656 4207 2747 4271 Pl

669 4302 769 4361 25.
816 4305 1179 4377 passm-arias
1217 4303 1414 4362 Mare.
1451 4303 1724 4363 Donatus
1892 4305 1989 4362 27.
2030 4303 2440 4363 lauicanarum
2478 4303 2537 4362 P
