3234 5034
1284 335 1624 392 ANNALES
2505 337 2592 404 85

476 497 641 568 19*.
688 507 907 567 Ascon.
947 510 1011 568 in
1058 507 1180 567 θέε.
1226 507 1403 568 Corn.
1428 526 1497 584 p.
1526 506 1613 568 59
1651 509 1727 569 K.
1732 507 1819 568 ·S
1893 506 2144 569 Possum
2173 507 2371 569 dicere
2401 507 2590 569 homi·
2625 474 2732 554 —72

284 621 430 664 nem
476 623 711 664 summa
755 602 1073 683 prudentia
1119 612 1448 684 spectatum
1494 604 1555 666 C.
1604 604 1835 666 Cottam
1893 604 1964 666 de
2021 609 2146 667 suis
2201 606 2434 686 legibus
2489 605 2590 668 ab·
2628 565 2732 614 679

286 702 573 782 rogandis
638 704 833 782 ipsum
898 702 973 763 ad
1038 711 1309 764 senatum
1374 703 1722 782 rettulisse]
1773 737 1856 747 —
1915 703 2204 766 Videntur
2267 713 2462 766 autem
2527 707 2588 766 in

284 799 471 861 rebus
534 803 743 880 paruis
801 801 985 863 fuisse
1045 801 1207 881 leges
1268 801 1404 863 illae
1472 801 1566 880 [C.
1614 805 1857 865 Aurelii
1910 802 2144 880 Cottae]
2153 849 2172 882 ,
2237 821 2391 880 quas
2455 821 2590 866 cum

229 913 257 954 υ
286 898 544 980 tulisset,
592 899 823 962 rettulit
870 900 941 962 de
988 902 1077 962 eis
1124 899 1477 980 abrogandis
1522 899 1598 962 ad
1645 909 1944 982 senatum3
2001 920 2138 964 nam
2193 920 2387 982 neque
2435 902 2590 982 apud

285 997 639 1060 Sallustium
698 1017 894 1079 neque
955 998 1111 1079 apud
1176 999 1411 1061 Liuium
1478 1017 1674 1080 neque
1738 999 1893 1079 apud
1957 999 2348 1062 Fenestellam
2406 999 2590 1062 ullius

284 1096 537 1158 alterius
593 1097 667 1158 ab
723 1117 793 1158 eo
838 1101 990 1174 leqis
1036 1106 1125 1160 est
1176 1100 1399 1160 mentio
1454 1106 1693 1178 praeter
1750 1117 1876 1160 eam
1936 1117 2111 1178 quam
2171 1100 2232 1160 in
2282 1097 2590 1160 consulatu

283 1199 429 1258 tulit
474 1200 677 1257 inuita
722 1195 1029 1258 nobilitate
1076 1215 1287 1276 magno
1332 1195 1535 1277 populi
1574 1196 1788 1276 studio,
1833 1205 1900 1258 ut
1937 1198 2028 1258 eis
2064 1202 2172 1273 qui
2208 1206 2283 1258 tr.
2306 1201 2396 1274 pl.
2445 1198 2590 1258 suis·

284 1303 425 1355 sent
470 1294 617 1356 alios
664 1313 899 1375 quoque
938 1296 1316 1374 magistratus
1356 1313 1581 1372 capere
1628 1295 1860 1376 liceret3
1907 1294 2065 1375 quod
2113 1295 2206 1356 lex
2243 1292 2368 1376 <α>
2407 1295 2590 1357 dicta·

203 1407 255 1446 ιο
287 1400 417 1454 tore
467 1392 530 1455 L.
570 1393 727 1472 Sylla
762 1395 970 1473 paucis
1008 1398 1191 1454 annis
1227 1401 1372 1454 ante
1407 1393 1521 1454 lata
1556 1393 1934 1474 prohibebat:
1983 1411 2174 1474 neque
2213 1412 2345 1456 eam
2383 1393 2587 1456 Cottae

282 1491 483 1586 legem
530 1491 869 1572 abrogatam
916 1510 1049 1566 esse
1097 1492 1411 1572 significat.

470 1585 631 1653 20²³.
678 1592 898 1652 Ascon.
946 1595 1009 1652 in
1055 1608 1143 1652 or.
1193 1596 1257 1652 in
1305 1598 1422 1666 toy.
1472 1593 1650 1652 caud.
1684 1609 1752 1668 p.
1786 1592 1872 1651 76
1917 1593 2019 1652 K.-
2026 1593 2085 1652 S.
2168 1591 2317 1653 Ante
2365 1610 2585 1653 annum
2623 1548 2732 1629 ΕΞ

282 1707 465 1768 quam
510 1689 657 1750 haec
705 1689 1063 1768 dicerentur,
1110 1689 1361 1751 Catilina
1408 1707 1544 1750 cum
1592 1688 1849 1750 redisset
1895 1707 1966 1750 ex
2003 1689 2216 1768 Africa,
2290 1690 2586 1771 Torquato
2625 1637 2728 1686 689

282 1793 345 1847 et
382 1785 553 1847 Cotta
600 1806 749 1847 coss
798 1796 1109 1848 accusatus
1149 1796 1239 1849 est
1277 1788 1738 1867 repetundarum
1779 1808 1812 1848 a
1849 1787 1910 1848 P.
1949 1787 2150 1848 Clodio
2189 1787 2586 1868 adulescente,

202 1898 253 1940 ιε
282 1887 389 1965 qui
424 1892 632 1964 postea
669 1887 951 1948 inimicus
990 1886 1293 1948 Ciceronis
1330 1887 1458 1947 fuit.
1535 1885 1816 1948 defensus
1853 1894 1946 1948 est
1982 1886 2248 1966 Catilina,
2294 1894 2363 1947 ut
2399 1887 2586 1948 Fene·

280 1983 454 2045 stella
498 1983 698 2063 tradit,
745 2004 776 2044 a
824 1984 1021 2061 Marco
1067 1985 1372 2046 Cicerone.
1466 1983 1634 2056 Quod
1683 2003 1791 2064 ego
1836 1993 1904 2046 ut
1948 1984 2290 2046 addubitem
2336 1994 2398 2048 et
2443 2004 2498 2066 q.
2538 2007 2584 2048 s,

468 2075 587 2144 21.
644 2084 796 2144 Non.
842 2101 889 2144 s.
936 2102 995 2145 u.
1040 2100 1256 2145 rumor
1295 2104 1363 2161 p.
1400 2083 1533 2145 385
1593 2082 1924 2144 Fenestella
1981 2084 2178 2144 annali
2242 2084 2342 2146 lib.
2397 2083 2584 2146 XXII.
2621 2049 2730 2188 3533

278 2180 487 2260 ltaque
534 2187 601 2242 ut
645 2183 1055 2260 magistratum
1102 2181 1329 2244 tribuni
1376 2184 1656 2260 inierunt,
1704 2181 1766 2242 C.
1813 2181 1971 2260 Cato,
2018 2180 2396 2244 turbulentus
2443 2182 2584 2245 adu·

280 2277 519 2340 lescens
568 2286 629 2341 et
674 2279 859 2341 audax
900 2299 1013 2342 nec
1050 2283 1375 2361 imparatus
1414 2280 1486 2342 ad
1526 2279 1862 2360 dicendum,
1910 2280 2287 2342 contionibus
2327 2281 2586 2344 assiduis

200 2389 253 2431 ιο
278 2376 572 2438 inuidiam
620 2384 680 2439 et
724 2378 1060 2440 Ptolomaeo
1106 2379 1301 2458 simul,
1347 2381 1453 2459 qui
1496 2381 1613 2440 iam
1661 2379 1964 2458 profectus
2011 2397 2083 2438 ex
2129 2378 2277 2441 urbe
2323 2388 2470 2460 erat,
2526 2388 2588 2442 et

345 2513 394 2518 -—
405 2511 472 2518 —--

467 2588 565 2643 19.
604 2589 799 2644 Huius
844 2590 977 2659 leyt'e
1021 2589 1087 2642 de
1132 2588 1423 2643 tribunatu
1462 2589 1638 2658 plebis
1685 2589 1944 2643 Licinius
1982 2589 2176 2644 Macer
2212 2590 2367 2658 apud
2403 2589 2584 2646 Sallu-

279 2662 453 2716 stium
488 2662 735 2716 meminit
768 2660 892 2716 hist.
923 2661 1035 2714 ΙΙΙ
1065 2664 1160 2728 82,
1184 2665 1223 2715 8
1259 2661 1365 2716 Kr.
1404 2659 1516 2715 III
1546 2664 1638 2727 48,
1668 2665 1706 2714 8
1737 2662 1930 2716 Maur.

465 2731 565 2788 20.
605 2732 817 2787 Eodem
842 2737 1046 2802 spectat
1080 2733 1350 2788 Asconius
1369 2749 1425 2800 p.
1450 2735 1522 2787 77
1541 2733 1700 2788 K-S.
1740 2730 1946 2786 Verum
1973 2733 2040 2784 ut
2067 2732 2248 2800 egerit
2273 2733 2426 2787 Muci
2455 2749 2585 2787 cau-

280 2821 403 2859 sam
437 2805 649 2868 Cicero,
678 2803 761 2858 sic
787 2807 853 2858 ut
880 2802 1161 2859 Catilinae
1190 2803 1375 2874 egisse
1404 2819 1530 2857 eum
1559 2802 1742 2858 uideri
1771 2802 1898 2857 uult
1924 2803 2348 2870 Fenestella,
2381 2806 2439 2858 et
2466 2821 2518 2874 q.
2541 2823 2582 2860 s.

464 2874 566 2931 21.
606 2876 688 2944 Of.
719 2877 837 2932 Dio
874 2880 965 2942 39,
992 2879 1065 2931 15
1081 2893 1158 2945 sq.

465 3091 584 3177 19,
606 3099 662 3159 6.
692 3107 771 3158 no
800 3099 959 3176 apud
988 3098 1200 3156 libiutn
1221 3098 1800 3173 (apoqr.)M(ontep.)
1829 3099 1990 3176 apud
2124 3099 2494 3158 fenestellam
2511 3101 2592 3159 M

285 3193 339 3247 7.
388 3188 542 3266 legis
570 3189 651 3247 M
682 3191 735 3248 et
759 3187 993 3263 P(⁰99·)
1014 3232 1295 3246 .......
1328 3206 1422 3262 ap.
1451 3187 1730 3262 S(ozom.)
1778 3191 1868 3248 est
1905 3189 2042 3248 add.
2073 3189 2392 3248 Buecheler

278 3279 343 3338 in
402 3277 721 3337 consulatu
766 3277 911 3336 tulit
956 3276 1155 3336 inuita.
1190 3277 1448 3351 Maduiy
1492 3277 1557 3336 in
1602 3277 1874 3337 contione
1908 3322 2310 3338 ............
2341 3277 2434 3351 (in
2469 3279 2517 3337 S
2546 3283 2585 3337 6

279 3370 385 3428 liu.
416 3368 598 3443 spat.)
624 3367 747 3428 cod.
774 3366 954 3441 Sany.
1110 3367 1166 3426 8.
1214 3365 1531 3425 nobilitate
1562 3366 1638 3427 M
1755 3369 1839 3426 eis
1886 3367 1992 3443 qui
2035 3370 2109 3426 tr.
2147 3368 2228 3443 pl.
2267 3369 2584 3428 Manutius

280 3459 377 3517 his
409 3503 691 3518 .......
718 3457 839 3516 SP
874 3457 969 3515 his
998 3456 1077 3514 Μ
1210 3457 1265 3514 9.
1312 3457 1674 3532 magistratu
1702 3457 1783 3515 Μ
1885 3475 2093 3534 capere
2125 3457 2332 3515 liceret
2359 3458 2582 3516 Manw-

280 3551 401 3608 tius
432 3591 715 3606 .......
746 3546 923 3606 aliter
968 3549 1030 3604 et
1075 3546 1195 3604 cod.
1223 3543 1402 3618 Sany.
1538 3564 1575 3602 a
1623 3544 1758 3604 add.
1798 3547 2114 3605 Manutius
2224 3546 2504 3606 dictatori
2539 3547 2588 3605 S

286 3639 386 3698 10.
437 3638 611 3696 annis
656 3638 796 3695 ante
823 3637 1141 3696 Mamutiue
1170 3679 1491 3693 ........
1524 3635 1647 3693 cod.
1674 3635 1852 3710 Sanq.
2025 3635 2420 3711 prohibebant
2445 3635 2494 3694 S
2507 3638 2589 3694 M

280 3725 679 3804 perhibebant
701 3726 760 3784 P

466 3806 585 3892 21,
637 3817 735 3873 17.
783 3814 1087 3873 annalium
1128 3812 1203 3870 L.
1232 3813 1487 3871 Mueller
1725 3815 1823 3872 18.
1873 3811 1961 3890 G.]
2011 3831 2118 3873 om.
2150 3813 2389 3888 B(crn.)
2417 3815 2471 3873 I.
2505 3817 2589 3872 II

287 3905 505 3966 Genea.
528 3895 789 3977 H(arl.)¹
808 3901 1128 3977 M(ontep.)
1224 3905 1322 3961 19.
1352 3904 1680 3978 imperatus
1702 3902 1825 3961 ΒΙ
1842 3902 2172 3977 W(olf.)M
2263 3903 2578 3964 dicendum

282 3993 513 4054 Aldina
548 3991 909 4052 deicundurn
934 3993 1010 4050 L.
1029 3993 1286 4052 Mueller
1322 3989 1692 4050 deiciendum
1720 3993 1858 4051 libri
2009 3992 2387 4052 contionibus
2415 3996 2576 4053 Mer-

284 4102 448 4143 ccrus
492 4081 847 4142 initionibus
882 4082 1021 4140 libri
1182 4080 1447 4140 absiduis
1484 4081 1545 4139 Β
1572 4081 1660 4139 ΙΙ
1683 4081 1827 4141 Gen.
1848 4083 1921 4141 H
1925 4074 1946 4114 ¹
2111 4083 2212 4142 20.
2257 4082 2574 4160 inuidiam]

284 4173 467 4234 Mero.
513 4171 788 4232 inuideat
822 4171 961 4231 libri
1138 4169 1439 4247 ptolomeo
1476 4170 1573 4245 L(
1568 4170 1706 4246 eid.)
1765 4171 2062 4231 tholomeo
2098 4163 2199 4232 Η2
2256 4173 2488 4250 plemeo
2519 4174 2578 4232 B

288 4263 430 4322 Gen.
450 4263 527 4321 H
532 4253 553 4292 ¹
600 4260 953 4321 initionibus
990 4291 1079 4300 ——-
1115 4259 1268 4318 Ptol.
1308 4277 1416 4318 om.
1447 4259 1507 4318 Β
1536 4260 1583 4317 Ι
1602 4261 1861 4334 Montcp.
2087 4263 2266 4320 simul
2313 4263 2418 4339 qui
2453 4266 2576 4323 iam

284 4353 451 4411 Laid.
501 4350 683 4411 simul
730 4350 852 4409 iam
890 4349 950 4408 Β
976 4349 1125 4407 ΙΙΙ
1152 4349 1296 4409 Gen.
1316 4351 1389 4409 H
1395 4343 1417 4380 ¹
1435 4351 1626 4408 Mont.
1675 4352 1779 4426 qui
1823 4350 1946 4409 iam
1982 4350 2052 4408 H
2061 4342 2083 4380 ²
2107 4352 2190 4412 W
