3234 5034
1040 329 1446 386 VIPSTANVS
1483 329 1864 387 MESSALLA
2314 357 2604 406 cnxvnn

293 497 540 561 modum
607 497 860 560 Crassus
923 499 1020 560 uel
1087 499 1294 561 Cicero
1361 502 1423 560 in
1488 499 1661 562 libris
1726 500 1799 563 de
1855 511 2089 564 oratore
2142 503 2299 584 uult,
2354 507 2417 566 in
2472 507 2603 567 iure

292 596 537 678 publico
585 605 648 658 et
689 599 926 677 priuato
973 606 1032 658 et
1077 601 1140 658 in
1186 598 1559 678 philosophia
1597 601 2008 679 cognoscenda
2046 601 2291 664 adsidue
2328 611 2603 666 uersatus

295 703 441 775 erat,
499 703 560 757 et
617 698 678 756 in
733 697 858 757 uita
914 695 1248 758 libertatem
1305 696 1633 758 absolutam
1682 702 1964 780 exercuit,
2012 719 2126 780 qua
2174 720 2311 762 cum
2358 721 2603 765 suorum

283 803 638 875 *temporum
677 794 874 856 studia
910 795 1178 858 inridere
1215 803 1392 876 atque
1429 804 1815 860 contemnere
1852 816 1970 859 non
2010 808 2343 879 uereretur,
2390 801 2603 863 multo-

293 912 430 955 rum
497 895 728 955 animos
793 893 1099 956 offendere
1164 894 1415 973 solebat,
1471 897 1574 976 qui
1632 898 1875 977 ineptiis
1932 916 2067 960 eum
2126 899 2327 960 fauere
2394 918 2603 980 expro-

291 991 542 1054 brantes
597 991 1040 1054 ulciscebantur
1085 996 1166 1068 (c.
1203 994 1338 1069 32).
1414 993 1659 1056 breuius
1716 995 1823 1057 sed
1869 1015 1987 1057 non
2034 999 2233 1059 minus
2278 997 2603 1060 honorifice

292 1091 542 1153 Tacitus
607 1092 670 1151 in
732 1091 1000 1152 historiis
1056 1110 1194 1153 eum
1250 1092 1513 1173 loquitur
1567 1093 1745 1155 claris
1799 1095 2123 1158 maioribus
2181 1098 2603 1177 egregiumque

291 1193 496 1270 ipsum
544 1190 729 1250 fuisse
775 1197 953 1270 atque
1006 1189 1198 1252 solum
1253 1191 1326 1252 ad
1382 1191 1606 1254 bellum
1642 1191 1988 1272 Vespasiani
2045 1200 2104 1254 et
2140 1193 2359 1256 Vitellii
2417 1194 2603 1257 bonas

289 1296 456 1350 artes
509 1287 780 1350 attulisse
836 1291 981 1363 (III
1011 1290 1082 1364 9)
1131 1289 1505 1370 eundemque
1559 1289 1781 1352 Romae
1846 1293 2017 1352 initio
2073 1309 2123 1354 a.
2172 1287 2428 1374 70s823
2492 1312 2601 1373 pro

291 1387 480 1448 fratre
529 1379 830 1472 (uterino)
877 1387 952 1449 Μ.
991 1389 1223 1468 Aquilio
1270 1387 1495 1468 Regulo
1552 1397 1799 1470 propter
1854 1389 2179 1452 delationes
2234 1391 2388 1452 male
2436 1390 2601 1453 audi·

292 1493 434 1547 ente
491 1487 556 1546 in
612 1492 824 1547 senatu
891 1504 1102 1548 ausum
1160 1485 1467 1567 deprecari
1525 1489 1767 1567 pietatis
1830 1489 2323 1570 eloquentiaeque
2388 1489 2601 1551 samam

291 1583 579 1665 adeptum
621 1601 760 1646 'esse
806 1586 879 1660 (I
887 1587 942 1645 V
968 1585 1102 1660 42).

478 1681 598 1744 Sed
659 1682 930 1744 Messalla
987 1701 1037 1744 a.
1080 1679 1358 1765 74s827,
1423 1704 1540 1766 quo
1603 1685 1846 1746 Tacitus
1912 1684 2269 1765 colloquium
2334 1686 2601 1748 habitum

295 1801 432 1844 esse
483 1781 678 1860 finxit,
734 1781 1000 1843 nondum
1047 1783 1328 1844 historias
1375 1785 1693 1863 scripsisse
1738 1783 2004 1863 uidetur,
2050 1801 2244 1864 neque
2294 1787 2455 1847 enim
2502 1804 2602 1846 eas

293 1897 766 1942 commemorare
793 1882 1122 1963 omisisset3
1151 1900 1286 1943 cum
1315 1889 1514 1943 tamen
1544 1880 1839 1961 dialogum
1870 1891 2251 1963 componeret
2282 1877 2600 1964 a.80s833,

291 1986 363 2040 ut
399 1977 553 2058 aliis,
591 1987 726 2059 post
759 1977 1159 2042 Domitianum
1197 1982 1480 2060 occisum,
1515 1987 1582 2041 ut
1620 1979 1753 2041 aliis
1791 1983 1987 2042 uisum
2028 1989 2135 2060 est,
2172 1982 2291 2043 iam
2330 1989 2601 2043 mortuus

293 2084 445 2140 erat.
505 2095 644 2138 nam
680 2077 796 2139 hoc
833 2079 964 2139 eius
1001 2097 1098 2140 ars
1135 2077 1595 2158 praescribebat,
1634 2097 1707 2140 ne
1746 2082 1883 2160 quis
1922 2097 2127 2141 eorum
2165 2082 2269 2160 qui
2304 2082 2600 2158 uiuerent,

293 2173 786 2238 introduceretur
813 2178 974 2250 (Cic.
1000 2180 1089 2240 ad
1112 2179 1232 2240 Att.
1264 2179 1366 2254 13,
1388 2178 1492 2254 19,
1511 2179 1555 2238 3
1579 2196 1668 2254 sq.
1699 2197 1756 2239 u.
1784 2197 1831 2239 s.
1848 2199 1915 2256 p.
1949 2199 2061 2240 vm
2073 2182 2207 2256 squ).
2257 2179 2414 2260 quod
2453 2185 2603 2240 tem-

293 2275 464 2356 poris
521 2276 778 2355 spatium
831 2275 934 2336 ille
989 2275 1146 2338 liber
1199 2276 1522 2357 conplexus
1569 2278 1673 2355 sit,
1720 2295 1839 2338 non
1884 2284 2081 2357 potest
2128 2277 2443 2340 diiudicari
2489 2297 2602 2339 nec

296 2391 452 2454 quae
520 2373 708 2434 forma
774 2374 980 2454 suerit,
1041 2385 1246 2437 utrum
1308 2375 1696 2437 historiarum
1760 2395 1835 2437 an
1901 2377 2460 2438 commentariorum
2526 2395 2601 2438 an

294 2471 488 2533 libelli
525 2463 646 2555 (sic
690 2471 906 2534 Nissen
948 2491 1008 2552 p.
1037 2468 1219 2559 529),
1263 2492 1459 2554 neque
1507 2493 1576 2535 ex
1627 2493 1697 2536 ea
1744 2492 1937 2555 causa,
1984 2475 2140 2555 quod
2177 2475 2417 2537 Tacitus
2465 2494 2601 2536 eum

296 2573 421 2632 nisi
475 2573 538 2632 in
593 2570 776 2632 rebus
823 2589 873 2632 a.
911 2568 1168 2654 69s822
1223 2571 1538 2634 narrandis
1584 2591 1705 2634 non
1751 2572 2045 2654 laudauit,
2092 2574 2413 2655 quidquam
2462 2593 2601 2635 con-

301 2669 462 2732 cludi
527 2676 740 2750 potest.
821 2670 1150 2751 indignatio
1215 2678 1438 2750 autem,
1503 2691 1619 2751 qua
1684 2690 1825 2733 suae
1890 2674 2098 2734 aetatis
2156 2674 2601 2752 corruptionem

298 2768 544 2830 Tacitus
600 2787 736 2830 eum
789 2771 854 2830 in
911 2768 1139 2849 dialogo
1186 2771 1580 2831 insectantem
1628 2769 1793 2848 fecit,
1842 2773 2018 2832 etiam
2068 2790 2140 2832 ex
2188 2771 2259 2832 fr.
2304 2769 2337 2832 1
2392 2771 2603 2850 elucet,

303 2885 480 2948 quam
527 2866 602 2928 ob
647 2885 776 2928 rem
824 2867 1078 2930 eundem
1127 2867 1350 2929 dictum
1399 2887 1530 2930 esse
1577 2887 1793 2930 censeo
1830 2868 1909 2930 111
1946 2888 1997 2930 c.
2028 2863 2132 2948 51,
2168 2868 2276 2930 ubi
2314 2867 2601 2931 ‘celeber-

302 2969 488 3027 rimos
523 2960 831 3027 auctores'
865 2974 1106 3028 secutus
1143 2974 1344 3028 narrat
1383 2965 1631 3029 ‘tantam
1667 2966 2001 3029 uictoribus
2040 2967 2331 3030 aduersus
2374 2968 2461 3028 sas
2500 2986 2603 3029 ne·

303 3065 510 3144 fasque
573 3065 1040 3126 inreuerentiam
1104 3065 1317 3144 fuisse,
1376 3073 1444 3127 ut
1507 3069 1817 3146 gregarius
1882 3083 2065 3147 eques
2128 3068 2391 3128 occisum
2432 3086 2480 3126 a
2537 3084 2601 3127 se

301 3164 572 3243 proxima
617 3164 744 3223 acie
789 3163 1036 3225 fratrem
1081 3164 1388 3243 professus
1424 3167 1756 3244 praemium
1794 3183 1826 3225 a
1866 3164 2117 3226 ducibus
2150 3160 2438 3245 petierit’,
2477 3171 2602 3226 tum

304 3261 616 3323 Sisennam
683 3263 840 3340 citat,
907 3261 1162 3342 denique
1229 3262 1382 3324 hanc
1447 3262 1701 3324 tabulam
1765 3264 1847 3324 ita
1904 3264 2073 3343 quasi
2134 3272 2407 3325 excusat:
2472 3259 2603 3325 ‘sed

303 3360 449 3422 haec
514 3359 747 3440 aliaque
811 3379 884 3421 ex
946 3367 1154 3421 uetere
1215 3363 1502 3423 memoria
1566 3364 1778 3441 petita,
1834 3363 2109 3442 quotiens
2166 3380 2264 3423 res
2319 3361 2603 3441 locusque

303 3458 575 3539 exempla
611 3460 762 3519 recti
799 3465 900 3519 aut
937 3459 1143 3520 solatia
1179 3459 1319 3520 mali
1356 3467 1580 3540 poscet,
1608 3459 1765 3521 haud
1804 3459 2059 3521 absurde
2096 3457 2598 3522 memorabimus.'

303 3557 498 3619 Etiam
545 3555 808 3636 libertas,
855 3559 907 3617 si
955 3556 1066 3618 sub
1101 3557 1462 3639 Vespasiano
1509 3557 1729 3620 librum
1776 3557 1989 3637 edidit,
2036 3558 2174 3619 inde
2222 3561 2603 3638 conspicitur,

305 3655 462 3736 quod
527 3653 843 3734 Hermum,
907 3658 1038 3716 eius
1093 3655 1400 3736 libertum,
1465 3655 1736 3718 kalendis
1791 3657 2081 3719 Ianuariis
2137 3677 2186 3717 a.
2234 3653 2485 3729 70s823
2539 3659 2601 3717 in

307 3753 578 3815 ordinem
627 3761 970 3834 equestrem
1018 3763 1352 3834 receptum,
1399 3757 1726 3816 atrocitatis
1782 3755 2107 3817 Cremonae
2154 3755 2321 3817 urbis
2378 3755 2605 3816 deletae

305 3859 518 3932 aperte.
563 3869 815 3931 arguere
869 3871 1014 3914 none
1053 3861 1146 3914 est
1203 3855 1436 3915 ueritus
1491 3855 1600 3932 (fr.
1638 3855 1730 3933 2),
1787 3872 1903 3935 qua
1966 3856 2056 3914 ira
2120 3856 2297 3915 etiam
2361 3853 2603 3914 Tacitus

305 3952 586 4012 incensus
632 3957 726 4012 est
763 3952 916 4025 (III
954 3952 1088 4030 12),
1135 3971 1168 4012 a
1223 3971 1340 4032 quo
1386 3954 1584 4032 ipsum
1637 3951 1941 4014 Messallae
1998 3954 2172 4014 amici
2218 3951 2437 4013 librum
2484 3953 2602 4012 nisi

307 4047 380 4110 ad
421 4049 822 4130 supplendum
877 4052 1192 4130 perpaucis
1247 4050 1394 4111 locis
1439 4050 1699 4112 Plinium
1755 4071 1873 4112 non
1921 4051 2249 4112 adhibitum
2300 4069 2431 4112 esse
2479 4050 2601 4111 sru-

307 4154 426 4209 stra
471 4147 654 4209 Fabia
695 4167 757 4226 p.
793 4149 927 4210 234
951 4167 1079 4227 sqq.
1128 4148 1538 4211 demonstrare
1583 4159 1829 4211 conatus
1876 4157 1983 4211 est.
