3234 5034
996 337 1054 391 L.
1095 337 1661 392 AVRVNCVLEIVS
1702 337 1939 393 GOTTA
2500 363 2621 409 LXI

865 593 1440 667 SCRIPTORES
1498 593 2086 668 OAESARIANJ

944 774 1010 833 L.
1059 774 1685 834 AVRVNGVLEIVS
1736 774 1999 835 oo'rTA

491 933 663 994 Hunc
720 934 979 1012 legatum
1027 933 1325 1011 CaesariS‚
1383 936 1487 1012 qui
1547 937 1665 994 iam
1722 953 1771 994 a.
1810 930 2063 1016 57s697
2125 944 2623 998 commemoratur

309 1033 477 1104 (bell.
524 1035 676 1093 Gall.
714 1033 794 1092 II
834 1033 944 1105 11)
995 1041 1054 1092 et
1099 1031 1295 1092 hieme
1345 1051 1392 1091 a.
1433 1027 2035 1114 54s700—53s'701
2080 1033 2437 1114 Ambiorigis
2482 1052 2619 1114 pro-

311 1130 536 1191 ditione
595 1131 708 1190 etsi
765 1132 994 1190 inuitus
1050 1150 1083 1190 e
1141 1132 1354 1190 castris
1403 1140 1685 1192 euocatus
1732 1131 1805 1191 ab
1851 1131 2231 1192 Eburonibus
2280 1151 2415 1193 cum
2462 1132 2619 1194 mili·

309 1229 472 1289 tibus
533 1229 766 1288 sortiter
819 1247 1090 1308 pugnans
1147 1229 1497 1290 interfectus
1555 1237 1646 1290 est
1694 1232 1731 1301 (
1740 1230 1792 1288 V
1820 1231 1907 1290 24
1918 1251 1941 1302 ;
1988 1232 2163 1290 26-
2204 1232 2292 1290 37
2302 1252 2325 1302 ,·
2362 1232 2497 1309 52),
2548 1230 2619 1292 de

311 1345 374 1386 re
423 1325 662 1406 publica
711 1326 970 1386 Romana
1017 1329 1176 1386 inter
1230 1345 1392 1387 arma
1449 1326 1656 1387 Latine
1713 1327 1933 1388 librum
1991 1331 2399 1407 composuisse
2446 1331 2619 1390 testis

310 1434 402 1485 est
450 1419 796 1508 Larensis1)
845 1423 1146 1485 Romanus
1183 1423 1257 1485 M.
1295 1424 1577 1485 Terentio
1616 1424 1879 1485 Varrone
1921 1426 2210 1487 oriundus
2249 1426 2403 1505 apud
2440 1427 2615 1488 Athe-

307 1541 523 1584 naeum
566 1525 673 1600 (sr.
709 1523 796 1600 1),
834 1521 1014 1601 idque
1055 1525 1132 1582 ita
1173 1531 1238 1583 ut
1277 1525 1452 1584 etiam
1494 1526 1554 1583 in
1595 1523 1811 1584 litteris
1848 1526 2199 1603 imperatori
2236 1543 2343 1586 suo
2377 1524 2614 1586 deditus

309 1631 470 1682 esset
527 1623 656 1682 eius
713 1621 1152 1700 simplicitatem
1210 1623 1370 1680 uitae
1418 1620 1683 1700 laudans,
1732 1623 1929 1701 ipsum
1982 1622 2379 1701 fragmentum
2430 1623 2617 1685 docet.

307 1719 560 1798 proinde
626 1737 838 1796 agmen
907 1718 1082 1779 ducat
1142 1719 1649 1779 Caesarianorum.
1733 1727 1867 1780 utra
1924 1720 2221 1799 expeditio
2277 1720 2619 1782 Britannica

309 1816 466 1877 dicta
515 1819 618 1896 sit,
665 1818 958 1899 nescitur3
1008 1817 1336 1877 secundum
1389 1817 1823 1879 Buechelerum
1861 1819 2262 1888 (Fleckeisen.
2305 1839 2447 1880 ann.
2487 1820 2615 1880 111

294 1935 362 1993 p.
405 1917 585 1993 136),
643 1917 746 1993 qui
800 1915 979 1975 huius
1037 1916 1348 1994 scriptoris
1404 1918 1753 1976 memoriam
1812 1918 2221 1995 resuscitauit,
2278 1916 2488 1997 altera,
2554 1920 2616 1978 in

309 2032 424 2092 qua
471 2031 590 2072 uno
641 2021 906 2092 tempore
954 2013 1208 2091 amplius
1255 2016 1625 2092 octingentas
1678 2032 1862 2075 naues
1908 2035 1939 2075 a
1987 2015 2185 2076 littore
2235 2033 2267 2075 a
2313 2015 2617 2076 Britannis

307 2113 472 2171 uisas
520 2129 653 2171 esse
700 2109 918 2171 Caesar
962 2110 1226 2190 prodidit
1263 2115 1300 2184 (
1307 2113 1361 2170 V
1390 2112 1448 2186 8,
1481 2107 1571 2195 6),
1618 2112 1777 2173 unde
1827 2115 2108 2174 extremis
2159 2113 2466 2175 mensibus
2517 2132 2615 2176 su-

305 2207 434 2269 bito
483 2227 620 2268 eum
670 2207 887 2268 librum
936 2212 1330 2288 compositum
1379 2227 1512 2270 esse
1559 2205 2069 2294 cognoscamus.²)

999 2459 1066 2519 L.
1115 2459 1564 2520 CORNELIVS
1612 2461 1927 2521 BALBVS

488 2600 616 2660 Etsi
681 2618 800 2660 non
865 2609 1000 2661 ante
1066 2621 1115 2662 a.
1163 2599 1421 2682 40s714
1477 2601 1549 2662 ad
1616 2603 1988 2664 consulatum
2055 2603 2347 2681 ascendit,
2413 2613 2613 2665 tamen

307 2697 463 2778 apud
520 2698 834 2759 Caesarem
893 2698 1242 2761 dictatorem
1298 2719 1509 2778 magna
1567 2703 1755 2778 gratia
1804 2708 1864 2761 et
1911 2703 2261 2761 auctoritate
2314 2720 2459 2763 usus
2506 2711 2614 2782 est,

311 2831 649 2838 ————-———-—
692 2831 794 2837 —-.

489 2900 540 2962 1)
579 2895 662 2950 De
701 2895 806 2950 hac
845 2899 1025 2951 torma
1063 2915 1116 2952 u.
1147 2897 1360 2951 Dessau
1401 2899 1590 2952 Her-m.
1620 2903 1697 2952 25
1725 2917 1784 2967 p.
1818 2903 1940 2953 156.

488 2977 542 3046 2)
577 2975 795 3030 Teuffel
832 2995 885 3046 p.
919 2982 1022 3030 385
1061 2979 1140 3047 (et
1179 2977 1350 3031 Klebs
1389 2995 1478 3046 ap.
1509 2977 1894 3046 Pauly-Wiss.
1925 2979 1977 3032 H
2024 2995 2067 3032 c.
2100 2982 2261 3049 2556)
2297 2978 2449 3033 hunc
2486 2977 2613 3034 Got-

307 3061 426 3111 tam
475 3057 690 3110 dictum
741 3073 862 3111 esse
908 3057 1036 3111 uult
1081 3058 1254 3112 etiam
1303 3074 1338 3112 a
1385 3057 1651 3112 Cicerone
1698 3059 1771 3112 ad
1818 3061 1933 3112 Att.
1972 3058 2097 3112 XIII
2135 3066 2205 3112 44
2252 3068 2461 3126 (mense
2507 3059 2609 3113 Iul.

307 3153 356 3191 a.
387 3139 648 3206 451'709):
689 3138 820 3192 Etsi
855 3140 1048 3192 acerba
1083 3155 1299 3206 pompa.
1367 3155 1558 3192 uerum
1595 3144 1779 3192 tamen
1813 3140 1951 3193 seire
1988 3141 2175 3194 omnia
2210 3157 2323 3194 non
2360 3142 2612 3196 acerbum

305 3225 382 3272 eet
427 3219 519 3272 uel
563 3219 628 3272 de
678 3218 850 3273 Cotta.
882 3249 950 3258 —-
991 3219 1202 3272 Cottam
1250 3219 1383 3272 mih-i
1428 3221 1592 3272 uelim
1639 3220 1839 3274 mittas.
1898 3219 2163 3275 Libonem
2200 3237 2407 3274 meeum
2443 3222 2612 3275 habeo

305 3303 356 3351 et
381 3300 680 3353 habueram
707 3303 834 3352 ante
855 3298 1096 3353 Cascam.
1137 3297 1380 3368 primum
1409 3301 1601 3352 tamen
1630 3299 1858 3353 miscuit
1887 3300 2026 3354 duos
2057 3299 2308 3354 diuersos
2338 3300 2609 3354 homines.

304 3379 460 3446 prior
496 3377 555 3430 L.
589 3379 752 3431 Cotta
789 3378 836 3431 is
883 3377 1020 3444 fuit,
1063 3395 1230 3446 quem
1275 3377 1430 3432 fama
1479 3379 1668 3432 fuerat
1714 3380 2225 3447 quindecimuirum
2272 3381 2613 3435 sententiam

307 3457 614 3521 dicturum,
670 3461 760 3524 ut,
817 3457 1085 3525 quoniam
1138 3458 1301 3512 libris
1356 3458 1631 3512 fatalibus
1687 3459 2069 3512 contineretur
2119 3458 2352 3511 Parthos
2410 3457 2520 3512 nisi
2576 3475 2610 3512 a.

305 3553 438 3607 rege
485 3553 599 3590 non
645 3553 812 3606 posse
861 3537 1033 3604 uinci,
1081 3537 1288 3592 Caesar
1333 3555 1430 3592 rex
1477 3537 1863 3608 appellaretur
1891 3539 2059 3606 (Suet.
2095 3539 2244 3593 Caes.
2278 3543 2364 3592 79.
2396 3540 2466 3605 cf.
2500 3539 2610 3595 Cic.

306 3619 370 3672 de
397 3619 515 3672 diu.
539 3619 616 3672 II
637 3622 726 3684 54,
748 3623 905 3686 110);
943 3621 1064 3672 tum
1103 3617 1446 3684 Ciceronem,
1483 3621 1787 3688 postquam
1826 3617 1988 3672 Bruti
2028 3619 2354 3684 aduentum,
2401 3618 2610 3673 librum

306 3698 588 3766 quendam
629 3697 700 3750 ab
731 3699 921 3752 Attico
960 3697 1201 3752 Varroni
1228 3699 1518 3764 traditum,
1558 3699 1809 3753 Atticam
1847 3697 2096 3752 breuiter
2133 3700 2607 3764 commemorauit,

307 3778 377 3831 ad
445 3779 672 3832 Cottam
733 3781 1061 3848 pergentem
1125 3778 1334 3833 librum
1399 3779 1683 3847 quendam
1740 3779 1951 3832 dixisse
2006 3795 2073 3832 ex
2130 3796 2283 3847 seqq.
2352 3780 2608 3848 adparet,

307 3875 544 3926 cumque
589 3861 713 3911 tum
761 3859 833 3910 ad
881 3857 1056 3912 libros
1104 3859 1176 3913 de
1215 3859 1446 3913 deorum
1492 3863 1699 3912 natura
1738 3859 2150 3928 componendos
2190 3861 2507 3926 accesserit,
2546 3861 2607 3914 in

305 3939 510 4008 quibus
569 3937 626 3992 C.
667 3938 929 3992 Aurelius
977 3938 1144 3992 Cotta¹
1190 3941 1321 4008 (cos.
1363 3958 1411 3994 a.
1446 3939 1677 4012 75s679)
1734 3939 2088 3993 academicus
2144 3941 2335 4008 partes
2392 3938 2609 4010 dialogi

307 4019 610 4084 sustineat,
659 4019 730 4072 de
774 4018 920 4072 libro
959 4019 1152 4088 aliquo
1189 4019 1586 4089 philosophiae
1624 4020 1697 4073 ab
1735 4035 1801 4073 eo
1840 4019 2050 4089 scripto
2084 4020 2179 4074 uel
2219 4019 2339 4073 eius
2381 4021 2608 4073 nomine

305 4099 578 4168 inscripto
625 4099 994 4168 cogitandum
1045 4103 1145 4153 est.
1213 4101 1284 4155 de
1329 4100 1558 4154 Libonis
1607 4099 1933 4166 annalibus,
1981 4117 2121 4168 quos
2170 4097 2362 4154 Cicero
2410 4099 2607 4154 eodem

184 4247 196 4258 ·
305 4181 420 4235 fere
467 4185 722 4250 tempore
759 4195 793 4232 a
831 4197 890 4234 se
936 4181 1220 4250 inspectos
1270 4197 1392 4235 esse
1435 4181 1609 4234 etiam
1648 4180 1723 4234 ad
1758 4179 2013 4234 Atticum
2052 4196 2138 4249 ep.
2169 4179 2297 4233 XIII
2335 4185 2403 4233 30
2442 4183 2501 4232 et
2538 4185 2604 4232 32

307 4261 516 4326 scribit,
545 4261 663 4314 uid.
684 4259 710 4312 Ι
737 4279 790 4330 p.
824 4279 1080 4314 cccnxun
1100 4279 1237 4329 sqq„
1269 4262 1340 4315 de
1369 4260 1580 4316 Cascae
1613 4260 1853 4314 alicuius
1889 4261 2038 4315 libro
2075 4260 2219 4315 nihil
2258 4260 2606 4329 accepimus;

311 4341 378 4395 de
416 4341 611 4396 Cassio
649 4339 893 4394 Hemina
931 4341 1176 4395 somniat
1213 4343 1357 4449 Bopt
1395 4357 1442 4396 a.
1473 4341 1526 4395 h.
1558 4341 1627 4396 1.²
1652 4359 1707 4412 p.
1740 4346 1857 4394 607.
