3234 5034
619 375 724 422 1111
1109 353 1206 408 DE
1246 305 1713 410 sCRIPTORVM
1741 353 1929 410 VITIS
1965 355 2061 409 ΕΤ
2098 353 2415 412 SCRIPTIS

621 525 724 598 11,
756 523 876 596 28;
921 527 1008 584 ad
1051 525 1172 584 Att.
1213 525 1256 584 Ι
1295 525 1397 599 16,
1429 525 1561 602 15),
1609 541 1805 602 neque
1853 525 2062 602 ceteri,
2111 533 2396 604 quantum
2444 529 2684 604 scimuS,
2732 523 2804 586 de
2852 543 2923 585 eo

619 620 944 701 quidquam
1000 623 1395 702 scripserunt,
1453 624 1556 700 qui
1611 621 1789 682 multi
1847 621 2172 702 instabant,
2219 631 2287 684 ut
2343 623 2511 685 daret
2563 623 2705 704 sibi,
2764 623 2923 704 quod

619 728 919 799 ornarent,
949 719 1402 800 molestiamque
1432 722 1488 780 ei
1518 719 1801 781 exhibere
1831 739 1951 780 non
1991 719 2345 782 desinebant
2372 725 2488 796 (ad
2514 725 2633 784 Att.
2652 723 2731 782 II
2752 723 2809 800 1,
2830 722 2920 796 2).

797 819 864 879 In
910 818 1060 880 urbe
1108 826 1304 880 autem
1353 820 1414 878 in
1460 817 1592 879 >dies
1640 820 1948 896 grauiores
1990 818 2296 881 molestiae
2336 839 2472 881 eum
2511 823 2923 882 circumuene-

619 925 776 977 runt.
861 936 1092 979 summo
1153 918 1315 977 enim
1376 935 1511 977 cum
1576 915 1777 977 dolore
1840 935 1948 978 suo
2010 926 2290 996 expertus
2350 925 2444 978 est
2501 937 2577 980 ne
2638 917 2921 979 Catilinae

619 1014 859 1094 quidem
907 1017 1086 1077 sociis
1133 1016 1350 1076 occisis
1397 1016 1783 1094 exercituque
1831 1015 2143 1095 profligato
2191 1019 2572 1078 securitatem
2610 1019 2673 1076 in
2709 1016 2923 1078 urbem

619 1112 927 1175 reductam
975 1132 1108 1174 esse
1160 1131 1355 1193 neque
1403 1112 1725 1192 quidquam
1774 1121 2045 1174 senatum
2094 1132 2168 1175 ne
2216 1112 2435 1175 Catone
2482 1114 2721 1194 quidem
2772 1113 2922 1175 duce

619 1221 824 1272 contra
871 1211 1141 1273 Caesaris
1196 1229 1340 1291 opes
1396 1219 1737 1272 crescentes
1781 1212 2074 1291 proficere
2120 1231 2323 1291 posse,
2380 1222 2667 1291 quantum
2724 1219 2925 1272 autem

619 1329 724 1371 sua
773 1312 1094 1371 auctoritas
1143 1308 1430 1371 diminuta
1480 1317 1656 1390 esset,
1716 1311 1867 1390 ipsis
1913 1309 2182 1370 kalendis
2228 1311 2519 1372 Ianuariis
2566 1331 2617 1372 a.
2648 1305 2924 1392 60s694‚

619 1427 650 1468 a
707 1407 780 1468 Μ.
826 1407 1041 1469 Pisone
1099 1407 1342 1469 consule
1397 1409 1462 1468 in
1519 1416 1728 1469 senatu
1783 1426 1902 1468 non
1963 1409 2192 1487 primus
2250 1411 2605 1470 sententiam
2662 1416 2922 1488 rogatus,

620 1505 979 1568 accedebant
1022 1508 1370 1568 inimicitiae
1419 1525 1555 1566 cum
1601 1505 1665 1567 P.
1705 1505 1910 1567 Clodio
1957 1514 2286 1587 susceptae,
2342 1509 2447 1586 qui
2495 1526 2633 1568 cum
2678 1516 2925 1588 propter

619 1623 786 1666 sacra
831 1605 1050 1666 uiolata
1097 1607 1157 1666 in
1207 1607 1303 1666 ius
1347 1612 1596 1665 uocatus
1645 1613 1706 1666 et
1750 1603 2053 1666 absolutus
2097 1614 2272 1684 esset,
2312 1605 2520 1667 Cicero
2560 1615 2620 1666 et
2657 1608 2924 1667 testimo-

497 1743 504 1750 ·
617 1705 785 1764 nium
833 1723 1007 1765 suum
1055 1705 1117 1764 in
1166 1721 1234 1764 ea
1283 1721 1461 1764 causa
1509 1701 1734 1764 dictum
1783 1721 1816 1763 a
1862 1701 2162 1764 iudicibus
2209 1703 2546 1783 neglectum
2594 1723 2727 1765 esse
2768 1702 2924 1764 uidit

619 1810 679 1863 et
723 1820 1040 1863 numerum
1088 1800 1568 1863 aduersariorum
1616 1802 1746 1861 eius
1794 1799 2037 1862 audacia
2094 1803 2603 1882 proteruitateque
2664 1810 2921 1862 auctum.

617 1901 817 1979 itaque
873 1903 988 1961 etsi
1044 1899 1261 1960 Caesar
1318 1906 1539 1960 aestate
1595 1900 1660 1958 in
1706 1897 2052 1978 Hispaniam
2109 1897 2256 1960 abiit
2309 1899 2770 1980 Pompeiusque,
2817 1901 2921 1980 qni

617 2017 824 2058 mense
862 1998 1133 2059 Ianuario
1171 1998 1233 2057 in
1271 1996 1476 2058 hortos
1515 1995 1891 2057 suburbanos
1929 2016 1993 2058 se
2032 2007 2358 2079 receperat,
2397 2001 2453 2059 ei
2492 2001 2680 2078 magis
2718 1999 2919 2060 fauere

617 2094 951 2176 uidebatur,
996 2103 1196 2156 tamen
1243 2113 1378 2155 cum
1416 2095 1609 2156 Attico
1658 2096 1829 2174 queri
1876 2113 1995 2155 non
2045 2094 2280 2176 desinit,
2328 2095 2486 2176 quod
2533 2096 2605 2157 ab
2644 2096 2921 2158 omnibus

619 2192 941 2254 destitutus
1005 2195 1083 2253 sit
1147 2211 1342 2271 neque
1407 2210 1767 2273 quemquam
1828 2191 2070 2273 habeat,
2136 2212 2391 2273 quocum
2453 2205 2617 2256 extra
2681 2193 2920 2256 domum

617 2291 804 2352 libere
860 2293 1046 2352 iocari
1102 2293 1307 2371 possit.
1381 2290 1534 2351 Tum
1589 2293 1801 2371 igitur,
1850 2293 1885 2352 i.
1918 2310 1967 2352 e.
1999 2311 2048 2351 a.
2080 2287 2336 2373 61s693
2393 2295 2664 2373 ineunte,
2720 2302 2787 2353 ut
2835 2292 2923 2353 di-

617 2391 904 2468 gnitatem
951 2408 1118 2450 suam
1165 2397 1454 2467 tueretur,
1502 2389 1819 2450 consilium
1859 2391 2017 2470 cepit
2054 2409 2123 2450 ex
2164 2393 2452 2452 memoria
2490 2410 2693 2453 rerum
2731 2400 2921 2472 gesta-

619 2506 751 2549 rum
800 2487 1074 2549 solatium
1121 2495 1396 2567 repetere
1436 2495 1495 2547 et
1533 2486 1606 2548 ad
1644 2487 1954 2548 historiam
2002 2489 2277 2569 refugere
2325 2497 2501 2569 atque
2549 2492 2666 2551 iam
2714 2508 2920 2550 mense

615 2585 813 2666 Iunio,
860 2594 929 2646 ut
973 2584 1290 2665 quaedam,
1339 2604 1489 2664 quae
1539 2584 1610 2645 ab
1660 2587 1854 2646 Attico
1902 2593 2201 2666 expectat,
2248 2596 2609 2668 compenset,
2655 2588 2803 2649 haec
2848 2586 2921 2648 ad

618 2702 754 2744 eum
793 2682 1001 2745 scribit
1040 2685 1115 2758 (Ι
1143 2685 1246 2760 16,
1270 2683 1415 2759 18).·
1462 2681 1619 2760 ‘Ego
1660 2685 1772 2745 tibi
1808 2687 2049 2760 aliquid
2083 2687 2158 2746 de
2194 2691 2343 2747 meis
2376 2690 2627 2764 scriptis
2671 2691 2921 2748 mittam.

617 2785 774 2844 nihil
807 2791 946 2844 erat
983 2779 1285 2844 absoluti?
1361 2782 1500 2842 hinc
1537 2800 1731 2861 usque
1771 2780 1844 2842 ad
1881 2799 2067 2843 nonas
2112 2781 2472 2844 Decembres
2518 2792 2636 2865 aut,
2684 2786 2736 2846 si
2774 2803 2921 2864 quas

617 2880 844 2942 litteras
884 2879 957 2941 ad
1002 2881 1161 2942 hunc
1207 2882 1463 2941 amicum
1511 2879 1700 2961 dedit,
1746 2879 2183 2942 interciderunt
2228 2889 2329 2942 aut
2373 2883 2502 2962 ipse
2550 2885 2791 2944 omnino
2836 2890 2923 2943 ta-

617 2981 758 3039 cuit.
827 2987 988 3040 certe
1036 2979 1279 3040 suberat
1325 2978 1573 3040 offensio
1620 2978 1911 3057 quaedam
1961 2980 2118 3039 inter
2154 2977 2440 3049 Quintum
2488 2980 2750 3061 fratrem,
2798 2999 2919 3041 ma-

619 3080 800 3138 ritum
838 3076 1212 3158 Pomponiae,
1260 3086 1321 3137 et
1357 3077 1615 3138 Atticum
1666 3079 1795 3138 eius
1844 3077 2105 3155 fratrem,
2158 3095 2308 3156 quae
2356 3080 2534 3139 etiam
2573 3078 2758 3140 Marci
2794 3081 2920 3140 ani·

617 3194 781 3236 mum
811 3175 1082 3236 molestia
1113 3177 1312 3236 affecit
1339 3183 1399 3236 et
1427 3175 1789 3237 abalienauit
1808 3168 2142 3258 (Drumann
2170 3177 2323 3238 Hist.
2348 3177 2515 3238 Rom.
2543 3179 2595 3237 V
2600 3197 2669 3255 p.
2684 3179 2770 3238 13
2782 3172 2919 3262 σᾳ).

617 3277 817 3353 itaque
874 3276 1465 3335 commentarium
1522 3273 1942 3335 consulatus
1999 3275 2111 3334 sui
2168 3273 2278 3334 sub
2336 3275 2514 3335 finem
2572 3294 2622 3336 a.
2662 3270 2919 3356 61s693

618 3373 953 3434 confectum
1010 3391 1129 3432 non
1185 3371 1257 3433 ad
1305 3372 1563 3433 Atticum
1579 3365 1629 3456 1)
1689 3372 1795 3432 sed
1851 3370 1922 3432 ad
1969 3369 2353 3433 Posidonium
2403 3371 2700 3434 Rhodium
2758 3375 2920 3434 misit

618 3489 873 3550 eumque
912 3489 976 3531 se
1014 3472 1251 3532 misisse
1283 3470 1468 3548 finxit,
1509 3467 1598 3531 ‘ut
1637 3471 1902 3531 ornatius
1942 3467 2014 3530 de
2060 3469 2252 3531 isdem
2296 3469 2477 3531 rebus
2524 3464 2918 3556 scriberet’.²)

617 3571 721 3648 qui
749 3576 1060 3648 postquam
1090 3570 1401 3648 rescripsit
1430 3587 1494 3629 se
1521 3566 1662 3629 ‘non
1694 3567 1868 3628 modo
1897 3586 2016 3629 non
2038 3569 2357 3630 excitatum
2388 3587 2522 3630 esse
2550 3569 2624 3631 ad
2652 3569 2919 3632 scriben-

619 3667 760 3728 dum
816 3665 922 3728 sed
978 3668 1156 3728 etiam
1210 3667 1386 3746 plane
1444 3663 1820 3728 deterritum’
1869 3669 1985 3740 (ad
2020 3669 2139 3728 Att.
2172 3667 2249 3728 II
2280 3669 2337 3742 1,
2368 3668 2459 3747 2),
2504 3677 2632 3729 tum
2681 3668 2919 3730 demum

620 3764 816 3826 idibus
849 3765 1076 3826 Martiis
1115 3785 1163 3825 3.
1195 3760 1450 3848 60s654
1487 3784 1596 3844 per
1630 3765 1984 3843 Cossinium,
2023 3766 2281 3826 amicum
2318 3767 2495 3826 Attici
2535 3777 2595 3827 et
2621 3767 2919 3847 Varronis,

619 3881 756 3924 eum
803 3863 1019 3924 librum
1060 3861 1241 3924 ‘lente
1290 3882 1358 3924 ac
1407 3862 1710 3924 fastidiose
1758 3860 2093 3942 probatum’
2135 3865 2312 3924 etiam
2354 3883 2490 3924 cum
2530 3865 2719 3926 Attico
2758 3883 2917 3926 com-

619 3962 962 4038 municauit‚
1010 3963 1113 4040 qui
1159 3969 1359 4022 tamen
1397 3963 1514 4023 iam
1553 3970 1724 4022 antea
1764 3981 1900 4022 eum
1940 3961 2229 4041 Corcyrae
2271 3959 2551 4024 ‘strictim
2599 3961 2919 4043 attigerat',

800 4127 852 4194 1)
898 4123 1025 4177 Vid.
1075 4123 1148 4177 ad
1193 4126 1308 4178 Att.
1348 4123 1477 4178 XIII
1515 4129 1608 4192 22,
1641 4129 1671 4176 3
1720 4129 1791 4194 (3,.
1830 4126 2066 4196 45s709)
2121 4125 2343 4196 Scripta
2400 4133 2593 4182 nostra
2644 4143 2919 4196 nusquam

619 4205 766 4296 niolo
797 4221 910 4298 esse
946 4222 1112 4273 quam
1158 4205 1312 4273 apud
1349 4212 1414 4272 te,
1460 4205 1554 4260 sed
1599 4222 1665 4260 ea
1710 4211 1826 4260 tum
1870 4207 2028 4272 foras
2072 4206 2218 4273 dari,
2255 4225 2379 4261 cum
2414 4209 2633 4276 utrique
2668 4213 2918 4262 nostrum

619 4285 972 4434 utdebtngf.
993 4364 1274 4419 Ciceronis
1304 4365 1373 4419 de
1393 4365 1648 4420 Caesa-ris
1676 4366 2093 4421 commentariis
2122 4367 2394 4420 iudicium
2421 4367 2481 4420 in
2502 4367 2675 4421 Bruto
2698 4373 2915 4434 76,262.
