<?xml version="1.0" encoding="UTF-8"?>
<!DOCTYPE html PUBLIC "-//W3C//DTD XHTML 1.0 Transitional//EN"
    "http://www.w3.org/TR/xhtml1/DTD/xhtml1-transitional.dtd">
<html xmlns="http://www.w3.org/1999/xhtml" xml:lang="en" lang="en">
 <head>
  <title>
</title>
<meta http-equiv="Content-Type" content="text/html;charset=utf-8" />
  <meta name='ocr-system' content='tesseract 3.04.00' />
  <meta name='ocr-capabilities' content='ocr_page ocr_carea ocr_par ocr_line ocrx_word'/>
</head>
<body>
  <div class='ocr_page' id='page_1' title='image "./historicorvmrom00petegoog_0190.png"; bbox 0 0 3234 5034; ppageno 0'>
   <div class='ocr_carea' id='block_1_1' title="bbox 90 2 612 4">
    <p class='ocr_par' dir='ltr' id='par_1_1' title="bbox 90 2 612 4">
     <span class='ocr_line' id='line_1_1' title="bbox 90 2 612 4; baseline 0 0"><span class='ocrx_word' id='word_1_1' title='bbox 90 2 612 4; x_wconf 95' lang='lat' dir='ltr'><strong> </strong></span> 
     </span>
    </p>
   </div>
   <div class='ocr_carea' id='block_1_2' title="bbox 1041 383 2673 441">
    <p class='ocr_par' dir='ltr' id='par_1_2' title="bbox 1041 383 2673 441">
     <span class='ocr_line' id='line_1_2' title="bbox 1041 383 2673 441; baseline -0.002 -2"><span class='ocrx_word' id='word_1_2' title='bbox 1041 385 1117 439; x_wconf 81' lang='lat' dir='ltr'><strong>M.</strong></span> <span class='ocrx_word' id='word_1_3' title='bbox 1145 383 1522 440; x_wconf 81' lang='lat' dir='ltr'>ANTONIVS</span> <span class='ocrx_word' id='word_1_4' title='bbox 1560 383 1985 441; x_wconf 77' lang='lat' dir='ltr'><strong>GORDIANVS</strong></span> <span class='ocrx_word' id='word_1_5' title='bbox 2332 388 2673 437; x_wconf 77' lang='lat' dir='ltr'><strong>CLxxvnn</strong></span> 
     </span>
    </p>
   </div>
   <div class='ocr_carea' id='block_1_3' title="bbox 337 552 2675 2108">
    <p class='ocr_par' dir='ltr' id='par_1_3' title="bbox 337 552 2675 2108">
     <span class='ocr_line' id='line_1_3' title="bbox 345 552 2672 634; baseline 0.001 -22"><span class='ocrx_word' id='word_1_6' title='bbox 345 554 611 613; x_wconf 86' lang='lat' dir='ltr'><strong>citarent</strong></span> <span class='ocrx_word' id='word_1_7' title='bbox 660 562 722 613; x_wconf 88' lang='lat' dir='ltr'><strong>et</strong></span> <span class='ocrx_word' id='word_1_8' title='bbox 770 552 1128 634; x_wconf 79' lang='lat' dir='ltr'><strong>refutarent3</strong></span> <span class='ocrx_word' id='word_1_9' title='bbox 1173 554 1360 613; x_wconf 87' lang='lat' dir='ltr'><strong>uitam</strong></span> <span class='ocrx_word' id='word_1_10' title='bbox 1408 559 1606 614; x_wconf 89' lang='lat' dir='ltr'><strong>tamen</strong></span> <span class='ocrx_word' id='word_1_11' title='bbox 1656 572 1823 614; x_wconf 88' lang='lat' dir='ltr'><strong>suam</strong></span> <span class='ocrx_word' id='word_1_12' title='bbox 1872 553 1945 615; x_wconf 88' lang='lat' dir='ltr'><strong>ab</strong></span> <span class='ocrx_word' id='word_1_13' title='bbox 1990 555 2221 633; x_wconf 80' lang='lat' dir='ltr'><strong>origine</strong></span> <span class='ocrx_word' id='word_1_14' title='bbox 2267 574 2458 634; x_wconf 91' lang='lat' dir='ltr'><strong>usque</strong></span> <span class='ocrx_word' id='word_1_15' title='bbox 2498 554 2570 615; x_wconf 93' lang='lat' dir='ltr'><strong>ad</strong></span> <span class='ocrx_word' id='word_1_16' title='bbox 2608 554 2672 616; x_wconf 91' lang='lat' dir='ltr'><strong>id</strong></span> 
     </span>
     <span class='ocr_line' id='line_1_4' title="bbox 346 650 2673 731; baseline 0.002 -21"><span class='ocrx_word' id='word_1_17' title='bbox 346 658 628 729; x_wconf 89' lang='lat' dir='ltr'><strong>tempus,</strong></span> <span class='ocrx_word' id='word_1_18' title='bbox 687 669 808 729; x_wconf 86' lang='lat' dir='ltr'><strong>quo</strong></span> <span class='ocrx_word' id='word_1_19' title='bbox 863 650 1182 729; x_wconf 81' lang='lat' dir='ltr'><strong>scriberet,</strong></span> <span class='ocrx_word' id='word_1_20' title='bbox 1230 669 1366 711; x_wconf 90' lang='lat' dir='ltr'><strong>eum</strong></span> <span class='ocrx_word' id='word_1_21' title='bbox 1416 650 1735 713; x_wconf 81' lang='lat' dir='ltr'><strong>deduxisse</strong></span> <span class='ocrx_word' id='word_1_22' title='bbox 1785 660 1847 712; x_wconf 90' lang='lat' dir='ltr'><strong>et</strong></span> <span class='ocrx_word' id='word_1_23' title='bbox 1890 671 2001 731; x_wconf 85' lang='lat' dir='ltr'><strong>per</strong></span> <span class='ocrx_word' id='word_1_24' title='bbox 2046 670 2111 713; x_wconf 89' lang='lat' dir='ltr'><strong>se</strong></span> <span class='ocrx_word' id='word_1_25' title='bbox 2156 654 2291 714; x_wconf 86' lang='lat' dir='ltr'><strong>ueri</strong></span> <span class='ocrx_word' id='word_1_26' title='bbox 2338 652 2531 713; x_wconf 86' lang='lat' dir='ltr'><strong>simile</strong></span> <span class='ocrx_word' id='word_1_27' title='bbox 2579 663 2673 714; x_wconf 87' lang='lat' dir='ltr'><strong>est</strong></span> 
     </span>
     <span class='ocr_line' id='line_1_5' title="bbox 341 748 2670 830; baseline 0.001 -21"><span class='ocrx_word' id='word_1_28' title='bbox 341 758 412 809; x_wconf 85' lang='lat' dir='ltr'><strong>et</strong></span> <span class='ocrx_word' id='word_1_29' title='bbox 457 750 856 828; x_wconf 78' lang='lat' dir='ltr'><strong>inscriptione</strong></span> <span class='ocrx_word' id='word_1_30' title='bbox 915 750 1316 809; x_wconf 85' lang='lat' dir='ltr'><strong>confirmatur.</strong></span> <span class='ocrx_word' id='word_1_31' title='bbox 1394 750 1454 809; x_wconf 90' lang='lat' dir='ltr'><strong>in</strong></span> <span class='ocrx_word' id='word_1_32' title='bbox 1511 748 1793 811; x_wconf 88' lang='lat' dir='ltr'><strong>manibus</strong></span> <span class='ocrx_word' id='word_1_33' title='bbox 1850 758 2049 812; x_wconf 90' lang='lat' dir='ltr'><strong>autem</strong></span> <span class='ocrx_word' id='word_1_34' title='bbox 2106 750 2217 811; x_wconf 84' lang='lat' dir='ltr'><strong>l&#39;uit</strong></span> <span class='ocrx_word' id='word_1_35' title='bbox 2267 758 2509 830; x_wconf 88' lang='lat' dir='ltr'><strong>praeter</strong></span> <span class='ocrx_word' id='word_1_36' title='bbox 2550 750 2670 811; x_wconf 83' lang='lat' dir='ltr'><strong>Ma·</strong></span> 
     </span>
     <span class='ocr_line' id='line_1_6' title="bbox 343 846 2667 928; baseline 0.001 -21"><span class='ocrx_word' id='word_1_37' title='bbox 343 849 507 907; x_wconf 88' lang='lat' dir='ltr'><strong>rium</strong></span> <span class='ocrx_word' id='word_1_38' title='bbox 552 846 896 926; x_wconf 81' lang='lat' dir='ltr'><strong>Maximum,</strong></span> <span class='ocrx_word' id='word_1_39' title='bbox 943 866 1053 927; x_wconf 91' lang='lat' dir='ltr'><strong>per</strong></span> <span class='ocrx_word' id='word_1_40' title='bbox 1093 866 1270 927; x_wconf 89' lang='lat' dir='ltr'><strong>quem</strong></span> <span class='ocrx_word' id='word_1_41' title='bbox 1309 850 1574 927; x_wconf 89' lang='lat' dir='ltr'><strong>quinque</strong></span> <span class='ocrx_word' id='word_1_42' title='bbox 1613 847 1945 926; x_wconf 83' lang='lat' dir='ltr'><strong>fragmenta</strong></span> <span class='ocrx_word' id='word_1_43' title='bbox 1982 850 2043 909; x_wconf 88' lang='lat' dir='ltr'><strong>in</strong></span> <span class='ocrx_word' id='word_1_44' title='bbox 2084 859 2468 928; x_wconf 78' lang='lat' dir='ltr'><strong>tyrannorum</strong></span> <span class='ocrx_word' id='word_1_45' title='bbox 2510 850 2667 909; x_wconf 88' lang='lat' dir='ltr'><strong>uitas</strong></span> 
     </span>
     <span class='ocr_line' id='line_1_7' title="bbox 341 944 2670 1025; baseline 0.001 -20"><span class='ocrx_word' id='word_1_46' title='bbox 341 944 540 1005; x_wconf 88' lang='lat' dir='ltr'><strong>delata</strong></span> <span class='ocrx_word' id='word_1_47' title='bbox 606 953 774 1023; x_wconf 88' lang='lat' dir='ltr'><strong>sunt,</strong></span> <span class='ocrx_word' id='word_1_48' title='bbox 841 952 902 1005; x_wconf 89' lang='lat' dir='ltr'><strong>et</strong></span> <span class='ocrx_word' id='word_1_49' title='bbox 962 944 1393 1024; x_wconf 83' lang='lat' dir='ltr'><strong>Herodianum,</strong></span> <span class='ocrx_word' id='word_1_50' title='bbox 1458 948 1557 1007; x_wconf 87' lang='lat' dir='ltr'><strong>cui</strong></span> <span class='ocrx_word' id='word_1_51' title='bbox 1614 964 1804 1007; x_wconf 84' lang='lat' dir='ltr'><strong>unum</strong></span> <span class='ocrx_word' id='word_1_52' title='bbox 1861 944 2113 1008; x_wconf 87' lang='lat' dir='ltr'><strong>debetur</strong></span> <span class='ocrx_word' id='word_1_53' title='bbox 2161 947 2271 1024; x_wconf 82' lang='lat' dir='ltr'><strong>(fr.</strong></span> <span class='ocrx_word' id='word_1_54' title='bbox 2312 948 2403 1025; x_wconf 84' lang='lat'><strong>1),</strong></span> <span class='ocrx_word' id='word_1_55' title='bbox 2464 946 2670 1008; x_wconf 88' lang='lat' dir='ltr'><strong>Cassio</strong></span> 
     </span>
     <span class='ocr_line' id='line_1_8' title="bbox 339 1040 2671 1127; baseline 0.001 -24"><span class='ocrx_word' id='word_1_56' title='bbox 339 1040 542 1121; x_wconf 86' lang='lat' dir='ltr'><strong>Dioni,</strong></span> <span class='ocrx_word' id='word_1_57' title='bbox 601 1045 704 1123; x_wconf 89' lang='lat' dir='ltr'><strong>qui</strong></span> <span class='ocrx_word' id='word_1_58' title='bbox 761 1052 1078 1127; x_wconf 79' lang='lat' dir='ltr'><strong>postquam</strong></span> <span class='ocrx_word' id='word_1_59' title='bbox 1133 1042 1400 1105; x_wconf 91' lang='lat' dir='ltr'><strong>libellum</strong></span> <span class='ocrx_word' id='word_1_60' title='bbox 1467 1044 1540 1105; x_wconf 89' lang='lat' dir='ltr'><strong>de</strong></span> <span class='ocrx_word' id='word_1_61' title='bbox 1598 1042 1901 1106; x_wconf 89' lang='lat' dir='ltr'><strong>ominibus</strong></span> <span class='ocrx_word' id='word_1_62' title='bbox 1957 1045 2265 1125; x_wconf 83' lang='lat' dir='ltr'><strong>signisque</strong></span> <span class='ocrx_word' id='word_1_63' title='bbox 2310 1046 2550 1125; x_wconf 88' lang='lat' dir='ltr'><strong>imperii</strong></span> <span class='ocrx_word' id='word_1_64' title='bbox 2596 1043 2671 1107; x_wconf 90' lang='lat' dir='ltr'><strong>ad</strong></span> 
     </span>
     <span class='ocr_line' id='line_1_9' title="bbox 343 1140 2669 1223; baseline 0.001 -20"><span class='ocrx_word' id='word_1_65' title='bbox 343 1140 648 1203; x_wconf 88' lang='lat' dir='ltr'><strong>Seuerum</strong></span> <span class='ocrx_word' id='word_1_66' title='bbox 694 1144 878 1220; x_wconf 84' lang='lat' dir='ltr'><strong>misit,</strong></span> <span class='ocrx_word' id='word_1_67' title='bbox 924 1151 1060 1222; x_wconf 87' lang='lat' dir='ltr'><strong>post</strong></span> <span class='ocrx_word' id='word_1_68' title='bbox 1105 1149 1360 1203; x_wconf 88' lang='lat' dir='ltr'><strong>mortem</strong></span> <span class='ocrx_word' id='word_1_69' title='bbox 1409 1144 1538 1203; x_wconf 88' lang='lat' dir='ltr'><strong>eius</strong></span> <span class='ocrx_word' id='word_1_70' title='bbox 1578 1144 1641 1202; x_wconf 87' lang='lat' dir='ltr'><strong>in</strong></span> <span class='ocrx_word' id='word_1_71' title='bbox 1679 1142 1948 1204; x_wconf 89' lang='lat' dir='ltr'><strong>historiis</strong></span> <span class='ocrx_word' id='word_1_72' title='bbox 1988 1142 2059 1203; x_wconf 88' lang='lat' dir='ltr'><strong>ad</strong></span> <span class='ocrx_word' id='word_1_73' title='bbox 2099 1146 2429 1203; x_wconf 86' lang='lat' dir='ltr'><strong>senatorias</strong></span> <span class='ocrx_word' id='word_1_74' title='bbox 2468 1152 2669 1223; x_wconf 85' lang='lat' dir='ltr'><strong>partes</strong></span> 
     </span>
     <span class='ocr_line' id='line_1_10' title="bbox 337 1239 2671 1319; baseline 0.001 -20"><span class='ocrx_word' id='word_1_75' title='bbox 337 1241 592 1301; x_wconf 86' lang='lat' dir='ltr'><strong>transiit</strong></span> <span class='ocrx_word' id='word_1_76' title='bbox 639 1241 888 1314; x_wconf 76' lang='lat' dir='ltr'><strong>(Gesch.</strong></span> <span class='ocrx_word' id='word_1_77' title='bbox 930 1240 1073 1301; x_wconf 81' lang='lat' dir='ltr'><strong>Litt.</strong></span> <span class='ocrx_word' id='word_1_78' title='bbox 1112 1241 1192 1301; x_wconf 94' lang='lat' dir='ltr'><strong>II</strong></span> <span class='ocrx_word' id='word_1_79' title='bbox 1215 1259 1284 1318; x_wconf 79' lang='lat' dir='ltr'><strong>p.</strong></span> <span class='ocrx_word' id='word_1_80' title='bbox 1324 1239 1460 1319; x_wconf 85' lang='grc'><strong><em>88),</em></strong></span> <span class='ocrx_word' id='word_1_81' title='bbox 1527 1258 1664 1301; x_wconf 86' lang='lat' dir='ltr'><strong>cum</strong></span> <span class='ocrx_word' id='word_1_82' title='bbox 1732 1240 1859 1319; x_wconf 89' lang='lat' dir='ltr'><strong>alii,</strong></span> <span class='ocrx_word' id='word_1_83' title='bbox 1914 1258 2171 1319; x_wconf 90' lang='lat' dir='ltr'><strong>quorum</strong></span> <span class='ocrx_word' id='word_1_84' title='bbox 2225 1242 2468 1301; x_wconf 89' lang='lat' dir='ltr'><strong>nomina</strong></span> <span class='ocrx_word' id='word_1_85' title='bbox 2522 1240 2671 1301; x_wconf 87' lang='lat' dir='ltr'><strong>obli·</strong></span> 
     </span>
     <span class='ocr_line' id='line_1_11' title="bbox 341 1337 2671 1417; baseline 0 -18"><span class='ocrx_word' id='word_1_86' title='bbox 341 1340 530 1399; x_wconf 87' lang='lat' dir='ltr'><strong>uione</strong></span> <span class='ocrx_word' id='word_1_87' title='bbox 592 1337 788 1399; x_wconf 88' lang='lat' dir='ltr'><strong>deleta</strong></span> <span class='ocrx_word' id='word_1_88' title='bbox 843 1346 1001 1417; x_wconf 91' lang='lat' dir='ltr'><strong>sunt,</strong></span> <span class='ocrx_word' id='word_1_89' title='bbox 1057 1340 1437 1417; x_wconf 87' lang='lat' dir='ltr'><strong>imperatoris</strong></span> <span class='ocrx_word' id='word_1_90' title='bbox 1485 1356 1586 1399; x_wconf 88' lang='lat' dir='ltr'><strong>res</strong></span> <span class='ocrx_word' id='word_1_91' title='bbox 1632 1356 1769 1399; x_wconf 91' lang='lat' dir='ltr'><strong>cum</strong></span> <span class='ocrx_word' id='word_1_92' title='bbox 1820 1341 1949 1399; x_wconf 90' lang='lat' dir='ltr'><strong>eius</strong></span> <span class='ocrx_word' id='word_1_93' title='bbox 1992 1340 2157 1399; x_wconf 88' lang='lat' dir='ltr'><strong>uitae</strong></span> <span class='ocrx_word' id='word_1_94' title='bbox 2204 1337 2376 1399; x_wconf 90' lang='lat' dir='ltr'><strong>libris</strong></span> <span class='ocrx_word' id='word_1_95' title='bbox 2424 1358 2671 1399; x_wconf 85' lang='lat' dir='ltr'><strong>concor·</strong></span> 
     </span>
     <span class='ocr_line' id='line_1_12' title="bbox 349 1434 2670 1517; baseline -0 -20"><span class='ocrx_word' id='word_1_96' title='bbox 349 1436 562 1497; x_wconf 88' lang='lat' dir='ltr'><strong>dantes</strong></span> <span class='ocrx_word' id='word_1_97' title='bbox 630 1434 1026 1517; x_wconf 84' lang='lat' dir='ltr'><strong>explicarent3</strong></span> <span class='ocrx_word' id='word_1_98' title='bbox 1101 1454 1238 1497; x_wconf 90' lang='lat' dir='ltr'><strong>nam</strong></span> <span class='ocrx_word' id='word_1_99' title='bbox 1304 1434 1680 1497; x_wconf 86' lang='lat' dir='ltr'><strong>Herodianus</strong></span> <span class='ocrx_word' id='word_1_100' title='bbox 1753 1436 2028 1515; x_wconf 87' lang='lat' dir='ltr'><strong>pluribus</strong></span> <span class='ocrx_word' id='word_1_101' title='bbox 2104 1445 2309 1497; x_wconf 86' lang='lat' dir='ltr'><strong>contra</strong></span> <span class='ocrx_word' id='word_1_102' title='bbox 2382 1435 2670 1516; x_wconf 88' lang='lat' dir='ltr'><strong>quosdam</strong></span> 
     </span>
     <span class='ocr_line' id='line_1_13' title="bbox 345 1533 2673 1613; baseline 0 -18"><span class='ocrx_word' id='word_1_103' title='bbox 345 1536 681 1613; x_wconf 82' lang='lat' dir='ltr'><strong>scriptores</strong></span> <span class='ocrx_word' id='word_1_104' title='bbox 748 1541 810 1593; x_wconf 90' lang='lat' dir='ltr'><strong>et</strong></span> <span class='ocrx_word' id='word_1_105' title='bbox 871 1543 1078 1613; x_wconf 87' lang='lat' dir='ltr'><strong>poetas</strong></span> <span class='ocrx_word' id='word_1_106' title='bbox 1145 1533 1461 1613; x_wconf 78' lang='lat' dir='ltr'><strong>declamat,</strong></span> <span class='ocrx_word' id='word_1_107' title='bbox 1528 1537 1633 1613; x_wconf 91' lang='lat' dir='ltr'><strong>qui</strong></span> <span class='ocrx_word' id='word_1_108' title='bbox 1698 1542 1905 1595; x_wconf 87' lang='lat' dir='ltr'><strong>contra</strong></span> <span class='ocrx_word' id='word_1_109' title='bbox 1964 1537 2282 1596; x_wconf 87' lang='lat' dir='ltr'><strong>ueritatem</strong></span> <span class='ocrx_word' id='word_1_110' title='bbox 2338 1536 2401 1595; x_wconf 88' lang='lat' dir='ltr'><strong>in</strong></span> <span class='ocrx_word' id='word_1_111' title='bbox 2458 1534 2673 1596; x_wconf 90' lang='lat' dir='ltr'><strong>Seueri</strong></span> 
     </span>
     <span class='ocr_line' id='line_1_14' title="bbox 345 1632 2673 1712; baseline 0 -19"><span class='ocrx_word' id='word_1_112' title='bbox 345 1634 606 1711; x_wconf 80' lang='lat' dir='ltr'><strong>gratiam</strong></span> <span class='ocrx_word' id='word_1_113' title='bbox 655 1650 756 1693; x_wconf 89' lang='lat' dir='ltr'><strong>res</strong></span> <span class='ocrx_word' id='word_1_114' title='bbox 805 1632 1236 1711; x_wconf 85' lang='lat' dir='ltr'><strong>descripserint</strong></span> <span class='ocrx_word' id='word_1_115' title='bbox 1274 1640 1334 1693; x_wconf 88' lang='lat' dir='ltr'><strong>et</strong></span> <span class='ocrx_word' id='word_1_116' title='bbox 1371 1634 1560 1712; x_wconf 90' lang='lat' dir='ltr'><strong>spatia</strong></span> <span class='ocrx_word' id='word_1_117' title='bbox 1598 1635 1885 1694; x_wconf 81' lang='lat' dir='ltr'><strong>itinerum</strong></span> <span class='ocrx_word' id='word_1_118' title='bbox 1926 1642 1987 1694; x_wconf 90' lang='lat' dir='ltr'><strong>et</strong></span> <span class='ocrx_word' id='word_1_119' title='bbox 2022 1635 2323 1694; x_wconf 84' lang='lat' dir='ltr'><strong>orationes</strong></span> <span class='ocrx_word' id='word_1_120' title='bbox 2370 1644 2429 1694; x_wconf 90' lang='lat' dir='ltr'><strong>et</strong></span> <span class='ocrx_word' id='word_1_121' title='bbox 2475 1635 2673 1694; x_wconf 88' lang='lat' dir='ltr'><strong>omina</strong></span> 
     </span>
     <span class='ocr_line' id='line_1_15' title="bbox 341 1730 2671 1810; baseline 0.001 -19"><span class='ocrx_word' id='word_1_122' title='bbox 341 1731 594 1810; x_wconf 85' lang='lat' dir='ltr'><strong>imperii</strong></span> <span class='ocrx_word' id='word_1_123' title='bbox 654 1739 716 1791; x_wconf 90' lang='lat' dir='ltr'><strong>et</strong></span> <span class='ocrx_word' id='word_1_124' title='bbox 769 1748 998 1809; x_wconf 86' lang='lat' dir='ltr'><strong>pugnas</strong></span> <span class='ocrx_word' id='word_1_125' title='bbox 1053 1730 1431 1809; x_wconf 86' lang='lat' dir='ltr'><strong>militumque</strong></span> <span class='ocrx_word' id='word_1_126' title='bbox 1487 1732 1820 1791; x_wconf 84' lang='lat' dir='ltr'><strong>occisorum</strong></span> <span class='ocrx_word' id='word_1_127' title='bbox 1877 1748 2197 1793; x_wconf 86' lang='lat' dir='ltr'><strong>numerum</strong></span> <span class='ocrx_word' id='word_1_128' title='bbox 2248 1740 2671 1794; x_wconf 80' lang='lat' dir='ltr'><strong>enumerantes</strong></span> 
     </span>
     <span class='ocr_line' id='line_1_16' title="bbox 345 1827 2675 1908; baseline 0 -20"><span class='ocrx_word' id='word_1_129' title='bbox 345 1830 464 1903; x_wconf 87' lang='lat' dir='ltr'><strong>(II</strong></span> <span class='ocrx_word' id='word_1_130' title='bbox 502 1830 620 1905; x_wconf 84' lang='lat'><strong>15,</strong></span> <span class='ocrx_word' id='word_1_131' title='bbox 659 1830 760 1907; x_wconf 83' lang='lat'><strong>6),</strong></span> <span class='ocrx_word' id='word_1_132' title='bbox 831 1846 1055 1907; x_wconf 89' lang='lat' dir='ltr'><strong>eosque</strong></span> <span class='ocrx_word' id='word_1_133' title='bbox 1120 1827 1534 1907; x_wconf 88' lang='lat' dir='ltr'><strong>reprehendit,</strong></span> <span class='ocrx_word' id='word_1_134' title='bbox 1600 1831 1704 1908; x_wconf 88' lang='lat' dir='ltr'><strong>qui</strong></span> <span class='ocrx_word' id='word_1_135' title='bbox 1769 1827 1943 1890; x_wconf 90' lang='lat' dir='ltr'><strong>laude</strong></span> <span class='ocrx_word' id='word_1_136' title='bbox 2010 1828 2201 1890; x_wconf 90' lang='lat' dir='ltr'><strong>Clodii</strong></span> <span class='ocrx_word' id='word_1_137' title='bbox 2262 1828 2461 1890; x_wconf 83' lang='lat' dir='ltr'><strong>Albini</strong></span> <span class='ocrx_word' id='word_1_138' title='bbox 2524 1831 2675 1891; x_wconf 89' lang='lat' dir='ltr'><strong>uicti</strong></span> 
     </span>
     <span class='ocr_line' id='line_1_17' title="bbox 339 1924 2670 2006; baseline 0 -19"><span class='ocrx_word' id='word_1_139' title='bbox 339 1926 676 1987; x_wconf 79' lang='lat' dir='ltr'><strong>Aemilium</strong></span> <span class='ocrx_word' id='word_1_140' title='bbox 741 1924 990 1988; x_wconf 87' lang='lat' dir='ltr'><strong>Laetum</strong></span> <span class='ocrx_word' id='word_1_141' title='bbox 1055 1925 1448 2006; x_wconf 88' lang='lat' dir='ltr'><strong>spoliauerint</strong></span> <span class='ocrx_word' id='word_1_142' title='bbox 1514 1927 1659 2000; x_wconf 90' lang='lat' dir='ltr'><em>(III</em></span> <span class='ocrx_word' id='word_1_143' title='bbox 1700 1928 1765 2004; x_wconf 87' lang='lat'><strong>7,</strong></span> <span class='ocrx_word' id='word_1_144' title='bbox 1803 1928 1847 1987; x_wconf 87' lang='lat'><strong><em>3</em></strong></span> <span class='ocrx_word' id='word_1_145' title='bbox 1872 1946 1959 2003; x_wconf 75' lang='lat' dir='ltr'><strong>sq.</strong></span> <span class='ocrx_word' id='word_1_146' title='bbox 2016 1930 2144 1989; x_wconf 78' lang='lat' dir='ltr'><strong>uid.</strong></span> <span class='ocrx_word' id='word_1_147' title='bbox 2183 1929 2325 1988; x_wconf 82' lang='lat' dir='ltr'><strong>adn.</strong></span> <span class='ocrx_word' id='word_1_148' title='bbox 2364 1930 2453 1989; x_wconf 83' lang='lat' dir='ltr'><strong>ad</strong></span> <span class='ocrx_word' id='word_1_149' title='bbox 2506 1928 2670 1989; x_wconf 80' lang='lat' dir='ltr'><strong>Mar.</strong></span> 
     </span>
     <span class='ocr_line' id='line_1_18' title="bbox 341 2017 904 2108; baseline -0.007 -21"><span class='ocrx_word' id='word_1_150' title='bbox 341 2026 528 2087; x_wconf 76' lang='lat' dir='ltr'><strong>Max.</strong></span> <span class='ocrx_word' id='word_1_151' title='bbox 561 2025 650 2101; x_wconf 85' lang='lat' dir='ltr'><strong>fr.</strong></span> <span class='ocrx_word' id='word_1_152' title='bbox 701 2017 904 2108; x_wconf 81' lang='lat'><strong>24).¹)</strong></span> 
     </span>
    </p>
   </div>
   <div class='ocr_carea' id='block_1_4' title="bbox 887 2254 2145 2329">
    <p class='ocr_par' dir='ltr' id='par_1_4' title="bbox 887 2254 2145 2329">
     <span class='ocr_line' id='line_1_19' title="bbox 887 2254 2145 2329; baseline 0.002 -2"><span class='ocrx_word' id='word_1_153' title='bbox 887 2254 982 2327; x_wconf 88' lang='lat' dir='ltr'><strong>M.</strong></span> <span class='ocrx_word' id='word_1_154' title='bbox 1039 2255 1532 2329; x_wconf 82' lang='lat' dir='ltr'><strong>ANTONIVS</strong></span> <span class='ocrx_word' id='word_1_155' title='bbox 1591 2255 2145 2329; x_wconf 81' lang='lat' dir='ltr'><strong>GORDIANVS</strong></span> 
     </span>
    </p>
   </div>
   <div class='ocr_carea' id='block_1_5' title="bbox 955 2392 2080 2463">
    <p class='ocr_par' dir='ltr' id='par_1_5' title="bbox 955 2392 2080 2463">
     <span class='ocr_line' id='line_1_20' title="bbox 955 2392 2080 2463; baseline 0 -18"><span class='ocrx_word' id='word_1_156' title='bbox 955 2392 1180 2461; x_wconf 85' lang='lat' dir='ltr'><strong>(senior,</strong></span> <span class='ocrx_word' id='word_1_157' title='bbox 1217 2395 1387 2447; x_wconf 72' lang='lat' dir='ltr'><strong>natus</strong></span> <span class='ocrx_word' id='word_1_158' title='bbox 1427 2398 1548 2459; x_wconf 83' lang='lat'><strong>159,</strong></span> <span class='ocrx_word' id='word_1_159' title='bbox 1585 2394 1899 2461; x_wconf 76' lang='lat' dir='ltr'><strong>imperator</strong></span> <span class='ocrx_word' id='word_1_160' title='bbox 1936 2394 2080 2463; x_wconf 83' lang='lat'>288.)</span> 
     </span>
    </p>
   </div>
   <div class='ocr_carea' id='block_1_6' title="bbox 337 2536 2682 3507">
    <p class='ocr_par' dir='ltr' id='par_1_6' title="bbox 337 2536 2682 3507">
     <span class='ocr_line' id='line_1_21' title="bbox 535 2536 2674 2621; baseline 0.001 -20"><span class='ocrx_word' id='word_1_161' title='bbox 535 2540 649 2601; x_wconf 88' lang='lat' dir='ltr'><strong>Hic</strong></span> <span class='ocrx_word' id='word_1_162' title='bbox 696 2548 1011 2620; x_wconf 85' lang='lat' dir='ltr'><strong>postquam</strong></span> <span class='ocrx_word' id='word_1_163' title='bbox 1061 2536 1406 2621; x_wconf 80' lang='lat' dir='ltr'><strong>‘puerulus&#39;</strong></span> <span class='ocrx_word' id='word_1_164' title='bbox 1448 2540 1730 2603; x_wconf 87' lang='lat' dir='ltr'><strong>uersibus</strong></span> <span class='ocrx_word' id='word_1_165' title='bbox 1778 2540 2069 2603; x_wconf 77' lang='lat' dir='ltr'><strong>faciendis</strong></span> <span class='ocrx_word' id='word_1_166' title='bbox 2115 2541 2484 2621; x_wconf 87' lang='lat' dir='ltr'><strong>Ciceronem,</strong></span> <span class='ocrx_word' id='word_1_167' title='bbox 2532 2542 2674 2603; x_wconf 84' lang='lat' dir='ltr'><strong>Ver·</strong></span> 
     </span>
     <span class='ocr_line' id='line_1_22' title="bbox 338 2636 2674 2720; baseline 0.001 -22"><span class='ocrx_word' id='word_1_168' title='bbox 338 2638 596 2720; x_wconf 83' lang='lat' dir='ltr'><strong>gilium,</strong></span> <span class='ocrx_word' id='word_1_169' title='bbox 646 2638 901 2699; x_wconf 83' lang='lat' dir='ltr'><strong>Statium</strong></span> <span class='ocrx_word' id='word_1_170' title='bbox 949 2638 1279 2701; x_wconf 85' lang='lat' dir='ltr'><strong>aemulatus</strong></span> <span class='ocrx_word' id='word_1_171' title='bbox 1334 2642 1398 2700; x_wconf 89' lang='lat' dir='ltr'><strong>in</strong></span> <span class='ocrx_word' id='word_1_172' title='bbox 1445 2639 1683 2700; x_wconf 89' lang='lat' dir='ltr'><strong>laudem</strong></span> <span class='ocrx_word' id='word_1_173' title='bbox 1731 2639 2013 2701; x_wconf 76' lang='lat' dir='ltr'><strong>Antonini</strong></span> <span class='ocrx_word' id='word_1_174' title='bbox 2058 2640 2151 2700; x_wconf 90' lang='lat' dir='ltr'><strong>Pii</strong></span> <span class='ocrx_word' id='word_1_175' title='bbox 2198 2648 2259 2700; x_wconf 88' lang='lat' dir='ltr'><strong>et</strong></span> <span class='ocrx_word' id='word_1_176' title='bbox 2302 2638 2488 2701; x_wconf 87' lang='lat' dir='ltr'><strong>Marci</strong></span> <span class='ocrx_word' id='word_1_177' title='bbox 2534 2636 2674 2701; x_wconf 67' lang='lat' dir='ltr'><strong>‘An-</strong></span> 
     </span>
     <span class='ocr_line' id='line_1_23' title="bbox 337 2732 2674 2818; baseline 0 -19"><span class='ocrx_word' id='word_1_178' title='bbox 337 2732 761 2799; x_wconf 84' lang='lat' dir='ltr'><strong>toniniadem&#39;</strong></span> <span class='ocrx_word' id='word_1_179' title='bbox 806 2740 1158 2817; x_wconf 89' lang='lat' dir='ltr'><strong>composuit,</strong></span> <span class='ocrx_word' id='word_1_180' title='bbox 1196 2733 1499 2799; x_wconf 81' lang='lat' dir='ltr'><strong>‘uersibus</strong></span> <span class='ocrx_word' id='word_1_181' title='bbox 1544 2736 1957 2799; x_wconf 86' lang='lat' dir='ltr'><strong>disertissimis</strong></span> <span class='ocrx_word' id='word_1_182' title='bbox 1996 2737 2167 2798; x_wconf 87' lang='lat' dir='ltr'><strong>libris</strong></span> <span class='ocrx_word' id='word_1_183' title='bbox 2203 2739 2450 2818; x_wconf 83' lang='lat' dir='ltr'><strong>triginta</strong></span> <span class='ocrx_word' id='word_1_184' title='bbox 2487 2742 2674 2799; x_wconf 87' lang='lat' dir='ltr'><strong>uitam</strong></span> 
     </span>
     <span class='ocr_line' id='line_1_24' title="bbox 339 2833 2673 2915; baseline 0 -19"><span class='ocrx_word' id='word_1_185' title='bbox 339 2834 600 2897; x_wconf 90' lang='lat' dir='ltr'><strong>illorum</strong></span> <span class='ocrx_word' id='word_1_186' title='bbox 648 2843 708 2895; x_wconf 90' lang='lat' dir='ltr'><strong>et</strong></span> <span class='ocrx_word' id='word_1_187' title='bbox 756 2833 907 2896; x_wconf 90' lang='lat' dir='ltr'><strong>bella</strong></span> <span class='ocrx_word' id='word_1_188' title='bbox 957 2842 1018 2896; x_wconf 92' lang='lat' dir='ltr'><strong>et</strong></span> <span class='ocrx_word' id='word_1_189' title='bbox 1063 2834 1300 2914; x_wconf 87' lang='lat' dir='ltr'><strong>publice</strong></span> <span class='ocrx_word' id='word_1_190' title='bbox 1348 2836 1753 2915; x_wconf 88' lang='lat' dir='ltr'><strong>priuatimque</strong></span> <span class='ocrx_word' id='word_1_191' title='bbox 1799 2843 1966 2915; x_wconf 81' lang='lat' dir='ltr'><strong>gesta</strong></span> <span class='ocrx_word' id='word_1_192' title='bbox 2003 2833 2411 2915; x_wconf 86' lang='lat' dir='ltr'><strong>perscribens&#39;</strong></span> <span class='ocrx_word' id='word_1_193' title='bbox 2452 2836 2673 2911; x_wconf 81' lang='lat' dir='ltr'><strong>(Gord.</strong></span> 
     </span>
     <span class='ocr_line' id='line_1_25' title="bbox 338 2928 2672 3013; baseline -0.001 -17"><span class='ocrx_word' id='word_1_194' title='bbox 338 2936 416 3011; x_wconf 87' lang='lat'><strong>3,</strong></span> <span class='ocrx_word' id='word_1_195' title='bbox 449 2934 544 3011; x_wconf 87' lang='lat'><strong>2),</strong></span> <span class='ocrx_word' id='word_1_196' title='bbox 581 2940 790 3011; x_wconf 88' lang='lat' dir='ltr'><strong>aetate,</strong></span> <span class='ocrx_word' id='word_1_197' title='bbox 828 2941 896 2993; x_wconf 91' lang='lat' dir='ltr'><strong>ut</strong></span> <span class='ocrx_word' id='word_1_198' title='bbox 929 2932 1188 3012; x_wconf 90' lang='lat' dir='ltr'><strong>uidetur,</strong></span> <span class='ocrx_word' id='word_1_199' title='bbox 1225 2940 1550 3012; x_wconf 88' lang='lat' dir='ltr'><strong>prouectus</strong></span> <span class='ocrx_word' id='word_1_200' title='bbox 1597 2928 1867 3013; x_wconf 82' lang='lat' dir='ltr'><strong>‘scripsit</strong></span> <span class='ocrx_word' id='word_1_201' title='bbox 1911 2931 2117 2995; x_wconf 89' lang='lat' dir='ltr'><strong>laudes</strong></span> <span class='ocrx_word' id='word_1_202' title='bbox 2166 2933 2357 2995; x_wconf 90' lang='lat' dir='ltr'><strong>soluta</strong></span> <span class='ocrx_word' id='word_1_203' title='bbox 2404 2936 2672 2994; x_wconf 88' lang='lat' dir='ltr'><strong>oratione</strong></span> 
     </span>
     <span class='ocr_line' id='line_1_26' title="bbox 339 3029 2674 3112; baseline -0.001 -18"><span class='ocrx_word' id='word_1_204' title='bbox 339 3033 628 3094; x_wconf 89' lang='lat' dir='ltr'><strong>omnium</strong></span> <span class='ocrx_word' id='word_1_205' title='bbox 674 3030 1134 3111; x_wconf 82' lang='lat' dir='ltr'><strong>Antoninorum,</strong></span> <span class='ocrx_word' id='word_1_206' title='bbox 1191 3031 1296 3112; x_wconf 90' lang='lat' dir='ltr'><strong>qui</strong></span> <span class='ocrx_word' id='word_1_207' title='bbox 1345 3039 1479 3093; x_wconf 83' lang='lat' dir='ltr'><strong>ante</strong></span> <span class='ocrx_word' id='word_1_208' title='bbox 1528 3050 1665 3093; x_wconf 89' lang='lat' dir='ltr'><strong>eum</strong></span> <span class='ocrx_word' id='word_1_209' title='bbox 1714 3029 1977 3093; x_wconf 79' lang='lat' dir='ltr'><strong>suerunt&#39;</strong></span> <span class='ocrx_word' id='word_1_210' title='bbox 2028 3034 2115 3111; x_wconf 80' lang='lat'><strong>(4,</strong></span> <span class='ocrx_word' id='word_1_211' title='bbox 2158 3033 2245 3111; x_wconf 86' lang='lat'><strong>7),</strong></span> <span class='ocrx_word' id='word_1_212' title='bbox 2294 3051 2445 3111; x_wconf 90' lang='lat' dir='ltr'><strong>quae</strong></span> <span class='ocrx_word' id='word_1_213' title='bbox 2491 3050 2674 3111; x_wconf 89' lang='lat' dir='ltr'><strong>opera</strong></span> 
     </span>
     <span class='ocr_line' id='line_1_27' title="bbox 337 3128 2673 3209; baseline -0.001 -17"><span class='ocrx_word' id='word_1_214' title='bbox 337 3140 566 3193; x_wconf 88' lang='lat' dir='ltr'><strong>utrum</strong></span> <span class='ocrx_word' id='word_1_215' title='bbox 623 3148 694 3189; x_wconf 85' lang='lat' dir='ltr'><strong>ex</strong></span> <span class='ocrx_word' id='word_1_216' title='bbox 751 3148 960 3190; x_wconf 89' lang='lat' dir='ltr'><strong>eorum</strong></span> <span class='ocrx_word' id='word_1_217' title='bbox 1015 3132 1402 3191; x_wconf 87' lang='lat' dir='ltr'><strong>ueneratione</strong></span> <span class='ocrx_word' id='word_1_218' title='bbox 1459 3138 1588 3191; x_wconf 88' lang='lat' dir='ltr'><strong>orta</strong></span> <span class='ocrx_word' id='word_1_219' title='bbox 1643 3131 1765 3191; x_wconf 91' lang='lat' dir='ltr'><strong>sint</strong></span> <span class='ocrx_word' id='word_1_220' title='bbox 1810 3128 2264 3209; x_wconf 89' lang='lat' dir='ltr'><strong>adulatoresque</strong></span> <span class='ocrx_word' id='word_1_221' title='bbox 2311 3128 2673 3205; x_wconf 85' lang='lat' dir='ltr'><strong>induxerint,</strong></span> 
     </span>
     <span class='ocr_line' id='line_1_28' title="bbox 337 3226 2675 3309; baseline -0.001 -18"><span class='ocrx_word' id='word_1_222' title='bbox 337 3237 426 3291; x_wconf 83' lang='lat' dir='ltr'><strong>ut</strong></span> <span class='ocrx_word' id='word_1_223' title='bbox 483 3226 816 3287; x_wconf 88' lang='lat' dir='ltr'><strong>Gordianos</strong></span> <span class='ocrx_word' id='word_1_224' title='bbox 873 3229 1188 3289; x_wconf 82' lang='lat' dir='ltr'><strong>Antoninis</strong></span> <span class='ocrx_word' id='word_1_225' title='bbox 1242 3230 1611 3309; x_wconf 87' lang='lat' dir='ltr'><strong>insererent,</strong></span> <span class='ocrx_word' id='word_1_226' title='bbox 1669 3230 1840 3289; x_wconf 90' lang='lat' dir='ltr'><strong>cuius</strong></span> <span class='ocrx_word' id='word_1_227' title='bbox 1897 3228 2265 3289; x_wconf 81' lang='lat' dir='ltr'><strong>confusionis</strong></span> <span class='ocrx_word' id='word_1_228' title='bbox 2316 3230 2381 3289; x_wconf 89' lang='lat' dir='ltr'><strong>in</strong></span> <span class='ocrx_word' id='word_1_229' title='bbox 2426 3228 2675 3289; x_wconf 90' lang='lat' dir='ltr'><strong>historia</strong></span> 
     </span>
     <span class='ocr_line' id='line_1_29' title="bbox 339 3323 2674 3406; baseline -0.001 -17"><span class='ocrx_word' id='word_1_230' title='bbox 339 3330 623 3406; x_wconf 77' lang='lat' dir='ltr'><strong>Augusta</strong></span> <span class='ocrx_word' id='word_1_231' title='bbox 670 3323 858 3385; x_wconf 87' lang='lat' dir='ltr'><strong>multa</strong></span> <span class='ocrx_word' id='word_1_232' title='bbox 905 3325 1129 3386; x_wconf 89' lang='lat' dir='ltr'><strong>indicia</strong></span> <span class='ocrx_word' id='word_1_233' title='bbox 1177 3334 1427 3405; x_wconf 84' lang='lat' dir='ltr'><strong>exstant,</strong></span> <span class='ocrx_word' id='word_1_234' title='bbox 1475 3345 1550 3387; x_wconf 90' lang='lat' dir='ltr'><strong>an</strong></span> <span class='ocrx_word' id='word_1_235' title='bbox 1596 3328 1715 3387; x_wconf 90' lang='lat' dir='ltr'><strong>iam</strong></span> <span class='ocrx_word' id='word_1_236' title='bbox 1762 3327 1891 3406; x_wconf 90' lang='lat' dir='ltr'><strong>ipse</strong></span> <span class='ocrx_word' id='word_1_237' title='bbox 1939 3326 2055 3387; x_wconf 89' lang='lat' dir='ltr'><strong>tale</strong></span> <span class='ocrx_word' id='word_1_238' title='bbox 2104 3326 2247 3406; x_wconf 90' lang='lat' dir='ltr'><strong>quid</strong></span> <span class='ocrx_word' id='word_1_239' title='bbox 2294 3327 2674 3406; x_wconf 86' lang='lat' dir='ltr'><strong>spectauerit,</strong></span> 
     </span>
     <span class='ocr_line' id='line_1_30' title="bbox 339 3422 2682 3507; baseline -0.001 -20"><span class='ocrx_word' id='word_1_240' title='bbox 339 3428 420 3487; x_wconf 88' lang='lat' dir='ltr'><strong>in</strong></span> <span class='ocrx_word' id='word_1_241' title='bbox 471 3426 702 3485; x_wconf 88' lang='lat' dir='ltr'><strong>incerto</strong></span> <span class='ocrx_word' id='word_1_242' title='bbox 749 3422 1056 3507; x_wconf 81' lang='lat' dir='ltr'><strong>relinqu03</strong></span> <span class='ocrx_word' id='word_1_243' title='bbox 1108 3442 1304 3504; x_wconf 91' lang='lat' dir='ltr'><strong>neque</strong></span> <span class='ocrx_word' id='word_1_244' title='bbox 1352 3426 1513 3485; x_wconf 90' lang='lat' dir='ltr'><strong>enim</strong></span> <span class='ocrx_word' id='word_1_245' title='bbox 1558 3424 1677 3485; x_wconf 90' lang='lat' dir='ltr'><strong>huc</strong></span> <span class='ocrx_word' id='word_1_246' title='bbox 1722 3426 1987 3504; x_wconf 89' lang='lat' dir='ltr'><strong>pertinet</strong></span> <span class='ocrx_word' id='word_1_247' title='bbox 2024 3426 2420 3499; x_wconf 77' lang='lat' dir='ltr'><strong>(Geschichtl.</strong></span> <span class='ocrx_word' id='word_1_248' title='bbox 2461 3424 2599 3485; x_wconf 84' lang='lat' dir='ltr'><strong>Litt.</strong></span> <span class='ocrx_word' id='word_1_249' title='bbox 2639 3426 2682 3485; x_wconf 91' lang='grc' dir='ltr'><em>Ι</em></span> 
     </span>
    </p>
   </div>
   <div class='ocr_carea' id='block_1_7' title="bbox 323 3522 792 3604">
    <p class='ocr_par' dir='ltr' id='par_1_7' title="bbox 323 3522 792 3604">
     <span class='ocr_line' id='line_1_31' title="bbox 323 3522 792 3604; baseline -0.006 -20"><span class='ocrx_word' id='word_1_250' title='bbox 323 3544 410 3604; x_wconf 82' lang='lat' dir='ltr'><strong>p.</strong></span> <span class='ocrx_word' id='word_1_251' title='bbox 455 3522 592 3583; x_wconf 85' lang='lat'><strong>313</strong></span> <span class='ocrx_word' id='word_1_252' title='bbox 617 3524 792 3598; x_wconf 52' lang='lat' dir='ltr'><strong>sqq).</strong></span> 
     </span>
    </p>
   </div>
   <div class='ocr_carea' id='block_1_8' title="bbox 1278 3628 1761 3636">
    <p class='ocr_par' dir='ltr' id='par_1_8' title="bbox 1278 3628 1761 3636">
     <span class='ocr_line' id='line_1_32' title="bbox 1278 3628 1761 3636; baseline 0 1398"><span class='ocrx_word' id='word_1_253' title='bbox 1278 3628 1761 3636; x_wconf 95' lang='lat' dir='ltr'><strong> </strong></span> 
     </span>
    </p>
   </div>
   <div class='ocr_carea' id='block_1_9' title="bbox 1271 3787 1769 3863">
    <p class='ocr_par' dir='ltr' id='par_1_9' title="bbox 1271 3787 1769 3863">
     <span class='ocr_line' id='line_1_33' title="bbox 1271 3787 1769 3863; baseline 0 -2"><span class='ocrx_word' id='word_1_254' title='bbox 1271 3789 1367 3861; x_wconf 92' lang='lat' dir='ltr'><strong>M.</strong></span> <span class='ocrx_word' id='word_1_255' title='bbox 1423 3787 1769 3863; x_wconf 86' lang='lat' dir='ltr'><strong>FABIVS</strong></span> 
     </span>
    </p>
   </div>
   <div class='ocr_carea' id='block_1_10' title="bbox 342 3966 2674 4149">
    <p class='ocr_par' dir='ltr' id='par_1_10' title="bbox 342 3966 2674 4149">
     <span class='ocr_line' id='line_1_34' title="bbox 459 3966 2673 4048; baseline 0 -20"><span class='ocrx_word' id='word_1_256' title='bbox 459 4036 471 4048; x_wconf 48' lang='lat'>‚</span> <span class='ocrx_word' id='word_1_257' title='bbox 543 3967 696 4039; x_wconf 82' lang='lat' dir='ltr'><strong>Quia</strong></span> <span class='ocrx_word' id='word_1_258' title='bbox 751 3966 1050 4046; x_wconf 77' lang='lat' dir='ltr'><strong>Hyginum</strong></span> <span class='ocrx_word' id='word_1_259' title='bbox 1107 3966 1258 4028; x_wconf 90' lang='lat' dir='ltr'><strong>nihil</strong></span> <span class='ocrx_word' id='word_1_260' title='bbox 1313 3975 1685 4046; x_wconf 87' lang='lat' dir='ltr'><strong>compertum</strong></span> <span class='ocrx_word' id='word_1_261' title='bbox 1739 3966 2028 4027; x_wconf 89' lang='lat' dir='ltr'><strong>habemus</strong></span> <span class='ocrx_word' id='word_1_262' title='bbox 2082 3967 2201 4027; x_wconf 89' lang='lat' dir='ltr'><strong>nisi</strong></span> <span class='ocrx_word' id='word_1_263' title='bbox 2258 3973 2394 4027; x_wconf 90' lang='lat' dir='ltr'><strong>ante</strong></span> <span class='ocrx_word' id='word_1_264' title='bbox 2449 3984 2673 4028; x_wconf 87' lang='lat' dir='ltr'><strong>annum</strong></span> 
     </span>
     <span class='ocr_line' id='line_1_35' title="bbox 342 4059 2674 4149; baseline -0.002 -19"><span class='ocrx_word' id='word_1_265' title='bbox 342 4063 490 4131; x_wconf 79' lang='lat'><strong>207</strong></span> <span class='ocrx_word' id='word_1_266' title='bbox 545 4066 944 4127; x_wconf 85' lang='lat' dir='ltr'><strong>astronomica</strong></span> <span class='ocrx_word' id='word_1_267' title='bbox 999 4066 1407 4144; x_wconf 87' lang='lat' dir='ltr'><strong>composuisse</strong></span> <span class='ocrx_word' id='word_1_268' title='bbox 1423 4059 1502 4149; x_wconf 74' lang='lat'><strong>²),</strong></span> <span class='ocrx_word' id='word_1_269' title='bbox 1559 4067 1741 4125; x_wconf 88' lang='lat' dir='ltr'><strong>etiam</strong></span> <span class='ocrx_word' id='word_1_270' title='bbox 1797 4073 1959 4126; x_wconf 90' lang='lat' dir='ltr'><strong>aetas</strong></span> <span class='ocrx_word' id='word_1_271' title='bbox 2012 4064 2086 4126; x_wconf 82' lang='lat' dir='ltr'><strong>M.</strong></span> <span class='ocrx_word' id='word_1_272' title='bbox 2124 4062 2319 4142; x_wconf 87' lang='lat' dir='ltr'><strong>Fabii,</strong></span> <span class='ocrx_word' id='word_1_273' title='bbox 2374 4063 2450 4125; x_wconf 88' lang='lat' dir='ltr'><strong>ad</strong></span> <span class='ocrx_word' id='word_1_274' title='bbox 2494 4082 2674 4145; x_wconf 88' lang='lat' dir='ltr'><strong>quem</strong></span> 
     </span>
    </p>
   </div>
   <div class='ocr_carea' id='block_1_11' title="bbox 342 4217 2674 4450">
    <p class='ocr_par' dir='ltr' id='par_1_11' title="bbox 342 4217 2674 4450">
     <span class='ocr_line' id='line_1_36' title="bbox 546 4217 2674 4289; baseline 0 -16"><span class='ocrx_word' id='word_1_275' title='bbox 546 4223 600 4289; x_wconf 90' lang='lat'><strong>1)</strong></span> <span class='ocrx_word' id='word_1_276' title='bbox 637 4219 702 4272; x_wconf 88' lang='lat' dir='ltr'><strong>In</strong></span> <span class='ocrx_word' id='word_1_277' title='bbox 739 4218 1073 4289; x_wconf 68' lang='lat' dir='ltr'><strong>fragmentis</strong></span> <span class='ocrx_word' id='word_1_278' title='bbox 1111 4218 1356 4273; x_wconf 80' lang='lat' dir='ltr'><strong>adnexui</strong></span> <span class='ocrx_word' id='word_1_279' title='bbox 1391 4217 1663 4273; x_wconf 85' lang='lat' dir='ltr'><strong>Aelium</strong></span> <span class='ocrx_word' id='word_1_280' title='bbox 1700 4218 2003 4272; x_wconf 77' lang='lat' dir='ltr'><strong>Maurum</strong></span> <span class='ocrx_word' id='word_1_281' title='bbox 2052 4217 2244 4273; x_wconf 86' lang='lat' dir='ltr'><strong>Seueri</strong></span> <span class='ocrx_word' id='word_1_282' title='bbox 2280 4217 2565 4286; x_wconf 73' lang='lat' dir='ltr'><strong>libertum,</strong></span> <span class='ocrx_word' id='word_1_283' title='bbox 2603 4217 2674 4273; x_wconf 90' lang='lat' dir='ltr'><strong>de</strong></span> 
     </span>
     <span class='ocr_line' id='line_1_37' title="bbox 342 4298 1900 4375; baseline -0.003 -18"><span class='ocrx_word' id='word_1_284' title='bbox 342 4318 474 4375; x_wconf 81' lang='lat' dir='ltr'><strong>quo</strong></span> <span class='ocrx_word' id='word_1_285' title='bbox 509 4298 662 4355; x_wconf 86' lang='lat' dir='ltr'><strong>nihil</strong></span> <span class='ocrx_word' id='word_1_286' title='bbox 697 4302 923 4369; x_wconf 67' lang='lat' dir='ltr'><strong>praeter</strong></span> <span class='ocrx_word' id='word_1_287' title='bbox 955 4298 1144 4353; x_wconf 86' lang='lat' dir='ltr'><strong>locum</strong></span> <span class='ocrx_word' id='word_1_288' title='bbox 1181 4298 1522 4368; x_wconf 75' lang='lat' dir='ltr'><strong>exscriptum</strong></span> <span class='ocrx_word' id='word_1_289' title='bbox 1561 4300 1900 4369; x_wconf 75' lang='lat' dir='ltr'><strong>accepimus.</strong></span> 
     </span>
     <span class='ocr_line' id='line_1_38' title="bbox 546 4377 2671 4450; baseline 0.001 -17"><span class='ocrx_word' id='word_1_290' title='bbox 546 4382 599 4449; x_wconf 77' lang='lat'><strong>2)</strong></span> <span class='ocrx_word' id='word_1_291' title='bbox 637 4380 879 4434; x_wconf 80' lang='lat' dir='ltr'><strong>Bursian</strong></span> <span class='ocrx_word' id='word_1_292' title='bbox 909 4380 969 4433; x_wconf 90' lang='lat' dir='ltr'><strong>in</strong></span> <span class='ocrx_word' id='word_1_293' title='bbox 989 4377 1342 4435; x_wconf 84' lang='lat' dir='ltr'><strong>Fleckeiseni</strong></span> <span class='ocrx_word' id='word_1_294' title='bbox 1371 4396 1500 4434; x_wconf 77' lang='lat' dir='ltr'><strong>ann.</strong></span> <span class='ocrx_word' id='word_1_295' title='bbox 1523 4386 1590 4433; x_wconf 83' lang='grc'><strong>93</strong></span> <span class='ocrx_word' id='word_1_296' title='bbox 1617 4398 1674 4449; x_wconf 87' lang='lat' dir='ltr'><strong>p.</strong></span> <span class='ocrx_word' id='word_1_297' title='bbox 1698 4385 1798 4433; x_wconf 78' lang='lat'><strong>767</strong></span> <span class='ocrx_word' id='word_1_298' title='bbox 1822 4397 1903 4448; x_wconf 88' lang='lat' dir='ltr'><strong>sq.</strong></span> <span class='ocrx_word' id='word_1_299' title='bbox 1944 4379 2160 4434; x_wconf 79' lang='lat' dir='ltr'><strong>Schanz</strong></span> <span class='ocrx_word' id='word_1_300' title='bbox 2186 4377 2268 4433; x_wconf 81' lang='lat'><strong>11²</strong></span> <span class='ocrx_word' id='word_1_301' title='bbox 2288 4386 2315 4433; x_wconf 93' lang='lat'><strong>1</strong></span> <span class='ocrx_word' id='word_1_302' title='bbox 2347 4398 2401 4450; x_wconf 90' lang='lat' dir='ltr'><strong>p.</strong></span> <span class='ocrx_word' id='word_1_303' title='bbox 2424 4386 2526 4434; x_wconf 80' lang='lat'><strong>331</strong></span> <span class='ocrx_word' id='word_1_304' title='bbox 2549 4396 2671 4449; x_wconf 87' lang='lat' dir='ltr'><strong>sqq.</strong></span> 
     </span>
    </p>
   </div>
   <div class='ocr_carea' id='block_1_12' title="bbox 2107 4468 2245 4522">
    <p class='ocr_par' dir='ltr' id='par_1_12' title="bbox 2107 4468 2245 4522">
     <span class='ocr_line' id='line_1_39' title="bbox 2107 4468 2245 4522; baseline 0.007 -1"><span class='ocrx_word' id='word_1_305' title='bbox 2107 4468 2245 4522; x_wconf 78' lang='lat' dir='ltr'><strong>XII·</strong></span> 
     </span>
    </p>
   </div>
  </div>
 </body>
</html>
