3234 5034
533 340 617 403 28
1351 338 1669 395 CORNELI
1703 338 2011 393 NEPOTIS

530 510 648 569 tico
701 509 902 587 fratre,
950 528 1086 570 cum
1135 516 1340 570 contra
1387 508 1550 586 leges
1597 514 1923 586 contraque
1960 524 2191 567 morem
2228 508 2521 567 maiorum
2559 505 2845 566 tribunus

529 606 609 686 pl.
647 606 989 669 hominibus
1037 609 1242 669 accitis
1287 625 1398 687 per
1442 608 1570 667 uim
1607 608 1973 685 inauspicato
2014 606 2373 666 sententiam
2412 603 2485 665 de
2522 624 2593 665 eo
2632 603 2846 665 tulerit

530 705 894 785 multamque
932 706 1096 767 nullo
1133 704 1406 784 exemplo
1441 705 1801 783 irrogauerit
1834 702 2207 783 praedesque
2244 721 2383 764 eum
2420 702 2496 763 ob
2534 721 2663 763 eam
2705 720 2843 763 rem

531 802 673 864 dare
729 811 902 883 cogat
955 812 1080 881 aut,
1129 806 1182 864 si
1237 822 1356 864 non
1414 803 1537 881 det,
1599 804 1662 863 in
1716 801 1958 863 uincula
2014 801 2154 862 duci
2206 800 2433 879 iubeat,
2486 808 2554 861 ut
2608 818 2747 862 eum
2804 818 2839 861 a

528 901 788 981 collegae
848 904 914 963 ui
972 901 1418 982 prohiheamuS,
1481 908 1541 962 et
1606 900 1765 981 quod
1831 908 2035 962 contra
2092 899 2315 979 collega
2371 898 2709 980 postulauit,
2760 918 2838 959 ne

531 999 646 1061 sihi
704 1000 1146 1061 intercedamus
1155 1048 1172 1080 ‚
1239 1002 1556 1081 quominus
1619 1008 1829 1079 suapte
1892 1005 2183 1079 potestate
2238 1001 2329 1059 uti
2380 997 2583 1076 liceat,
2640 996 2712 1057 de
2766 1016 2839 1057 ea

532 1117 596 1159 re
644 1107 915 1161 nostrum
962 1102 1256 1161 sententia
1305 1100 1570 1159 omnium
1617 1116 1687 1159 ea
1734 1105 1851 1159 est:
1898 1100 1952 1157 si
1989 1097 2051 1157 L.
2080 1095 2395 1158 Cornelius
2434 1096 2632 1176 Scipio
2668 1096 2839 1156 Asia-

529 1198 684 1258 ticus
731 1196 991 1277 collegae
1039 1196 1326 1259 arbitratu
1372 1196 1627 1276 praedes
1673 1196 1850 1273 dabit,
1889 1196 2169 1275 collegae,
2206 1213 2282 1256 ne
2322 1214 2459 1256 eum
2496 1197 2557 1255 in
2594 1192 2837 1255 uincula

531 1294 725 1375 ducat,
773 1294 1241 1378 intercedemus3
1287 1298 1342 1356 si
1387 1297 1516 1356 eius
1563 1294 1855 1357 arbitratu
1900 1294 2155 1375 praedes
2202 1312 2323 1355 non
2371 1293 2556 1372 dabit,
2604 1294 2837 1372 quomi-

529 1412 644 1455 nus
699 1393 922 1473 collega
977 1413 1086 1455 sua
1141 1402 1431 1473 potestate
1487 1401 1715 1472 utatur,
1778 1412 1897 1454 non
1956 1388 2440 1454 intercedemus’.
2523 1390 2663 1451 Post
2716 1391 2837 1451 hoe

531 1491 862 1572 decretum,
929 1512 1065 1553 cum
1131 1494 1470 1571 Augurinus
1535 1491 1811 1552 tribunus
1877 1491 1940 1551 1..
1994 1491 2333 1570 Scipionem
2396 1489 2649 1569 praedes
2712 1508 2833 1550 non

529 1664 740 1731 Fama,
786 1681 951 1732 quam
996 1665 1184 1732 Nepos
1240 1665 1330 1718 hic
1373 1671 1587 1719 secutus
1631 1670 1733 1729 est,
1780 1663 2125 1733 disrupabat
2168 1680 2291 1717 eum
2331 1664 2549 1717 Valerio
2584 1661 2835 1729 Antium,

527 1736 688 1789 cuius
723 1751 992 1789 summam
1097 1740 1134 1789 8
1177 1736 1388 1790 Gellius
1421 1736 1634 1789 rettulit
1671 1734 1813 1803 (uid.
1841 1736 1913 1801 fr.
1946 1738 2018 1788 45
2054 1750 2097 1789 c.
2127 1736 2363 1801 adnot),
2390 1750 2552 1789 suam
2586 1740 2833 1788 ueterum

527 1806 823 1861 annalium
855 1823 964 1861 esse
991 1808 1011 1875 (
1117 1807 1244 1861 udis·
1272 1806 1653 1876 Quadriyarii,
1692 1813 1756 1860 ut
1790 1812 1965 1861 censet
1995 1807 2301 1861 Mommsen
2336 1804 2494 1859 Rom.
2526 1804 2749 1859 Forsch.
2778 1803 2837 1857 11

527 1896 580 1947 p.
610 1882 734 1943 419,
763 1880 891 1946 492)
927 1878 1266 1948 siqnificam.
1333 1878 1594 1933 Eandem
1640 1878 1819 1948 tetiqit
1857 1878 2041 1933 Oica-o
2078 1878 2143 1931 de
2174 1893 2336 1946 prou.
2374 1894 2518 1931 cons.
2550 1882 2604 1943 8,
2633 1880 2703 1931 18
2739 1877 2835 1929 An

529 1947 610 2001 Ti.
645 1946 928 2002 Gracchus
958 1981 1024 1989 —
1056 1950 1277 2003 tantam
1315 1948 1542 2003 laudem
1579 1952 1668 2003 est
1706 1948 1963 2018 adeptus,
1993 1948 2145 2030 quod
2173 1948 2433 2001 tribunus
2461 1946 2646 2017 plebis
2674 1946 2833 2001 solus

529 2035 596 2073 ex
633 2021 755 2074 toto
793 2019 892 2074 illo
933 2019 1172 2091 collegio
1207 2018 1269 2075 L.
1301 2018 1550 2102 Scipioni
1590 2018 1803 2075 auxilio
1840 2019 1969 2088 fuit,
2006 2018 2425 2074 inimicissimus
2463 2021 2522 2072 et
2556 2018 2733 2088 ipsius
2771 2022 2837 2072 et

527 2089 720 2145 fratris
757 2090 879 2145 eius
917 2091 1188 2154 Africani,
1235 2090 1558 2159 iuraultque
1595 2090 1657 2145 in
1694 2090 1955 2146 contione
1992 2107 2053 2146 se
2089 2090 2148 2144 in
2185 2091 2431 2160 gratiam
2466 2107 2581 2145 non
2614 2088 2835 2144 redisse

527 2161 627 2217 sed
674 2162 924 2217 alienum
970 2162 1082 2217 sibi
1126 2162 1309 2217 uideri
1357 2162 1639 2233 dignitate
1686 2162 1935 2233 imperii,
1981 2180 2093 2230 quo
2141 2164 2311 2217 duces
2357 2164 2547 2217 essent
2580 2160 2831 2217 hostium

530 2233 790 2303 Scipione
829 2233 1216 2305 triumphante
1255 2233 1426 2302 ducti,
1465 2234 1662 2289 eodem
1690 2233 1878 2305 ipsum
1906 2233 2055 2299 duci,
2085 2232 2183 2301 qui
2212 2232 2656 2303 triumphasset?
2709 2240 2833 2288 tum

527 2306 644 2376 ipse
694 2306 902 2361 Liuius
951 2309 1014 2360 in
1065 2324 1131 2361 ea
1171 2312 1334 2376 parte
1383 2308 1730 2361 narrationis
1777 2307 1945 2361 huius
2003 2322 2229 2373 causae,
2283 2323 2449 2375 quam
2498 2305 2835 2360 Valesw‘anae

527 2378 854 2446 interposuit
893 2382 1008 2445 (38,
1039 2382 1129 2443 55,
1159 2380 1398 2445 8-57),·
1447 2378 1517 2444 ef.
1547 2394 1591 2433 c.
1622 2382 1709 2445 56,
1738 2382 1777 2431 8
1794 2394 1871 2447 sq.
1916 2376 2005 2431 illi
2055 2380 2313 2431 auctores
2360 2376 2633 2445 sequendi
2678 2381 2833 2443 sunt,

528 2446 653 2516 qui,
690 2464 814 2503 cum
853 2448 912 2501 L.
946 2448 1135 2519 Scipio
1175 2452 1232 2503 et
1269 2454 1565 2503 accusatus
1604 2452 1664 2503 et
1710 2448 2011 2503 damnatus
2060 2448 2137 2503 sit
2181 2447 2455 2518 pecuniae
2504 2451 2704 2517 captae
2752 2447 2833 2501 ab

526 2518 1346 2645 Eigssassfigssssssfflsinaffiffia
1363 2519 1562 2646 .ξῖἓὲῗὲ
1591 2518 1923 2661 ’ῗέἒξέἓὲῗ
1942 2520 2425 2647 ἔέἓὲξῗέεοἭ.
2447 2518 2833 2645 Psszffltt

527 2680 655 2717 cum
683 2679 718 2715 a.
747 2665 914 2731 porta
938 2666 1094 2719 recta.
1123 2662 1196 2717 ad
1225 2661 1410 2717 forum
1439 2679 1499 2717 se
1529 2661 1877 2728 contulisset,
1905 2662 2053 2731 quod
2086 2662 2149 2717 in
2174 2661 2407 2717 uincula
2434 2661 2563 2717 duci
2592 2634 2831 2716 fratreni

526 2732 738 2788 dictum
780 2736 919 2799 erat,
955 2732 1267 2805 reppulisse
1306 2750 1340 2788 a,
1377 2750 1608 2803 corpore
1638 2732 1759 2788 eius
1784 2734 2063 2789 uiatorem
2093 2736 2153 2788 et
2178 2732 2421 2788 tribunis
2449 2732 2831 2788 retinentibus

526 2803 1066 2931 3352?ssssssssss
1091 2804 1360 2931 nfflssffif
1403 2805 1543 2929 iffi.
1559 2804 1777 2931 {5²³3ssss
1814 2821 1958 2931 {m}
1988 2810 2080 2929 {1⁷5
2110 2804 2421 2949 ῗέἕὲηῗὲιῖἳ
2458 2821 2833 2945 ἒέἳὲιῗὲεέἲιζ

527 2964 602 3001 an
639 2919 808 3002 uerae
843 2894 980 3003 infe
1015 2947 1308 3017 opiniones
1347 2895 1464 3002 sliat
1499 2894 1830 3015 Gracchunli,
1869 2964 1993 3003 cum
2032 2947 2093 3002 L.
2134 2946 2325 3017 Scipio
2360 2949 2421 3002 in
2460 2946 2689 3002 uincula,
2724 2947 2830 3001 du·

527 3021 747 3072 ceretur
782 3034 886 3072 nec
923 3019 1223 3087 quisquam
1261 3019 1605 3089 collegarum
1644 3018 1855 3073 auxilio
1894 3021 2059 3087 esset,
2096 3018 2313 3073 iurasse
2352 3017 2461 3073 sibi
2496 3016 2831 3072 inimicitias

527 3106 655 3144 cum
711 3089 1091 3171 Scipionibus,
1143 3106 1288 3159 quae
1343 3088 1605 3155 fuissent,
1660 3094 1887 3144 manere
1940 3107 2043 3145 nec
2099 3106 2158 3144 se
2204 3088 2424 3161 gratiae
2470 3090 2831 3158 quaerendae

527 3177 700 3215 causa
736 3178 1042 3229 quicquam
1087 3160 1298 3229 facere,
1351 3162 1452 3216 sed
1497 3161 1554 3215 in
1603 3178 1771 3231 quem
1817 3178 2098 3217 carcerem
2143 3178 2304 3232 reges
2352 3165 2411 3217 et
2455 3162 2829 3230 imperatores

525 3232 774 3287 hostium
812 3233 1110 3287 ducentem
1147 3232 1387 3288 uidisset
1421 3233 1480 3287 P.
1511 3232 1857 3301 Africanum,
1894 3232 1953 3286 in
1992 3250 2119 3287 eum
2157 3250 2217 3287 se
2258 3232 2491 3287 fratrem
2528 3233 2647 3287 eius
2694 3232 2833 3287 duci

526 3321 638 3358 non
675 3320 988 3375 passurum.
1051 3305 1206 3359 Idem
1241 3304 1446 3359 dictum
1485 3306 1629 3359 redit
1664 3307 1726 3358 in
1760 3307 1918 3372 fama
1966 3306 2270 3359 Valeriana
2304 3306 2381 3359 ad
2418 3304 2485 3358 L.
2518 3304 2831 3373 Scipionem

525 3376 758 3431 relatum
777 3392 820 3429 c.
843 3380 934 3441 60,
955 3380 1094 3444 5⁸4,
1111 3383 1298 3443 postea
1316 3376 1470 3445 apud
1489 3378 1699 3445 Δωροῖ.
1722 3380 1813 3441 19,
1833 3381 1883 3429 3.
1923 3378 2063 3431 Aur.
2089 3376 2226 3432 Vict.
2247 3378 2314 3431 de
2340 3378 2449 3431 uir.
2470 3378 2549 3431 ill.
2562 3380 2647 3431 53.
2662 3380 2831 3431 57.-

530 3447 772 3502 Oeterum
818 3446 1032 3502 decreta
1075 3448 1146 3501 ab
1200 3448 1495 3501 annalium
1539 3450 1799 3515 scriptore
1846 3448 2123 3503 rhetorum
2172 3466 2315 3503 more
2364 3449 2496 3514 ficta
2542 3454 2699 3513 sunt,
2756 3450 2830 3515 cf.

529 3518 838 3573 Mommsen
875 3520 909 3573 1.
937 3536 979 3573 s.
1009 3520 1087 3572 II
1117 3523 1240 3573 419.
1271 3522 1383 3572 492
1417 3525 1470 3573 et
1504 3521 1727 3573 omnino
1764 3520 1831 3573 de
1864 3520 1969 3575 hae
2002 3536 2175 3575 causa
2218 3521 2336 3574 eius
2380 3521 2833 3602 commentar-im

411 3613 418 3634 ·
518 3607 578 3659 p.
610 3593 934 3645 417—510.
992 3590 1187 3663 Etiam
1227 3590 1358 3661 ‘duo
1406 3590 1695 3661 ατεηῳῐτϋ,
1730 3608 1872 3659 quae
1916 3592 1993 3645 ad
2028 3590 2255 3645 eandem
2293 3608 2521 3645 causam
2552 3598 2833 3659 pertinent

405 3708 412 3720 .
526 3667 580 3715 et
613 3678 754 3729 quae
798 3662 864 3715 de
909 3662 1088 3716 eodem
1125 3660 1410 3729 Africano.
1447 3663 1711 3717 narrauit
1751 3658 1963 3716 Gellius
1997 3663 2099 3716 IV
2128 3666 2221 3728 18,
2256 3679 2333 3733 2³2..
2360 3663 2429 3728 N
2522 3668 2571 3717 te
2604 3670 2833 3731 sumpta

527 3748 635 3803 ogs-se
662 3722 1046 3805 recte-Nissen·
1063 3729 1300 3798 Quellen
1329 3733 1427 3785 des
1457 3731 1649 3787 Livius
1684 3750 1738 3803 p.
1761 3730 1865 3786 ΞΗ
1886 3751 1967 3801 sq.
1998 3735 2422 3789 animaduertit.-
2498 3733 2649 3803 cipio
2678 3732 2831 3786 Afri-

528 3800 718 3857 canus'
739 3796 1045 3871 'antiquior
1100 3807 1314 3872 quanta.
1367 3802 1644 3858 uirtutum
1697 3802 1882 3874 gloria
1935 3803 2286 3874 praestiterit
2334 3807 2392 3859 et
2436 3820 2607 3872 quam
2653 3804 2835 3861 fuerit

527 3874 676 3929 altus
715 3873 892 3930 animi
929 3878 1100 3944 atque
1137 3875 1469 3945 magnificus
1507 3878 1565 3929 et
1601 3893 1716 3943 qua.
1752 3874 1840 3930 sui
1868 3875 2216 3930 conscientia.
2242 3875 2529 3941 subnixus,
2567 3875 2835 3946 plurimis

525 3944 708 4010 rebus,
747 3962 893 4016 quae
931 3946 1077 4002 dixit
1113 3962 1370 4015 quaeque
1406 3946 1558 4015 fecit,
1605 3946 1955 4001 declaratum
1998 3950 2099 4001 est.
2167 3964 2235 4001 ex
2272 3947 2478 4016 quibus
2514 3950 2650 4001 sunt
2684 3946 2837 4003 haec

521 4018 639 4088 ‚duo
677 4017 934 4089 exempla
971 4018 1091 4091 eius
1137 4017 1377 4079 fiduciae
1424 4018 1661 4086 (eadem
1706 4020 1915 4087 fiducia
1961 4018 2159 4073 animi’
2201 4019 2333 4073 Diu.
2366 4022 2458 4084 38,
2486 4022 2575 4084 55,
2605 4023 2702 4085 13)
2743 4022 2834 4074 at—

525 4106 634 4157 que
672 4088 1073 4160 exuperantiae
1112 4086 1384 4159 ingentis:
1489 4106 1498 4115 ’

709 4262 762 4319 1.
789 4258 1234 4427 ⁴Iti-ibunuasdom.
1261 4257 1514 4333 P(am’s.)
1628 4260 1685 4317 2.
1732 4279 1790 4334 p.
1819 4258 1857 4317 l.
1895 4259 2024 4317 PR
2068 4257 2134 4317 P.
2164 4256 2229 4317 L.
2270 4255 2510 4332 V(atic.)
2626 4258 2741 4319 deo
2786 4262 2848 4321 V

614 4352 672 4407 4.
719 4351 788 4408 ut
865 4351 926 4407 et
970 4366 1034 4408 co
1119 4392 1132 4406 .

2876 1402 2943 1441 10
