3234 5034
1290 369 1721 426 MGOMACHV
1722 371 1759 426 S
2530 373 2652 437 151

361 557 494 600 rum
533 547 866 618 temporum
906 540 1178 618 scriptor,
1215 538 1596 600 Aurelianum
1624 558 1803 600 manu
1842 559 1949 600 sua
1985 539 2139 600 bello
2178 540 2502 603 Sarmatico
2540 559 2658 601 una

361 637 458 699 die
515 635 901 717 quadraginta
957 645 1017 699 et
1070 645 1204 699 octo
1258 638 1659 717 interfecisse,
1715 637 1988 717 plurimis
2044 647 2238 701 autem
2298 647 2358 700 et
2404 638 2657 701 diuersis

361 735 574 796 diebus
619 735 774 796 ultra
821 743 1150 815 nongentos
1196 737 1639 816 quinquaginta,
1687 735 1831 797 adeo
1877 745 1945 798 ut
1981 739 2157 798 etiam
2194 736 2449 799 ballistia
2484 739 2657 818 pueri

359 842 418 894 et
465 832 911 896 saltatiunculas
956 837 1019 894 in
1066 833 1445 895 Aurelianum
1493 833 1642 896 tales
1690 845 2132 912 componerent,
2184 837 2400 916 quibus
2447 835 2656 898 diebus

305 954 330 994 5
361 932 530 994 festis
577 931 916 994 militariter
963 933 1317 994 saltitarent:

539 1029 697 1092 Mille
743 1031 904 1092 mille
951 1030 1114 1093 mille
1163 1030 1600 1093 decollauimuS.

538 1147 695 1189 unus
739 1127 942 1190 homo!
989 1128 1150 1190 mille
1201 1129 1639 1190 decollauimuS.

537 1227 697 1288 mille
741 1229 910 1288 uiuat
955 1229 1058 1308 qui
1102 1226 1266 1289 mille
1311 1227 1543 1289 occidit.

537 1333 765 1386 tantum
811 1327 939 1386 uini
985 1344 1159 1387 nemo
1205 1325 1382 1387 babet
1426 1335 1713 1406 quantum
1760 1326 1913 1388 fudit
1958 1329 2279 1406 sanguinis

274 1449 329 1488 ιο
357 1423 506 1484 baec
568 1421 744 1485 uideo
810 1441 944 1484 esse
1005 1422 1354 1504 perfriuola,
1411 1423 1516 1486 sed
1571 1427 1708 1505 quia
1766 1445 1945 1505 supra
2001 1428 2259 1506 scriptus
2314 1435 2519 1488 auctor
2572 1430 2654 1488 ita

356 1521 566 1582 eadem
620 1529 688 1582 ut
741 1530 883 1582 sunt
936 1521 1166 1600 Latina,
1223 1524 1348 1584 suis
1404 1524 1645 1603 scriptis
1700 1525 1980 1604 inseruit,
2036 1524 2279 1586 tacenda
2336 1543 2468 1586 esse
2534 1545 2649 1586 non

356 1619 604 1680 credidi.
676 1618 835 1680 idem
893 1619 1048 1700 apud
1102 1620 1536 1700 Mogontiacum
1593 1620 1868 1683 tribunus
1924 1621 2173 1702 legionis
2229 1631 2428 1684 sextae
2478 1621 2651 1684 Galli-

355 1737 538 1778 canae
585 1717 844 1778 Francos
889 1720 1215 1798 inruentes,
1263 1737 1398 1779 cum
1443 1728 1807 1800 uagarentur
1850 1740 1960 1801 per
2011 1729 2191 1782 totam
2239 1720 2507 1800 Galliam,
2564 1724 2653 1782 sic

354 1815 599 1895 adflixit,
653 1824 722 1877 ut
774 1823 1074 1877 trecentos
1131 1835 1200 1876 ex
1257 1816 1351 1878 his
1407 1826 1608 1898 captos
1666 1821 2055 1899 septingentis
2110 1821 2484 1900 interemptis
2540 1819 2650 1880 sub

269 1938 324 1980 ιε
353 1932 572 1976 corona
618 1913 972 1975 uendiderit.
1047 1913 1204 1975 unde
1250 1916 1468 1977 iterum
1517 1915 1588 1977 de
1638 1935 1707 1978 eo
1756 1917 1904 1978 sacta
1953 1925 2045 1979 est
2090 1916 2408 1979 cantilena:

533 2011 692 2073 Mille
758 2012 1080 2091 Sarmatae,
1145 2013 1305 2074 mille
1371 2013 1629 2075 Francos
1691 2015 1875 2076 semel
1941 2023 2001 2076 et
2064 2014 2250 2076 semel
2306 2015 2650 2097 occidimuS,

623 2111 786 2172 mille
831 2111 1047 2172 Persas
1092 2113 1450 2192 quaerimus„

1234 2359 1771 2436 NIOOMACHI

536 2515 602 2584 l.
663 2523 800 2600 γορ.
841 2523 992 2584 Aur.
1031 2523 1135 2600 26,
1165 2524 1209 2583 6
1251 2523 1518 2602 Denique
1560 2521 1987 2602 [Aurelianus]
2028 2525 2303 2604 fatigatus
2349 2546 2419 2588 ac
2462 2546 2647 2607 prope

349 2620 524 2682 malis
581 2620 778 2682 fessus
830 2619 1059 2682 litteras
1115 2619 1186 2681 ad
1235 2619 1552 2681 Zenobiam
1598 2623 1762 2683 misit
1811 2621 2168 2685 deditionem
2214 2624 2373 2685 illius
2417 2632 2647 2707 petens,

262 2734 320 2775 ao
349 2721 536 2780 uitam
573 2719 945 2799 promittens,
982 2737 1236 2799 quarum
1274 2716 1607 2798 exemplum
1647 2717 1863 2780 indidi:
1906 2716 2279 2783 ‘Aurelianus
2325 2725 2647 2802 imperator

347 2815 599 2878 Romani
654 2815 816 2878 orbis
872 2826 933 2878 et
987 2825 1259 2896 receptor
1314 2817 1562 2878 orientis
1610 2816 1903 2878 Zenobiae
1958 2821 2311 2900 ceterisque,
2359 2841 2505 2901 quos
2552 2841 2644 2882 so-

349 2917 534 2976 cietas
581 2922 746 2975 tenet
787 2913 1016 2976 bellica.
1093 2921 1301 2994 sponte
1341 2915 1535 2975 facere
1575 2913 1863 2976 debuistis
1900 2915 1979 2995 id,
2026 2916 2184 2996 quod
2230 2920 2379 2978 meis
2426 2918 2645 2982 litteris

349 3032 510 3074 nunc
554 3011 821 3074 iubetur:
878 3012 1234 3075 deditionem
1297 3015 1454 3074 enim
1502 3015 1803 3092 praecipio
1848 3016 2181 3094 inpunitate
2226 3017 2384 3077 uitae
2429 3035 2642 3097 propo-

349 3114 478 3192 sita,
526 3113 607 3172 ita
651 3120 719 3172 ut
764 3110 903 3191 illic,
950 3111 1224 3192 Zenobia,
1271 3130 1405 3172 cum
1455 3113 1572 3173 tuis
1619 3130 1758 3190 agas
1802 3114 2006 3193 ultam,
2051 3113 2154 3174 ubi
2193 3120 2251 3174 te
2290 3133 2362 3174 ex
2402 3123 2641 3176 senatus

259 3227 315 3268 25
347 3210 699 3290 amplissimi
736 3211 1028 3271 sententia
1066 3209 1471 3271 conlocauem.
1537 3228 1819 3290 gemmam,
1857 3229 2083 3290 aurum,
2123 3218 2451 3292 argentum,
2490 3214 2637 3274 seri-

349 3327 504 3388 cum,
537 3325 739 3389 equoS,
777 3307 1033 3369 camelos
1072 3309 1133 3368 ln
1172 3307 1501 3369 Romanum
1541 3311 1834 3370 aerarium
1888 3309 2222 3371 conferatis
2278 3309 2641 3390 Palmyrenis

346 3407 439 3466 ius
479 3424 655 3467 suum
694 3403 1073 3467 seruabitur?
1140 3405 1285 3481 (27)
1325 3405 1447 3466 Hac
1485 3405 1739 3486 epistula
1767 3415 2007 3487 accepta
2037 3407 2292 3469 Zenobia
2322 3407 2639 3488 superbius

344 3502 816 3584 insolentiusque
872 3505 1207 3583 rescripsit,
1263 3522 1440 3584 quam
1495 3506 1626 3565 eius
1684 3505 1917 3566 fortuna
1969 3506 2278 3587 poscebat,
2333 3506 2511 3568 credo
2567 3507 2639 3568 ad

343 3611 656 3664 terrorem.
729 3621 866 3664 nam
914 3604 1044 3664 eius
1091 3621 1326 3683 quoque
1372 3602 1660 3683 epistulae
1707 3603 2041 3684 exemplum
2089 3603 2305 3666 indidi:
2358 3601 2639 3668 ‘Zenobia

343 3837 706 3914 Theoclytus
733 3838 830 3898 uel
866 3837 1148 3898 Theocles
1181 3835 1435 3897 Gasaub.
1475 3834 1890 3913 caesarianus,
1930 3856 2135 3896 eorum
2169 3840 2351 3915 temp.
2382 3839 2639 3916 Madm‘y

346 3929 402 3986 3.
449 3929 594 3985 ueta.
639 3927 698 3984 P
719 3946 774 3987 a.
802 3946 849 3986 c.
1005 3930 1343 4005 nungentos
1389 3927 1448 3984 P
1656 3929 1713 3985 4.
1759 3925 1823 3985 in
1870 3944 1979 3986 om.
2008 3925 2067 3984 P
2218 3933 2639 4004 componerent

343 4017 480 4075 add.
511 4016 807 4091 Eynabius
845 4035 927 4076 cm
961 4017 1114 4075 tales
1153 4015 1506 4092 quibusdam
1551 4014 1757 4076 diebus
1802 4013 1885 4074 fi?
2067 4017 2123 4074 6.
2172 4017 2260 4076 bis
2296 4017 2460 4076 mille
2499 4019 2634 4078 add.

343 4107 400 4164 P
421 4123 570 4166 corr.
756 4108 810 4165 7.
859 4107 947 4166 bis
982 4106 1148 4164 mille
1184 4106 1321 4166 aad.
1351 4106 1407 4164 P
1428 4122 1574 4166 corr.
1601 4108 1873 4165 uirorum
1907 4107 2052 4166 doct.
2081 4108 2446 4166 coniecturas
2482 4127 2540 4166 u.
2568 4111 2637 4168 im·

343 4195 428 4254 ed.
455 4211 590 4255 mea
772 4197 872 4254 12.
918 4197 1282 4256 montiacum
1319 4195 1377 4254 P
1553 4196 1655 4254 15.
1700 4195 1773 4254 de
1819 4189 1917 4274 eo]
1955 4195 2064 4254 deo
2102 4195 2161 4252 P

522 4276 586 4364 l,
639 4285 738 4343 18.
785 4304 968 4362 prope
1005 4287 1217 4360 scripsi
1260 4303 1370 4361 pro
1407 4284 1466 4343 P
1622 4285 1723 4346 23.
1770 4286 1929 4344 enim
1966 4303 2073 4345 om,
2102 4277 2189 4344 Pl
2363 4288 2463 4344 29.
2511 4287 2631 4344 iam

345 4373 628 4436 Oberdick
