3234 5034
1087 319 1146 374 Τ.
1184 319 1606 376 POMPONTVS
1648 319 1953 375 ATTICVS
2469 345 2664 392 xxvn

353 489 540 550 simili
589 491 817 550 ratione
864 497 1150 550 uteretur.
1233 489 1416 550 altero
1465 496 1663 550 autem
1711 488 1839 550 loco
1888 507 2024 550 cum
2068 491 2261 570 ipsius
2307 491 2486 579 Attici
2532 510 2667 571 per-

355 607 500 648 sona
547 587 636 648 illi
683 590 1127 667 coniunguntur
1165 584 1286 662 (‘et
1325 591 1565 650 Atticus
1599 591 1819 649 scribit
1854 595 1915 648 et
1950 605 2061 649 nos
2098 593 2161 649 in
2202 594 2473 666 antiquis
2509 608 2669 652 com-

353 691 677 748 mentariis
715 684 1130 766 invenimus')‚
1168 685 1372 765 quales
1419 706 1452 748 a
1499 704 1562 746 se
1609 687 1913 765 inspectos
1961 705 2093 747 esse
2141 705 2462 767 nusquam,
2510 688 2669 768 quod

353 788 570 864 sciam,
628 785 836 846 Cicero
895 784 1054 846 dicit.
1127 786 1326 865 itaque
1384 786 1496 846 etsi
1553 803 1618 844 se
1673 785 1981 845 inuenisse
2038 791 2317 867 testatur,
2366 795 2561 847 tamen
2610 795 2671 848 et

353 883 468 946 hoc
516 886 924 946 testimonium
971 884 1044 944 ad
1091 883 1268 944 Attici
1307 885 1719 945 auctoritatem
1760 883 1955 943 redire
1994 885 2124 944 ueri
2164 891 2257 945 est
2298 884 2667 946 simillimum

355 992 418 1044 et
471 985 674 1063 priore
731 983 858 1044 loco
915 991 1190 1044 ueterum
1245 983 1807 1042 commentariorum
1864 983 2167 1043 mentione
2223 981 2429 1044 eadem
2485 985 2667 1062 signi-

357 1075 656 1166 fleatur.¹)

541 1178 658 1240 Sed
705 1182 886 1240 etiam
931 1179 1064 1240 aliis
1111 1179 1280 1239 Bruti
1326 1178 1490 1256 lociS,
1538 1180 1897 1258 praesertim
1944 1177 2162 1258 quibus
2220 1179 2471 1259 diligens
2518 1187 2667 1240 tem-

355 1297 572 1358 porum
621 1281 842 1339 notatio
891 1277 1182 1339 redundat
1194 1271 1266 1362 ²),
1313 1277 1489 1338 Attici
1547 1279 1857 1338 materiam
1906 1275 2153 1338 subesse
2201 1286 2668 1340 consentaneum

355 1371 536 1460 est3),
583 1376 751 1437 uelut
796 1372 898 1454 20,
933 1371 1042 1437 78:
1101 1378 1254 1437 Nam
1301 1378 1420 1438 hoc
1467 1374 1554 1453 [C.
1597 1375 1860 1454 Sulpicio
1908 1374 2098 1454 Gallo]
2140 1385 2441 1454 praetore
2493 1379 2671 1439 ludos

360 1477 635 1552 Apollini
691 1475 989 1552 faciente,
1046 1493 1183 1536 cum
1247 1474 1537 1551 Thyesten
1596 1474 1877 1551 fabulam
1943 1477 2245 1536 docuisset
2318 1476 2382 1547 Q.
2426 1475 2669 1537 Marcio

367 1576 473 1634 Cn.
507 1575 774 1635 Seruilio
813 1591 960 1634 coss.
991 1581 1240 1634 mortem
1287 1575 1437 1634 obiit
1475 1575 1729 1633 Ennius.
1798 1569 1901 1650 27,
1934 1567 2093 1632 106:
2144 1573 2208 1633 L.
2242 1576 2383 1636 Piso
2421 1576 2560 1635 trib.
2578 1578 2667 1650 pl.

358 1676 554 1748 leyem
587 1676 832 1748 primus
879 1674 954 1732 de
991 1675 1276 1748 pecuniis
1330 1673 1685 1748 repetundis
1732 1673 2059 1732 Censorino
2112 1679 2169 1732 et
2214 1673 2473 1733 Manilio
2522 1691 2669 1733 coss.

361 1775 502 1831 tulit
539 1805 626 1814 —
665 1779 725 1830 et
770 1772 1006 1831 iudicia
1039 1771 1276 1846 populi,
1323 1772 1540 1844 quibus
1587 1771 1811 1829 aderat
1865 1770 2089 1845 Carbo,
2138 1773 2260 1830 iam
2307 1775 2505 1845 maqis
2549 1787 2669 1846 pa-

363 1878 608 1930 tronum
657 1870 1092 1930 desiderabant
1129 1869 1352 1928 tabella
1391 1869 1558 1942 data,
1609 1885 1791 1942 quam
1827 1870 2019 1942 leyem
2058 1869 2125 1928 L.
2158 1869 2401 1930 Cassius
2438 1869 2669 1944 Lepido

363 1977 423 2028 et
454 1969 752 2029 Mancino
779 1985 928 2028 coss.
959 1970 1111 2028 tulit.
1179 1961 1284 2044 28,
1319 1960 1446 2025 109
1493 1967 1639 2026 Fuit
1675 1970 1835 2026 enim
1875 1965 1957 2025 M.
1988 1965 2220 2042 Lepido
2257 1975 2317 2026 et
2353 1967 2420 2027 L.
2460 1965 2673 2027 Oreste

363 2083 514 2126 coss.
555 2072 842 2141 quaestor
895 2067 1230 2139 Gracchus,
1291 2065 1574 2126 tribunus
1631 2065 1899 2138 Pennus,
1962 2067 2125 2124 illius
2187 2065 2268 2124 M.
2309 2068 2503 2140 filius,
2566 2069 2675 2140 qui

365 2181 502 2224 cum
560 2165 624 2236 Q.
665 2165 836 2225 Aelio
883 2167 1098 2224 consul
1134 2156 1342 2244 fuist)

389 2270 470 2277 ...-

741 2269 848 2277 ——

551 2319 602 2382 1)
639 2317 838 2386 Itaque
878 2316 989 2370 Leo
1030 2317 1218 2372 Plaut.
1250 2317 1472 2372 Forsch.
1495 2335 1554 2388 p.
1588 2321 1662 2371 57
1689 2333 1765 2386 sq.
1801 2319 1859 2370 et
1898 2316 2151 2370 Atticum
2189 2333 2291 2370 sua
2327 2331 2393 2370 ex
2423 2316 2675 2370 Varrone

366 2397 664 2466 repetiisse
701 2401 759 2451 et
795 2397 1120 2452 Ciceronem
1158 2396 1255 2449 nix
1290 2399 1441 2450 recte
1480 2395 1701 2450 dixerit.

548 2479 602 2548 ⁸2)
641 2477 720 2533 Cf.
753 2483 837 2543 19,
868 2483 936 2531 74
983 2479 1140 2532 Haec
1185 2479 1234 2531 si
1279 2479 1463 2531 minus
1514 2484 1650 2545 apta
1694 2477 1957 2532 uidentur
2002 2477 2131 2531 huic
2174 2479 2436 2544 sermoni,
2478 2477 2674 2544 Brute,

368 2559 554 2614 Attico
582 2559 838 2630 adsiyna,
867 2557 964 2626 qui
990 2575 1072 2612 me
1099 2559 1475 2626 inflammauit
1508 2557 1695 2612 studio
1733 2558 2051 2612 inlustrium
2086 2557 2367 2612 bantinum
2395 2563 2597 2612 aetates
2624 2563 2676 2612 et

367 2646 608 2708 tempora
647 2639 1025 2708 persequendi.
1093 2637 1220 2708 Ego
1265 2655 1420 2703 πονο,
1471 2637 1655 2706 inquit
1702 2637 1943 2704 Brutus,
1991 2642 2042 2691 et
2086 2638 2314 2692 delector
2360 2638 2468 2692 ista
2514 2639 2677 2706 quasi

369 2721 649 2774 notatione
677 2727 980 2788 temporum
1008 2723 1058 2772 et
1085 2718 1161 2770 ad
1188 2719 1265 2783 id,
1295 2719 1440 2786 quod
1467 2718 1779 2784 instituisti,
1808 2724 2087 2772 oratorum
2114 2735 2314 2788 yenera
2341 2719 2675 2788 distinquere

369 2799 658 2864 aetatibus,
695 2802 860 2854 istam
897 2799 1242 2869 diliyentiam
1279 2815 1388 2853 esse
1425 2797 1885 2853 accommodatam.
1918 2805 2068 2867 puto.

550 2885 604 2949 3)
643 2879 717 2934 M.
756 2879 1083 2947 Naumann,
1129 2880 1217 2932 De
1260 2880 1509 2945 fontibus
1555 2885 1606 2932 et
1651 2879 1757 2944 fide
1796 2880 1971 2933 Bruti
2009 2879 2117 2933 Cic.
2157 2877 2323 2949 (Dies.
2354 2876 2480 2932 Hal.
2514 2881 2674 2947 1883)

323 3031 332 3038 ’
550 3044 606 3110 4)
641 3041 906 3094 Muenzer
941 3038 978 3094 1.
1011 3057 1052 3093 s.
1083 3057 1136 3109 p.
1163 3045 1231 3094 80
1252 3057 1372 3109 sqq.
1403 3038 1576 3093 etiam
1605 3038 1768 3093 Bruti
1805 3055 1850 3094 c.
1885 3045 1933 3105 7,
1954 3043 2022 3092 28
2064 3037 2240 3092 Attici
2268 3038 2491 3094 annalis
2520 3038 2671 3108 frag-

369 3123 564 3176 menta
601 3123 790 3190 auget,
829 3119 930 3174 nbi
967 3119 1157 3174 Cicero
1197 3123 1482 3175 oratorum
1513 3118 1942 3173 Atheniensium
1980 3118 2311 3174 memoriam
2347 3118 2669 3189 perlustrat,

371 3219 484 3270 qua
530 3201 590 3256 in
637 3201 775 3255 urbe
826 3199 1092 3270 ‘primum
1145 3199 1602 3254 monumentis
1660 3203 1727 3252 et
1779 3198 2048 3254 litteris
2105 3199 2285 3253 oratio
2336 3203 2423 3253 est
2475 3203 2677 3269 coepta

369 3282 674 3348 mandari’,
703 3285 876 3350 atque
903 3283 1206 3351 postquam
1235 3279 1610 3347 Pisistratum,
1633 3279 1910 3345 Solonem,
1932 3278 2277 3333 Clisthenem
2306 3279 2675 3346 enumerauit,

371 3379 512 3431 quos
545 3361 783 3431 ‘opinio’
825 3364 974 3416 esset
1011 3360 1250 3414 multum
1287 3359 1534 3414 ualuisse
1575 3360 1832 3426 dicende,
1871 3359 2057 3415 addit:
2100 3361 2232 3415 Post
2266 3363 2410 3414 hanc
2447 3367 2675 3414 aetatem

372 3445 584 3513 aliquot
619 3444 806 3508 annis,
841 3449 905 3496 ut
939 3459 1008 3496 ex
1043 3443 1300 3498 Atticis
1337 3443 1777 3496 monumentis
1804 3449 1983 3510 potest
2000 3442 2261 3510 perspici,
2298 3441 2678 3496 Themistocles

370 3525 500 3592 fuit,
536 3540 694 3594 quem
729 3528 942 3578 constat
977 3539 1101 3576 cum
1131 3523 1434 3590 prudentia
1473 3529 1588 3576 tum
1626 3523 1790 3577 etiam
1827 3523 2135 3591 eloquentia
2152 3521 2491 3590 praestitisse
2500 3542 2522 3586 ;
2551 3527 2677 3589 post

377 3605 609 3658 Pericles
647 3611 697 3657 et
732 3619 780 3672 q.
809 3621 871 3670 3.,
909 3601 1006 3656 ubi
1047 3601 1309 3658 Muenzer
1356 3601 1661 3656 multorum
1709 3600 1963 3655 codicum
2002 3600 2337 3671 scripturam
2365 3602 2543 3656 Attici
2580 3600 2676 3656 de-

373 3683 570 3738 fendit.
651 3686 711 3736 at
755 3682 1010 3737 Atticum
1057 3683 1277 3736 duabus
1323 3681 1698 3752 paragraphis
1746 3684 1915 3735 antea
1962 3680 2367 3750 appellauerat,
2414 3685 2535 3735 tum
2572 3697 2678 3736 nec

375 3763 496 3819 eius
553 3762 776 3818 annalis
833 3761 1166 3833 simpliciter
1222 3761 1335 3815 dici
1390 3761 1579 3832 potuit
1624 3769 1975 3816 monumenta
2026 3777 2129 3814 nec
2176 3760 2442 3831 coniungi
2487 3779 2554 3816 ex
2598 3764 2677 3817 eis

368 3861 524 3915 posse
551 3845 816 3914 perspici,
852 3859 986 3898 nam
1025 3842 1073 3896 si
1114 3841 1536 3898 ‘monumentis‘
1576 3841 1969 3912 significantur
2004 3841 2163 3910 libri,
2202 3841 2283 3895 eis
2322 3845 2535 3896 certam
2574 3841 2677 3896 ali-

377 3943 546 3994 quam
581 3923 910 3979 memoriam
947 3922 1252 3994 propagari
1299 3921 1508 3977 dicitur
1544 3922 1761 3992 (itaque
1796 3922 1949 3976 haud
1988 3939 2115 3976 raro
2162 3922 2535 3977 ‘monumenta
2572 3923 2675 3977 ali-

377 4007 535 4061 cuius
569 4006 652 4060 rei
688 4006 884 4060 litteris
907 4005 1182 4059 mandata
1207 4005 1335 4059 esse’
1369 4003 1522 4073 apud
1551 4003 1871 4057 Ciceronem
1908 4001 2240 4072 inuenitur);
2282 4001 2524 4072 denique
2562 4005 2679 4072 opi-

382 4087 538 4140 nioni
575 4083 644 4139 de
691 4085 1016 4152 Pisistrato,
1065 4084 1293 4152 Solone,
1341 4083 1629 4139 Clisthene
1678 4091 2029 4139 monumenta
2075 4081 2267 4137 Cicero
2318 4083 2555 4153 opponit
2606 4083 2677 4137 de

381 4164 773 4220 Themistoclis
802 4164 1144 4234 eloquentia,
1167 4181 1379 4218 memor
1407 4181 1614 4230 eorum,
1644 4180 1791 4232 quae
1818 4164 1983 4218 modo
2014 4163 2330 4233 scripserat,
2360 4164 2677 4230 uerborum,

381 4246 784 4314 confirmatque
833 4262 902 4300 ea
949 4245 1184 4300 certiore
1223 4245 1584 4310 documento,
1622 4244 1660 4297 i.
1691 4261 1736 4298 e.
1768 4243 1986 4314 origine
2022 4244 2233 4311 Attica,
2272 4247 2335 4297 ut
2370 4243 2567 4298 redeat
2604 4243 2678 4296 ad

381 4325 652 4380 Periclem
691 4328 748 4380 et
783 4325 1191 4394 Thucydidem,
1229 4343 1370 4394 quos
1407 4341 1538 4378 uere
1576 4327 1824 4378 oratores
1860 4323 2035 4379 fuisse
2074 4328 2243 4379 antea
2280 4323 2517 4379 dixerat.
