3234 5034
669 357 794 422 138
1483 359 1679 414 AELII
1712 359 1899 415 IVNII
1934 358 2154 416 COR-DI

664 534 772 588 est.
846 546 984 588 nam
1031 546 1165 589 cum
1213 527 1465 607 quadam
1527 527 1622 588 die
1670 528 1889 589 factum
1938 531 2384 608 imperatorium
2432 529 2661 608 legeret
2704 535 2879 608 atque
2924 547 2953 587 a

661 626 1119 706 proconsulibus
1175 625 1554 707 Scipionibus
1610 629 1932 707 coepisset,
1989 627 2375 688 adclamatum
2429 635 2545 688 est:
2593 623 2786 688 ‘Nouo
2832 625 2954 687 Sci-

658 727 841 806 pioni,
887 743 1034 787 uero
1083 725 1366 805 Scipioni,
1415 724 1711 786 Gordiano
1756 723 2142 807 proconsuli.'

841 818 954 886 16.
1009 827 1190 886 Gord.
1232 825 1334 901 11,
1375 825 1412 885 1
1479 823 1761 903 Interest,
1816 832 1883 885 ut
1936 833 2179 887 senatus
2224 825 2586 905 consultum,
2640 843 2760 902 quo
2812 823 2952 884 Gor·

659 920 816 984 diani
865 925 1254 1003 imperatores
1301 921 1576 1003 appellati
1624 930 1765 985 sunt
1811 930 1872 984 et
1916 922 2271 985 Maximinus
2308 924 2523 1002 hostiS,
2564 923 2785 985 litteris
2822 941 2951 1003 pro-
3000 945 3020 981 ε

651 1029 928 1102 pagetur:
983 1021 1111 1082 Non
1169 1021 1434 1102 legitimo
1489 1021 1594 1083 sed
1652 1020 1878 1084 indicto
1935 1030 2179 1084 senatus
2230 1022 2325 1083 die
2372 1023 2581 1084 consul
2626 1025 2747 1083 iam
2796 1020 2951 1082 domi

653 1128 983 1182 conuentus
1040 1139 1175 1182 cum
1232 1119 1607 1200 praetoribus
1617 1167 1635 1199 ,
1683 1119 1977 1182 aedilibus
2025 1127 2085 1181 et
2129 1120 2391 1182 tribunis
2436 1120 2630 1202 plebis
2676 1123 2847 1182 uenit
2888 1121 2948 1180 in

650 1221 896 1280 curiam.
943 1218 1281 1299 praefectus
1326 1218 1480 1300 urbi,
1528 1223 1626 1280 cui
1675 1222 1879 1280 nescio
1927 1220 2071 1299 quid
2119 1219 2457 1281 redoluerat
2502 1227 2562 1280 et
2607 1222 2711 1299 qui
2759 1217 2948 1300 publi-

651 1335 750 1377 cas
808 1317 1037 1379 litteras
1084 1335 1201 1378 non
1259 1325 1585 1398 acceperat,
1635 1336 1667 1377 a
1716 1325 2016 1380 conuentu
2064 1335 2129 1378 se
2177 1317 2478 1380 abstinuit.
2555 1317 2661 1378 sed
2711 1317 2949 1397 profuit,

648 1435 787 1477 nam
833 1415 1042 1477 consul
1087 1423 1224 1477 ante
1263 1415 1466 1477 solitas
1505 1415 1985 1498 adclamationeS,
2023 1419 2371 1497 priusquam
2408 1415 2632 1495 aliquid
2670 1417 2733 1476 in
2770 1415 2948 1476 Maxi·
2976 1435 3022 1475 ιο

649 1517 878 1576 minum
934 1514 1188 1576 feliciter
1245 1514 1572 1595 diceretur,
1630 1518 1741 1576 ait:
1798 1513 2027 1576 ‘Patres
2084 1517 2437 1595 conscripti,
2485 1513 2768 1577 Gordiani
2817 1514 2947 1592 duo,

645 1621 817 1693 pater
862 1619 923 1674 et
970 1612 1147 1692 filiuS,
1193 1612 1366 1674 ambo
1405 1631 1477 1674 ex
1515 1612 1881 1692 consulibus„
1920 1632 2076 1675 unus
2113 1621 2319 1675 uester
2352 1631 2463 1693 pro
2500 1612 2764 1692 consule,
2802 1613 2950 1674 alter

645 1718 850 1773 uester
895 1710 1140 1792 legatus,
1188 1729 1399 1791 magno
1439 1711 1716 1774 Afrorum
1756 1711 2006 1774 consilio
2043 1715 2435 1793 imperatores
2472 1719 2611 1773 sunt
2652 1711 2944 1791 appellati.

645 1811 867 1888 gratias
902 1811 1086 1889 igitur
1123 1828 1364 1889 agamus
1403 1809 1833 1889 Thysdritanae
1872 1812 2187 1889 iuuentuti,
2226 1812 2445 1890 gratias
2474 1808 2945 1889 Carthaginiensi

643 1907 861 1988 populo
917 1926 1156 1989 semper
1211 1908 1453 1971 denoto:
1509 1908 1581 1970 ab
1640 1911 1865 1970 inmani
1910 1927 2020 1970 nos
2066 1907 2267 1986 belua,
2314 1907 2385 1970 ab
2432 1907 2533 1969 illa
2580 1908 2703 1969 fera
2750 1907 3017 1976 nimii-15

643 2013 948 2068 cauerunt.
1013 2005 1160 2087 quid
1206 2005 1411 2068 timide
1459 2005 1719 2068 auditis?
1773 2006 1918 2087 quid
1962 2005 2467 2088 circumspicitis?
2522 2005 2666 2086 quid
2704 2015 2941 2068 cuncta·

513 793 622 872 Q

515 883 616 932 991

643 2103 836 2166 mini?
899 2106 1010 2167 hoc
1067 2114 1160 2167 est
1208 2105 1368 2185 quod
1422 2123 1663 2186 semper
1706 2107 1973 2185 optastis.
2046 2105 2236 2166 hostis
2292 2111 2383 2167 est
2438 2103 2821 2166 Maximinus:
2886 2105 2943 2165 di

643 2203 876 2283 facient,
933 2212 1000 2265 ut
1059 2222 1192 2266 esse
1247 2207 1365 2265 iam
1423 2203 1670 2284 desinat,
1727 2211 1788 2264 et
1833 2202 2115 2265 Gordiani
2166 2205 2329 2265 senis
2378 2203 2721 2265 felicitatem
2768 2212 2942 2283 atque

643 2300 1034 2381 prudentiam,
1081 2304 1320 2363 iuuenis
1352 2304 1643 2364 uirtutem
1682 2310 1858 2382 atque
1899 2303 2290 2364 constantiam
2336 2302 2477 2364 laeti
2523 2299 2939 2382 experiamur?

640 2399 782 2462 Post
820 2400 968 2462 haec
1015 2400 1242 2462 litteras
1288 2399 1432 2494 legit
1473 2400 1907 2462 Gordianorum
1954 2399 2027 2462 ad
2075 2407 2347 2462 senatum
2392 2407 2453 2461 et
2498 2399 2571 2461 ad
2608 2417 2673 2460 se
2712 2401 2939 2461 missas,
2966 2427 3015 2467 ,ο

639 2505 784 2559 tunc
839 2497 1192 2561 adclamauit
1247 2507 1516 2560 senatus:
1573 2495 1669 2559 ‘Di
1723 2498 1897 2561 uobis
1953 2500 2189 2578 gratias.
2261 2496 2499 2560 liberati
2550 2496 2621 2559 ab
2670 2498 2939 2560 hostibus

641 2615 872 2658 sumus:
927 2599 978 2658 si
1035 2599 1274 2678 penitus
1329 2596 1671 2659 liberemur.
1755 2595 2137 2659 Maximinum
2184 2597 2415 2658 hostem
2464 2614 2671 2657 omnes
2718 2597 2939 2658 iudica·

639 2713 789 2756 mus
873 2694 1256 2758 Maximinum
1323 2715 1458 2758 cum
1524 2694 1647 2756 filio
1714 2696 1804 2757 dis
1872 2697 2081 2757 inferis
2147 2693 2528 2757 deuouemus.
2610 2693 2938 2756 Gordianos

639 2793 934 2873 Augustos
997 2794 1378 2874 appellamus.
1455 2794 1787 2857 Gordianos
1850 2795 2153 2874 principes
2218 2795 2611 2872 agnoscimus.
2684 2795 2937 2873 impera-

638 2900 802 2953 tores
848 2891 921 2953 de
968 2899 1178 2954 senatu
1226 2892 1284 2954 di
1325 2900 1701 2972 conseruent,
1740 2895 2131 2972 imperatores
2169 2890 2399 2953 nobiles
2436 2893 2699 2953 uictores
2736 2891 2935 2953 uidea-
2962 2917 3007 2957 ιε

638 3007 789 3070 muS,
836 2993 1226 3069 imperatores
1275 2999 1531 3071 nostros,
1557 2990 1739 3052 Roma
1784 2990 1999 3052 uideat.
2065 2990 2269 3051 hostes
2316 2988 2587 3069 publicos
2633 2993 2735 3069 qui
2782 2991 2934 3051 occi·

640 3087 821 3169 derit,
895 3091 1224 3169 praemium
1299 3086 1606 3151 meretur?
1691 3088 1846 3150 Dicit
1908 3089 2115 3151 lunius
2179 3087 2408 3150 Cordus
2472 3088 2630 3149 istud
2696 3096 2933 3150 senatus

639 3186 977 3250 consultum
1032 3188 1216 3250 fuisse
1272 3190 1542 3267 tacitum,
1599 3187 1757 3267 quod
1814 3186 1987 3267 quale
2044 3189 2121 3249 sit
2167 3195 2270 3248 aut
2314 3204 2497 3266 quare
2544 3188 2633 3247 sic
2680 3184 2932 3267 appella-

637 3293 782 3364 tum,
830 3284 1003 3347 breui
1051 3305 1338 3366 exponam
1387 3293 1446 3347 et
1483 3305 1538 3365 q.
1569 3305 1614 3348 s·

822 3377 936 3446 17.
999 3386 1180 3446 Gord.
1220 3385 1323 3461 19,
1362 3385 1404 3445 8
1477 3382 1706 3446 Cordus
1781 3384 1927 3445 dicit
1996 3401 2243 3444 uxorem
2318 3401 2454 3445 eum
2520 3382 2931 3460 [Gordianum
2956 3407 3005 3449 ω

637 3481 966 3560 iuniorem]
1012 3501 1334 3562 numquam
1382 3482 1602 3545 babere
1649 3482 1929 3544 uoluisse.

819 3574 934 3643 18.
989 3583 1171 3643 Gord.
1199 3582 1304 3658 21,
1333 3582 1378 3642 3
1422 3581 1581 3642 Haec
1630 3581 1703 3644 de
1740 3579 2033 3644 Gordiano
2080 3581 2313 3642 iuniore
2357 3579 2534 3659 dIgna
2570 3587 2930 3642 memoratus

637 3681 1062 3759 comperimus:
1127 3696 1244 3740 non
1310 3681 1472 3740 enim
1537 3679 1709 3740 nobis
1773 3678 1911 3741 talia
1976 3676 2224 3740 dicenda
2289 3686 2453 3758 sunt,
2508 3695 2661 3757 quae
2726 3677 2930 3739 Iunius

635 3829 795 3836 ——--

819 3923 874 3980 2.
921 3923 1129 4000 spione
1165 3915 1251 3980 P¹
1298 3922 1562 3999 scipione
1599 3915 1686 3980 1²²

820 4004 934 4077 16.
984 4016 1041 4071 4.
1089 4031 1208 4089 quo
1243 4029 1354 4072 om.
1372 4013 1430 4070 P
1469 4031 1602 4072 cum
1641 4011 1973 4086 Petschenig}
2152 4011 2209 4071 5.
2254 4013 2667 4089 propagentur
2701 4010 2760 4069 P

641 4103 740 4160 12.
787 4101 1082 4161 consubus
1118 4102 1176 4159 P
1199 4093 1402 4182 (prius
1446 4121 1490 4160 u
1524 4103 1592 4162 in
1635 4118 1756 4162 ras.
1794 4100 1999 4162 consib
2035 4091 2279 4180 Bamb.)
2439 4101 2537 4159 14.
2584 4097 2927 4175 tydritanae

635 4191 768 4250 Pa.
799 4209 845 4252 c.
1030 4192 1130 4250 18.
1177 4190 1450 4268 gordiani
1498 4208 1525 4250 s
1562 4185 1647 4249 P¹
1696 4190 1823 4251 onis
1859 4182 2114 4250 aad.1’¹
2304 4192 2404 4248 21.
2452 4189 2739 4249 clamauit
2772 4189 2831 4248 P

639 4281 738 4340 22.
788 4280 840 4339 si
877 4281 933 4337 P
973 4279 1058 4340 sic
1093 4281 1425 4339 Mommsen
1579 4281 1681 4338 23.
1730 4279 2081 4339 douocomus
2117 4279 2175 4338 P
2333 4281 2432 4338 27.
2478 4277 2640 4338 istud
2673 4295 2709 4346 ς
2747 4277 2927 4338 istutt

634 4361 724 4427 1²⁸
749 4372 816 4428 in
849 4387 969 4430 ras.
1109 4370 1209 4428 28.
1247 4370 1500 4429 tacitum
1529 4369 1666 4429 add.
1701 4361 1781 4426 Ρ3
1809 4389 1844 4437 ς
2030 4360 2147 4450 18,
2178 4369 2278 4428 33.
2318 4367 2579 4428 dicentes
2608 4385 2848 4444 unoque
2884 4367 2927 4426 P
