3234 5034
946 351 1044 406 DE
1082 350 1329 406 GENTE
1365 350 1632 406 POPVLI
1670 349 1961 406 ROMANI
2495 349 2598 414 21

294 537 431 581 nam
480 538 768 581 reuocare
814 527 1089 580 naturam
1134 520 1233 581 uel
1278 522 1408 600 ipse
1456 521 1648 600 potuit
1691 518 1792 579 uel
1839 526 2003 580 certe
2051 539 2084 578 a
2131 518 2270 579 loue
2313 537 2420 580 suo
2461 537 2600 598 rege

294 625 600 698 tamquam
647 616 926 679 caelicola
972 619 1246 679 nouicius
1293 619 1653 698 impetrauit.
1730 619 1874 697 quin
1923 619 2098 678 etiam
2141 616 2432 697 templum
2471 619 2601 678 eius

294 735 427 778 esse
485 719 653 778 aiunt
708 719 771 777 in
820 716 1017 777 insula
1060 716 1397 796 Diomeden,
1444 735 1565 777 non
1611 716 1785 795 longe
1834 736 1867 775 a
1912 723 2112 776 monte
2161 713 2449 795 GarganO,
2497 717 2600 796 qui

292 823 385 877 est
440 817 505 876 in
551 813 787 895 Apulia,
843 823 903 877 et
955 815 1070 876 hoc
1122 816 1413 895 templum
1470 814 1904 876 circumuolare
1960 821 2138 893 atque
2185 813 2446 874 incolere
2493 813 2600 874 has

237 933 261 974 ⁵
290 914 461 976 alites
506 923 629 976 tam
676 913 935 974 mirabili
978 913 1285 994 obsequio,
1332 921 1398 974 ut
1442 932 1657 993 aquam
1701 913 1990 992 impleant
2036 921 2096 973 et
2141 919 2484 993 aspergant3
2540 919 2601 972 et

288 1031 359 1073 eo
416 1013 471 1072 si
523 1010 735 1073 Graeci
785 1015 1065 1073 uenerint
1112 1012 1212 1073 uel
1264 1010 1626 1074 Graecorum
1677 1014 1864 1091 stirpe
1907 1012 2196 1092 prognati,
2245 1029 2362 1071 non
2406 1010 2596 1071 solum

288 1113 522 1192 quietas
570 1128 720 1189 esse,
768 1128 979 1172 uerum
1020 1118 1080 1172 et
1116 1113 1365 1191 insuper
1402 1109 1661 1191 adulare,
1699 1112 1753 1170 si
1789 1117 1988 1171 autem
2026 1109 2389 1189 alienigenas
2426 1108 2596 1170 uide-

288 1210 426 1289 rint,
476 1207 793 1270 subuolare
842 1208 915 1269 ad
963 1210 1155 1289 capita
1200 1217 1440 1289 tamque
1487 1208 1771 1288 grauibus
1819 1207 2056 1286 ictibuS,
2100 1215 2168 1269 ut
2214 1209 2394 1268 etiam
2436 1209 2594 1287 peri-

286 1315 471 1386 mant,
490 1305 829 1368 uulnerare.
868 1326 1005 1368 nam
1036 1307 1201 1369 duris
1232 1316 1290 1368 et
1320 1306 1643 1386 grandibus
1673 1308 1885 1368 rostris
1915 1307 2060 1367 satis
2090 1304 2164 1367 ad
2192 1305 2340 1366 haec
2366 1304 2595 1385 proelia

211 1427 263 1466 ιο
286 1405 684 1484 perhibentur
718 1413 997 1466 armatae.
1073 1408 1154 1480 (c.
1186 1407 1318 1480 17.)
1366 1405 1489 1465 Hoc
1520 1405 1703 1466 Varro
1739 1411 1806 1466 ut
1843 1404 2126 1484 adstruat,
2171 1410 2597 1464 commemorat

284 1503 398 1564 alia
446 1523 564 1565 non
610 1505 811 1565 minus
858 1504 1231 1565 incredibilia
1282 1504 1351 1564 de
1401 1503 1499 1564 illa
1544 1522 1715 1583 maga
1763 1504 2157 1564 famosissima
2195 1501 2386 1582 Circe,
2439 1521 2593 1582 quae

285 1605 479 1663 socios
527 1620 763 1682 quoque
803 1602 986 1663 Vlixis
1023 1604 1278 1664 mutauit
1314 1605 1377 1663 in
1414 1601 1654 1680 bestias,
1694 1609 1756 1663 et
1794 1601 1865 1662 de
1904 1600 2249 1680 ArcadibuS,
2288 1603 2391 1681 qui
2429 1607 2592 1662 sorte

286 1699 449 1761 ducti
504 1699 951 1762 transnatabant
1008 1699 1304 1780 quoddam
1370 1707 1644 1780 stagnum
1706 1707 1882 1780 atque
1945 1699 2030 1759 ibi
2090 1698 2594 1761 conuertebantur

283 1800 345 1859 in
382 1798 555 1878 lupos
596 1805 657 1859 et
692 1818 829 1860 cum
867 1798 1163 1860 similibus
1201 1799 1346 1860 feris
1383 1817 1495 1878 per
1528 1797 1692 1859 illius
1730 1799 1992 1877 regionis
2023 1797 2256 1858 deserta
2284 1796 2590 1859 uiuebant.

208 1917 257 1957 ιε
283 1900 337 1957 si
374 1905 572 1958 autem
610 1916 789 1958 carne
828 1916 947 1958 non
984 1905 1379 1958 uescerentur
1415 1897 1691 1975 humana,
1730 1915 1940 1957 rursus
1976 1903 2112 1976 post
2148 1915 2366 1957 nouem
2405 1914 2590 1957 annos

282 1995 491 2056 eodem
539 2003 807 2056 renatato
854 2005 1060 2074 stagno
1108 1994 1585 2056 reformabantur
1632 1997 1694 2055 in
1739 1995 2029 2056 homines.
2105 1994 2360 2075 denique
2409 1997 2590 2055 etiam

282 2095 630 2154 nominatim
678 2095 974 2174 expressit
1018 2093 1316 2173 quendam
1361 2093 1789 2154 Demaenetum
1836 2100 2106 2172 gustasse
2155 2091 2227 2154 de
2275 2093 2588 2178 sacrificio,

280 2191 439 2272 quod
483 2191 743 2253 Arcades
788 2191 1089 2253 immolato
1136 2211 1323 2272 puero
1374 2192 1483 2253 deo
1530 2210 1639 2252 suo
1678 2191 1905 2270 Lycaeo
1954 2193 2149 2252 facere
2197 2190 2476 2270 solerent,
2527 2200 2590 2253 et

282 2293 341 2350 in
396 2291 605 2371 lupum
659 2291 845 2351 fuisse
907 2298 1201 2352 mutatum
1258 2299 1319 2350 et
1374 2308 1528 2351 anno
1579 2289 1809 2351 decimo
1864 2292 1928 2350 in
1984 2289 2235 2369 figuram
2282 2291 2587 2371 propriam

204 2407 255 2447 20
280 2391 622 2451 restitutum
675 2388 1006 2470 pugilatum
1061 2407 1193 2449 sese
1252 2391 1592 2450 exercuisse
1655 2397 1716 2449 et
1771 2387 2115 2468 Olympiaco
2173 2389 2393 2449 uicisse
2457 2406 2585 2449 cer-

282 2489 519 2550 tamine.
590 2505 704 2550 nec
758 2485 919 2548 idem
971 2493 1221 2567 propter
1275 2485 1434 2548 aliud
1486 2486 1812 2566 arbitratur
1855 2487 2180 2548 historicus
2226 2487 2288 2547 in
2335 2485 2587 2548 Arcadia

282 2585 393 2647 tale
451 2604 671 2648 nomen
733 2584 1014 2647 adfictum
1071 2584 1220 2646 Pani
1278 2585 1505 2665 Lycaeo
1566 2593 1629 2646 et
1682 2584 1810 2645 Ioui
1858 2584 2112 2664 Lycaeo,
2169 2585 2287 2646 nisi
2339 2592 2588 2664 propter

278 2684 428 2746 hanc
488 2687 549 2746 in
608 2684 779 2764 lupos
837 2684 1148 2746 hominum
1208 2685 1624 2762 mutationem,
1687 2682 1846 2762 quod
1903 2701 2034 2745 eam
2089 2685 2208 2744 nisi
2260 2683 2326 2744 ui
2382 2681 2584 2746 diuina

280 2784 407 2844 fieri
453 2801 573 2846 non
610 2789 908 2862 putarent.
980 2781 1158 2861 lupus
1196 2782 1357 2842 enim
1397 2780 1623 2842 Graece
1662 2778 1863 2854 λύκος
1900 2780 2135 2861 dicitur,
2172 2779 2331 2841 unde
2370 2781 2584 2863 Lycaei

202 2899 251 2938 ιε»
281 2899 491 2944 nomen
558 2889 803 2961 apparet
862 2879 1168 2941 inflexum.
1273 2879 1568 2940 Romanos
1635 2882 1813 2941 etiam
1875 2879 2150 2958 lupercos
2212 2897 2284 2939 ex
2344 2878 2582 2941 illorum

280 2981 693 3058 mysteriorum
739 2978 929 3040 ueluti
975 2979 1203 3039 semine
1252 2978 1397 3039 dicit
1441 2986 1695 3039 exortos,

488 3075 557 3139 (c.
587 3074 701 3138 19.)
756 3070 839 3124 Eo
876 3072 1128 3140 tempore
1166 3072 1295 3139 post
1332 3071 1560 3138 captam
1597 3069 1826 3123 Troiam
1864 3071 2034 3138 atque
2074 3069 2321 3124 deletam
2359 3070 2579 3125 Aeneas

347 3167 471 3204 cum
498 3149 709 3220 uiginti
735 3151 980 3205 nauibus
1010 3182 1076 3190 —
1105 3151 1165 3204 in
1194 3149 1421 3204 Italiam
1448 3150 1626 3217 uenit,
1662 3151 1938 3221 regnante
1973 3149 2059 3204 ibi
2088 3149 2292 3203 Latino
2330 3153 2389 3203 et
2424 3149 2580 3220 apud

344 3231 717 3286 Athenienses
754 3229 1099 3296 MenestheO,
1140 3234 1278 3301 aput
1316 3229 1607 3299 Sicyonios
1645 3229 1976 3300 Polyphide.
2017 3239 2082 3270 ·—
2121 3231 2342 3283 mortuo
2375 3229 2579 3283 Latino

202 3326 253 3366 so
344 3312 608 3383 regnauit
634 3310 855 3366 Aeneas
882 3311 1065 3366 tribus
1104 3311 1283 3365 annis.
1314 3343 1382 3352 --
1421 3310 1532 3366 Sed
1559 3312 1810 3378 Aenean,
1849 3310 2136 3381 quoniam,
2178 3311 2404 3378 quando
2433 3326 2577 3364 mor-

342 3393 473 3446 tuus
520 3393 633 3459 est,
677 3407 791 3444 non
836 3391 1161 3461 conparuit,
1206 3390 1376 3445 deum
1422 3391 1532 3446 sibi
1578 3392 1835 3446 fecerunt
1880 3389 2084 3444 Latini.
2153 3390 2349 3444 Sabini
2404 3389 2578 3445 etiam

342 3489 533 3542 regem
578 3489 743 3528 suum
796 3472 1043 3542 primum
1090 3471 1361 3540 Sancum,
1408 3471 1555 3538 siue,
1601 3475 1670 3526 ut
1713 3471 1894 3541 aliqui
1930 3470 2248 3541 appellant,
2288 3469 2576 3539 Sanctum,

342 3553 686 3608 rettulerunt
718 3552 780 3606 in
808 3552 959 3608 deos.
991 3584 1057 3592 —
1087 3551 1162 3606 Et
1186 3553 1337 3608 hunc
1362 3553 1676 3624 [Codrum]
1705 3552 2076 3606 Athenienses
2104 3555 2378 3620 tauquam
2407 3551 2574 3606 deum

344 3631 743 3688 sacrificiorum
780 3631 991 3687 honore
1018 3632 1328 3687 coluerunt.
1385 3633 1597 3698 Quarto
1627 3633 1955 3687 Latinorum
1983 3647 2116 3702 rege
2144 3630 2324 3684 Siluio
2351 3632 2576 3686 Aeneae

204 3727 253 3768 ³5
344 3712 478 3779 filio,
514 3729 628 3768 non
666 3713 736 3766 de
774 3711 1006 3780 Creusa,
1054 3713 1126 3767 de
1162 3729 1276 3781 qua
1313 3713 1425 3768 fuit
1458 3713 1754 3779 Ascanius,
1798 3713 1896 3780 qui
1933 3713 2136 3766 tertius
2172 3710 2256 3764 ibi
2292 3712 2572 3782 regnauit,

345 3793 443 3848 sed
471 3793 543 3848 de
569 3792 809 3848 Lauinia
836 3793 1025 3848 Latini
1053 3791 1191 3861 filia,
1228 3810 1397 3864 quem
1432 3795 1758 3864 postumum
1787 3793 2007 3848 Aenea-s
2045 3792 2254 3847 dicitur
2287 3791 2573 3861 habuisse,

343 3873 699 3943 Assyriorum
736 3874 928 3929 autem
956 3872 1259 3929 vicensimo
1290 3877 1349 3928 et
1374 3890 1523 3929 nono
1553 3873 1706 3928 Oneo
1736 3875 1795 3928 et
1821 3873 2111 3927 Melantho
2140 3871 2572 3928 Atheniensium

450 4098 507 4155 6.
553 4098 859 4173 progeniti
894 4115 935 4156 a
1118 4097 1172 4154 7.
1222 4095 1463 4157 adolare
1508 4119 1543 4174 ρ
1563 4119 1611 4172 φ
1685 4095 1970 4156 aduolare
2017 4120 2056 4156 α
2075 4089 2142 4155 α’
2215 4097 2458 4155 auolare
2505 4089 2570 4156 a¹

408 4187 507 4245 13.
555 4185 897 4246 transibant
940 4185 1231 4246 Dombart
1274 4204 1405 4246 cwm
1450 4177 1515 4266 ρ’
1742 4187 1842 4245 16.
1888 4185 2302 4246 formabantur
2341 4205 2384 4260 9

282 4276 374 4331 17.
410 4294 547 4336 cum
583 4277 887 4352 gustasset
911 4275 1071 4350 wulq.
1219 4277 1319 4335 20.
1356 4275 1664 4354 pugillatu
1702 4277 1736 4334 b
1753 4295 1801 4350 p
1831 4274 1898 4349 (α
1925 4275 2114 4350 uulq.)
2251 4275 2354 4334 32.
2389 4293 2566 4335 xanc-

276 4365 401 4423 tum
437 4384 537 4439 91²
675 4364 783 4423 alii
828 4364 1075 4441 quidam
1109 4385 1159 4440 p
