3234 5034
562 334 815 380 Lxxmg
1064 313 1161 367 DE
1200 311 1666 367 SCRIPTORVM
1703 311 1890 366 VITIS
1927 311 2021 364 Er
2059 309 2374 365 SCRIPTIS

565 480 637 542 dc
695 482 853 560 ipso,
918 482 1181 560 auspicia
1238 482 1553 560 Ominaque
1611 498 1828 559 resque
1895 482 2295 552 enumerauit‚
2362 476 2602 558 ‘quibus
2668 481 2871 539 sutura

565 579 910 659 magnitudo
950 581 1077 641 eius
1119 587 1177 640 et
1214 588 1500 658 perpetua
1540 578 1794 638 felicitas
1833 579 2062 656 sperari
2091 577 2605 658 animaduertique
2633 571 2873 657 posset’

567 679 673 755 (cf.
704 681 844 739 adn.
876 682 963 739 ad
999 678 1083 755 fr.
1114 679 1173 739 2.
1204 679 1264 738 4.
1295 678 1397 738 10.
1428 679 1561 750 20).
1626 675 1964 736 accedimus
2020 674 2092 736 ad
2145 684 2269 736 tres
2317 677 2640 756 scriptores
2684 675 2870 736 Grae-

566 795 685 856 cos,
731 775 1130 855 Plutarchum,
1169 777 1515 854 Appianum,
1564 774 1836 835 Cassium
1872 773 2138 852 Dionem,
2187 776 2291 852 qui
2337 793 2696 855 quamquam
2741 776 2870 852 pri-

565 893 699 935 mus
748 873 977 935 duobus
1025 874 1171 934 locis
1221 872 1291 934 de
1330 875 1591 952 quinque
1634 874 1742 950 (fr.
1783 874 1841 932 6.
1885 874 1940 932 7.
1979 871 2038 932 8.
2081 873 2181 932 10.
2224 874 2356 950 15),
2404 872 2553 933 alter
2589 871 2872 932 omnibus

564 972 759 1033 tribus
807 974 939 1048 (10.
982 974 1081 1032 11.
1124 973 1236 1045 13)
1293 973 1750 1032 commentarios
1815 973 2023 1049 citant,
2091 977 2290 1030 tamen
2355 988 2456 1031 eos
2520 973 2683 1049 ipsos
2746 987 2873 1029 non

567 1071 844 1132 omnibus
892 1072 1283 1150 exscripsisse
1329 1069 1626 1130 uidentur.
1694 1087 1888 1148 neque
1936 1070 2096 1130 enim
2143 1068 2290 1129 illud
2337 1087 2476 1129 casu
2525 1067 2756 1145 accidit,
2799 1075 2876 1126 ut

566 1177 818 1248 uterque
867 1168 1077 1230 eodem
1124 1168 1252 1228 loco
1292 1169 1407 1245 (fr.
1450 1161 1564 1252 10)
1603 1166 1764 1228 idem
1813 1166 1885 1227 ad
1933 1184 2036 1228 eos
2082 1173 2451 1228 reuocarent.
2517 1174 2692 1245 atque
2731 1165 2871 1225 Plu-

568 1268 809 1328 tarchus
875 1267 1116 1346 quidem
1180 1268 1324 1346 quin
1388 1269 1449 1326 in
1512 1266 1761 1344 Augusti
1824 1267 1949 1326 uita
2014 1267 2474 1325 commentarios
2539 1266 2668 1324 eius
2729 1271 2874 1323 ante

568 1365 771 1427 oculos
817 1365 1110 1444 habuerit,
1154 1366 1255 1424 uix
1307 1363 1627 1442 dubitatur,
1673 1365 1734 1424 in
1783 1361 1951 1425 Bruti
1998 1371 2213 1439 tamen,
2261 1361 2584 1440 CiceroniS‚
2629 1362 2878 1422 Antonii

567 1466 658 1524 eis
702 1466 793 1524 uti
838 1481 957 1524 non
1003 1465 1197 1542 potuit
1242 1464 1362 1522 nisi
1406 1462 1505 1522 hic
1540 1461 1682 1540 illic,
1719 1469 1786 1522 ut
1824 1479 1976 1540 quae
2015 1479 2086 1522 ex
2126 1463 2212 1521 eis
2257 1462 2607 1521 nominatim
2645 1459 2876 1536 afferat,

570 1564 699 1623 siue
739 1565 863 1622 suis
911 1563 1208 1640 excerptis
1255 1563 1383 1621 siue
1431 1559 1643 1621 alienis
1692 1559 1909 1620 debere
1956 1558 2249 1638 uideatur,
2297 1557 2455 1638 quod
2505 1556 2745 1637 quidem
2795 1556 2874 1616 de

572 1661 641 1721 fr.
686 1657 771 1721 10
825 1668 1055 1720 certum
1118 1665 1225 1720 est.
1240 1653 1291 1742 ¹)
1365 1659 1702 1719 intricatior
1757 1676 1855 1718 res
1911 1665 2002 1718 est
2057 1656 2211 1736 apud
2259 1658 2617 1736 Appianum,
2673 1674 2704 1716 a
2751 1673 2875 1734 quo

572 1761 675 1838 qui
722 1767 996 1819 auctores
1043 1759 1315 1836 primarii
1355 1756 1427 1817 de
1464 1755 1638 1816 bellis
1676 1754 1955 1817 ciuilibus
1996 1754 2280 1834 descripti
2319 1757 2456 1833 sint,
2494 1757 2674 1814 etiam
2709 1771 2878 1814 nunc

572 1858 832 1936 ignorari
871 1875 943 1916 ex
982 1855 1085 1916 Ed.
1116 1855 1458 1915 Schwartzii
1498 1854 1898 1934 disputatione
1937 1854 2510 1930 (Pauly-Wissowa
2552 1853 2628 1912 II
2657 1870 2708 1913 c.
2737 1851 2878 1910 222

574 1955 792 2016 -237.
818 1957 941 2015 uid.
956 1955 1129 2031 infra
1143 1971 1210 2030 p.
1228 1973 1387 2012 mxx
1400 1956 1646 2029 msqq.)
1667 1951 2036 2012 intellectum
2065 1958 2174 2012 est.
2215 1950 2476 2011 Soltauio
2505 1959 2702 2012 tamen
2733 1967 2876 2010 eum

575 2052 847 2114 diuersos
884 2051 1325 2113 contaminandi
1363 2051 1638 2112 facultate
1677 2054 1940 2112 caruisse
1979 2057 2184 2110 contra
2223 2068 2359 2111 eum
2407 2049 2646 2127 neganti
2685 2049 2876 2120 (Phil.

577 2153 781 2229 Suppl.
818 2153 943 2211 VII
957 2169 1025 2228 p.
1057 2149 1437 2223 595—633)
1469 2148 1822 2230 adstipulor3
1871 2151 2068 2228 itaque
2107 2150 2220 2208 etsi
2260 2149 2328 2207 fr.
2355 2143 2440 2207 10
2473 2146 2880 2207 laudationem

576 2251 1139 2310 commentariorum
1186 2247 1435 2325 Augusti
1482 2265 1552 2307 ex
1600 2246 1714 2308 alio
1763 2246 2018 2326 quodam
2064 2254 2305 2307 auctore
2361 2244 2435 2305 ab
2489 2263 2560 2305 eo
2610 2243 2880 2321 descrip-

576 2357 702 2409 tum
760 2365 892 2408 esse
950 2348 1290 2423 statuimuS,
1336 2347 1399 2406 in
1444 2344 1696 2424 Illyricis
1743 2353 1940 2406 tamen
1989 2363 2052 2404 se
2102 2362 2204 2404 eos
2256 2342 2475 2404 adiisse
2523 2345 2649 2422 ipse
2695 2343 2881 2421 proti-

576 2453 739 2507 tetur
786 2446 893 2522 (fr.
926 2445 1027 2505 13.
1068 2445 1147 2522 cs.
1180 2447 1346 2505 Plew
1382 2448 1418 2505 l.
1446 2462 1493 2503 S.
1520 2463 1587 2520 p.
1630 2444 1776 2504 111.
1827 2445 2040 2504 Soltau
2078 2446 2116 2503 l.
2144 2461 2191 2502 s.
2217 2461 2284 2519 p.
2316 2442 2448 2501 605
2464 2444 2637 2518 sqq),
2679 2457 2884 2519 neque

579 2553 670 2606 est
733 2562 844 2604 cur
906 2542 1266 2622 colloquium
1332 2541 1393 2601 L.
1452 2543 1692 2602 Antonii
1757 2551 1818 2602 et
1882 2540 2192 2602 Octauiani
2250 2541 2365 2617 (fr.
2407 2539 2521 2612 11)
2577 2556 2713 2599 cum
2769 2536 2882 2596 Ed.

580 2642 937 2703 Schwartzio
968 2643 1041 2716 (l.
1067 2660 1115 2701 S·
1148 2659 1199 2702 c.
1228 2641 1377 2700 232.
1417 2640 1619 2702 Herm.
1651 2640 1740 2700 33
1763 2659 1830 2716 p.
1863 2639 2020 2713 209)
2059 2637 2387 2698 secundum
2427 2638 2882 2715 magistratuum

580 2741 1035 2801 commentarios
1082 2738 1182 2800 uel
1228 2745 1357 2798 acta
1404 2756 1589 2818 eaque
1629 2737 1774 2798 falsa
1811 2736 1998 2797 libere
2039 2743 2424 2797 retractatum
2461 2743 2522 2794 et
2565 2751 2730 2794 more
2769 2751 2884 2792 suo

582 2838 877 2900 rhetorico
934 2845 1282 2899 exornatum
1340 2854 1472 2897 esse
1530 2854 1897 2896 censeamuS.
1977 2837 2135 2895 inter
2180 2835 2428 2911 Augusti
2481 2834 2668 2912 igitur
2718 2849 2886 2891 com-

583 2939 1010 2998 mentariorum
1058 2936 1383 3014 fragmenta
1432 2936 1609 2996 etiam
1657 2934 1768 2994 hoc
1815 2925 2235 3016 recepimus2),
2283 2950 2502 3010 eosque
2549 2931 2725 2991 etiam
2771 2947 2891 3008 per

583 3042 843 3095 ceteram
890 3035 1291 3094 narrationem
1338 3031 1480 3092 belli
1527 3031 1725 3092 ciuilis
1761 3030 2051 3092 librorum
2091 3029 2308 3090 lll—-V
2345 3031 2533 3108 magis
2571 3029 2888 3106 magisque

583 3151 693 3212 pro
740 3131 1121 3192 fundamento
1170 3133 1226 3192 ei
1273 3132 1458 3192 fuisse
1504 3131 1603 3192 uel
1659 3133 1820 3210 ipsos
1875 3128 1971 3191 uel
2017 3146 2128 3208 per
2183 3128 2362 3189 alium
2423 3135 2725 3188 auctorem
2783 3144 2888 3186 su-

585 3232 904 3311 spicamur,
948 3237 1017 3290 ut
1053 3232 1113 3290 in
1156 3231 1361 3309 quinto
1400 3231 1577 3290 etiam
1614 3236 1806 3290 totum
1846 3247 1910 3288 se
1949 3231 2080 3289 eius
2119 3227 2452 3287 auctoritati
2497 3223 2814 3285 addiceret.
2827 3217 2888 3306 8)

589 3327 659 3390 de
732 3328 918 3389 Dione
982 3327 1153 3406 plura
1216 3327 1399 3388 uerba
1465 3329 1660 3388 facere
1727 3324 2146 3406 suspersedeo,
2213 3327 2491 3403 quoniam
2547 3321 2892 3382 Wilmansii

586 3428 785 3506 opinio
833 3445 866 3486 a
922 3425 1115 3486 media
1172 3424 1391 3487 decade
1447 3427 1652 3504 quinta
1701 3442 1892 3505 usque
1939 3423 2012 3484 ad
2059 3423 2276 3483 librum
2326 3421 2892 3501 quinquagesimum

771 3663 818 3730 1)
864 3661 1085 3732 Quellen
1131 3661 1183 3714 d.
1224 3661 1373 3715 Plut.
1412 3677 1466 3729 p.
1507 3664 1609 3712 130
1635 3677 1716 3728 sq.
1768 3665 1871 3713 136
1891 3677 1970 3727 sq.
2021 3663 2122 3712 145
2145 3673 2225 3724 sq.
2301 3653 2580 3722 Laudatio
2631 3651 2895 3707 Marcelli

590 3739 783 3811 generi
828 3740 889 3794 in
925 3739 1048 3794 uita.
1086 3739 1257 3794 Marc.
1288 3745 1356 3792 30
1394 3741 1453 3793 et
1488 3737 1549 3792 in
1588 3755 1764 3808 comp.
1797 3756 1842 3793 c.
1877 3745 1904 3792 1
1945 3737 2123 3792 citata
2159 3739 2246 3791 est
2280 3735 2403 3790 illic
2438 3753 2564 3790 cum
2601 3736 2895 3803 quattuor,

592 3822 687 3876 hic
725 3838 853 3875 cum
891 3820 1110 3875 duobus
1149 3819 1474 3874 auctoribus
1512 3819 1837 3885 coniuncta3
1873 3817 1989 3871 uid.
2026 3817 2195 3888 Quell.
2225 3819 2278 3872 d.
2311 3818 2458 3872 Plut.
2488 3833 2543 3885 p.
2577 3820 2660 3868 75.

770 3915 825 3981 2)
864 3909 955 3964 Sic
992 3909 1164 3964 etiam
1194 3909 1391 3964 Soli-au
1428 3909 1463 3963 l.
1496 3927 1537 3963 s.
1568 3927 1623 3978 p.
1655 3914 1756 3962 603
1779 3925 1878 3976 sq„
1916 3905 2014 3976 qui
2051 3924 2104 3975 p.
2137 3911 2240 3961 604
2278 3905 2452 3960 etiam
2478 3903 2735 3959 tabulam
2764 3921 2895 3973 pro-

594 3990 917 4060 scriptionis
952 3989 1024 4043 IV
1058 3996 1228 4044 8—11
1270 4006 1339 4044 ex
1394 3990 1475 4044 eis
1531 3987 1806 4059 originem
1863 3987 2068 4041 ducere
2123 3985 2412 4056 opinatur,
2468 3986 2540 4039 de
2583 4000 2699 4053 qua
2753 3984 2895 4038 item

594 4072 889 4142 Appianas
928 4065 1037 4125 ὧδε
1073 4068 1177 4139 μὲν
1215 4065 1364 4140 εἶχεν
1400 4069 1435 4138 ἡ
1473 4067 1776 4138 προγραφὴ
1815 4067 1906 4136 (cf.
1936 4067 1961 4119 I
1999 4071 2052 4136 2)
2089 4077 2201 4122 τῶν
2247 4076 2415 4136 τριῶν
2463 4064 2706 4133 ἀνδρῶν,
2757 4061 2899 4118 ὅσον

597 4152 652 4215 ἐς
681 4149 927 4205 Ἐλλάδα
966 4154 1217 4220 γλῶσσαν
1254 4148 1369 4204 ἀπὸ
1408 4146 1654 4218 Λατίνης
1688 4149 2033 4219 μεταβαλεῖν.

776 4245 829 4310 3)
868 4238 948 4294 cf.
979 4237 1128 4292 infra
1164 4257 1217 4308 p.
1248 4257 1485 4292 1.me
1504 4256 1583 4306 sq.
1643 4237 1934 4292 Weichert
1971 4238 2003 4291 l.
2035 4255 2076 4292 s.
2103 4255 2160 4306 p.
2193 4241 2308 4290 209
2323 4253 2434 4304 sqq.
2475 4233 2715 4288 Soltauii
2765 4251 2901 4289 con-

596 4321 841 4375 iecturas
879 4319 1012 4373 uide
1050 4319 1201 4389 apud
1238 4319 1439 4388 ipsum.
