3234 5034
589 296 654 344 χ·
1079 276 1178 332 DE
1216 276 1681 337 SCRIPTORVM
1718 280 1909 336 V'ITIS
1946 278 2040 335 ET
2078 278 2397 336 SCRIPTIS

591 445 805 506 fuisset
857 462 956 507 res
1009 464 1148 507 suas
1202 444 1503 508 obliuione
1559 446 1910 527 obscurare,
1964 464 2201 509 omnem
2254 447 2608 509 memoriam
2660 449 2746 509 ita
2794 465 2893 507 ex-

590 550 862 625 poneret,
907 552 976 606 ut
1023 562 1118 605 res
1165 565 1198 605 a
1236 544 1546 607 consulatu
1583 565 1695 609 suo
1742 565 1991 609 exorsus
2026 562 2219 627 usque
2256 544 2331 607 ad
2366 544 2605 607 Romuli
2641 563 2895 625 regnum

593 642 930 705 deduceret.
945 637 998 728 ¹)
1089 650 1296 705 contra
1350 642 1705 707 Plutarchus
1760 647 1921 719 (Cic.
1958 646 2075 719 41)
2132 642 2451 706 consilium
2511 662 2610 706 res
2668 644 2894 724 patrias

589 741 840 804 historia
905 740 1321 822 conplectendi
1383 742 1773 823 conpluribus
1838 752 1899 805 et
1960 742 2219 824 publicis
2280 750 2343 804 et
2404 743 2658 823 priuatis
2722 740 2894 803 malis

589 839 892 902 turbatum
955 858 1088 901 esse
1157 840 1430 903 scribens
1493 842 1773 922 inprimis
1846 841 2103 904 diuortio
2176 860 2317 903 cum
2372 840 2653 903 Terentia
2720 840 2894 919 facto,

591 932 672 1022 (a.
691 933 813 1004 46!
824 931 981 1022 708)
1017 956 1154 999 cum
1189 940 1318 1019 ipso
1353 938 1641 1002 Cicerone
1675 942 1992 1003 concinere
2025 938 2283 1003 uidetur.
2348 938 2507 1019 quod
2546 956 2695 1001 uero
2728 938 2895 1000 addit

589 1030 700 1098 καὶ
745 1034 962 1098 πολλὰ
1007 1031 1322 1117 συμμῖξαι
1368 1044 1503 1100 τῶν
1540 1025 1947 1118 Ἑλληνικῶν
1989 1042 2099 1101 καὶ
2146 1034 2317 1111 ὅλως
2360 1036 2522 1111 τοὺς
2566 1032 2893 1118 συνηγμέ-

589 1154 754 1208 νους
788 1133 1031 1215 λόγους
1065 1132 1176 1197 καὶ
1211 1132 1476 1214 μύθους
1513 1130 1811 1199 ἐνταῦθα
1842 1132 2097 1218 τρέψαι,
2132 1136 2249 1197 boc
2284 1135 2430 1216 quid
2464 1135 2745 1215 uoluerit,
2770 1154 2893 1198 non

589 1234 907 1313 perspicio,
949 1234 1069 1295 nisi
1104 1232 1407 1295 Plutarchi
1451 1242 1662 1295 auctor
1703 1235 1853 1297 baec
1898 1234 1971 1297 ad
2016 1234 2203 1297 libros
2250 1237 2327 1297 de
2370 1237 2609 1311 legibus
2644 1233 2893 1313 rettulit,

591 1350 741 1411 quos
779 1329 1142 1393 Graecorum
1181 1334 1472 1419 sapientia
1510 1332 1847 1395 redundare
1883 1341 2133 1395 constat.
2147 1326 2200 1418 ²)
2245 1332 2453 1395 Dionis
2480 1340 2679 1395 autem
2706 1331 2895 1395 uerba

590 1432 754 1491 omni
801 1428 916 1491 fide
963 1438 1265 1509 carerent,
1309 1432 1431 1492 nisi
1475 1449 1671 1511 nuper
1716 1431 1910 1493 simile
1963 1429 2189 1512 aliquid
2236 1431 2309 1493 de
2355 1439 2561 1493 nostra
2606 1433 2895 1493 memoria

592 1536 654 1589 et
698 1529 1096 1607 excogitatum
1141 1536 1203 1591 et
1245 1528 1600 1609 quibusdam
1648 1529 1963 1611 probatum
2011 1537 2195 1609 esset,
2242 1529 2349 1591 sed
2394 1549 2470 1591 ne
2516 1530 2606 1591 sic
2650 1528 2895 1611 quidem

590 1644 700 1706 pro
743 1627 909 1687 ueris
961 1626 1108 1688 haec
1162 1625 1383 1689 habere
1429 1646 1700 1708 possum,
1747 1631 1929 1690 immo
1976 1627 2222 1691 subesse
2268 1630 2545 1691 existimo
2592 1636 2653 1689 et
2699 1627 2895 1691 decla-

589 1725 837 1785 matoris
883 1721 1046 1785 illius
1101 1723 1365 1787 studium
1411 1727 1608 1787 omnia
1656 1725 1914 1806 augendi
1958 1734 2017 1789 et
2069 1725 2471 1807 amplificandi
2516 1733 2577 1787 et
2622 1744 2894 1789 errorem

591 1840 664 1883 ex
712 1822 922 1883 eodem
965 1821 1066 1883 illo
1111 1826 1418 1903 prooemio
1464 1831 1681 1904 ortum,
1727 1826 1793 1887 in
1839 1844 1956 1905 quo
2003 1824 2103 1887 illa
2152 1822 2384 1887 ‘ultima
2428 1822 2716 1907 tempora'
2754 1844 2893 1905 per-

589 1938 796 2000 peram
843 1919 918 1982 de
965 1922 1071 1999 eis,
1119 1939 1270 2001 quae
1317 1921 1592 1984 Ciceroni
1639 1924 1911 2003 proxima
1954 1932 2175 2003 essent,
2220 1922 2521 1986 intellecta
2566 1932 2785 1987 essent.

771 2018 889 2081 Sed
934 2021 1194 2099 primum
1241 2021 1306 2082 in
1343 2019 1651 2083 Ciceronis
1686 2021 1937 2083 historia
1973 2020 2205 2083 obtinet
2238 2021 2435 2083 locum
2472 2023 2525 2083 is
2570 2021 2741 2101 liber,
2786 2025 2895 2103 qui

591 2124 686 2179 est
720 2117 813 2179 De
860 2116 1240 2180 consulatu
1278 2117 1546 2180 Graece
1594 2122 1937 2201 scriptus.
2003 2138 2121 2201 quo
2150 2120 2391 2201 quidem
2420 2119 2707 2199 gloriatur
2734 2120 2894 2203 quod

592 2212 806 2277 ‘totum
841 2216 1088 2278 Isocrati
1115 2216 1536 2299 μυροθήκιον
1561 2224 1741 2299 atque
1778 2236 1985 2281 omnes
2022 2220 2153 2281 eius
2190 2218 2620 2299 discipulorum
2661 2218 2895 2282 arculas

590 2332 660 2375 ac
679 2333 800 2375 non
817 2314 968 2377 nihil
987 2316 1168 2377 etiam
1186 2315 1523 2377 Aristotelia
1545 2318 1847 2396 pigmenta
1867 2314 2327 2397 consumpserit'
2350 2319 2467 2391 (ad
2481 2317 2605 2379 Aa.
2627 2319 2706 2379 ῙΙ
2726 2319 2784 2394 1,
2802 2319 2894 2395 1),

590 2420 876 2493 putatque
920 2412 1063 2475 huic
1109 2411 1334 2475 Graeco
1374 2413 1665 2477 Graecum
1706 2415 1977 2478 inuidere
2015 2417 2090 2491 (I
2115 2416 2221 2492 20,
2250 2417 2321 2491 6)
2364 2415 2895 2497 conturbatamque

593 2530 626 2571 a
669 2529 736 2571 se
791 2529 923 2572 esse
979 2510 1266 2573 Graecam
1319 2516 1622 2575 nationem
1670 2515 1779 2587 (II
1817 2515 1877 2590 1,
1914 2515 2004 2589 2).
2097 2514 2405 2575 rhetorum
2465 2516 2649 2593 igitur
2708 2516 2893 2577 artifi-

593 2610 704 2670 ciis
764 2626 862 2670 res
919 2608 1020 2671 uel
1084 2628 1302 2689 augere
1361 2610 1461 2672 uel
1520 2607 1845 2674 obscurare
1904 2614 1960 2673 ei
2027 2611 2345 2692 placuerat.
2437 2615 2723 2674 nimirum
2780 2632 2898 2693 per

592 2706 890 2770 lubricum
954 2707 1293 2789 incedebat,
1357 2717 1424 2771 ut
1487 2710 1848 2773 offensiones
1910 2712 2250 2791 principum
2316 2712 2586 2772 euitaret.
2600 2704 2653 2794 ³)
2728 2711 2899 2773 uelut

591 2824 730 2867 cum
776 2805 1056 2867 Crassum
1103 2814 1164 2869 et
1207 2806 1523 2869 Caesarem
1569 2826 1604 2869 a
1650 2810 2061 2871 coniuratione
2107 2827 2225 2870 non
2272 2808 2499 2870 alienos
2544 2809 2729 2871 fuisse
2774 2808 2899 2871 sibi

591 2906 1016 2985 persuasisset,
1061 2903 1150 2966 illi
1204 2906 1382 2967 etiam
1427 2905 1665 2968 laudem
1712 2906 2008 2987 quandam
2063 2908 2195 2968 eius
2249 2908 2575 2986 patefactae
2620 2907 2901 2969 attribuit

592 3003 701 3080 (fr.
741 3004 830 3082 1),
885 3003 1027 3063 huic
1083 3012 1280 3065 autem
1333 3012 1470 3085 post
1523 3007 1854 3068 orationem
1910 3005 1983 3067 de
2040 3007 2365 3067 coniuratis
2411 3023 2520 3085 per
2564 3002 2897 3087 municipia

774 3241 826 3309 1)
867 3236 1014 3291 Cass.
1044 3236 1153 3291 Dio
1191 3243 1278 3307 46,
1309 3244 1372 3293 21
1431 3240 1548 3295 Καὶ
1599 3237 1744 3295 οὕτω
1794 3258 1857 3309 γε
1907 3238 2277 3312 ἀναίσχυντος
2328 3236 2383 3295 εἶ
2427 3240 2564 3296 ὥστε
2614 3241 2712 3295 καὶ
2761 3258 2900 3312 συγ-

593 3318 813 3389 γράψαι
858 3325 1038 3371 ταῦτα
1081 3325 1316 3373 τοιαῦτα
1363 3318 1500 3374 ὄντα
1548 3318 1922 3391 ἐπεχείρησας.
1954 3352 2021 3362 -—
2056 3318 2411 3391 προθέμενος
2452 3321 2559 3390 γὰρ
2596 3320 2785 3377 πάντα
2818 3322 2901 3377 τὰ

590 3402 660 3471 τῇ
687 3396 847 3453 πόλει
875 3396 1238 3468 πεπραγμένα
1267 3398 1592 3470 συγγράψαι
1619 3401 1735 3470 (καὶ
1765 3400 1871 3471 γὰρ
1899 3400 2167 3471 σοφιστὴς
2193 3402 2291 3455 καὶ
2326 3401 2563 3471 ποιητὴς
2596 3401 2696 3456 καὶ
2734 3401 2900 3471 φιλό-

591 3497 767 3547 σοφος
802 3478 900 3533 καὶ
937 3474 1117 3547 ἆήτωρ
1155 3478 1254 3533 καὶ
1299 3480 1655 3551 συγγραφεὺς
1691 3475 1839 3536 εἶναι
1872 3479 2191 3551 πλάττεται)
2240 3478 2411 3538 ἔπειτ’
2466 3482 2569 3537 οὐκ
2624 3481 2737 3537 ἀπὸ
2791 3490 2902 3551 τῆς

592 3556 818 3621 κτίσεως
851 3559 1043 3627 αὐτῆς,
1089 3556 1270 3628 ὥσπερ
1318 3558 1372 3614 οἱ
1419 3559 1576 3615 ἄλλοι
1623 3560 1677 3615 ol
1721 3568 1887 3615 τοῦτο
1922 3570 2244 3631 ποιοῦντες,
2286 3560 2426 3616 ἀλλὰ
2464 3560 2577 3617 ἀπὸ
2613 3570 2711 3633 τῆς
2745 3564 2899 3617 ὑπα-

591 3636 743 3702 τείας
769 3646 867 3708 τῆς
899 3637 1102 3694 ἑαυτοῦ
1140 3636 1375 3710 ἤρξατο,
1420 3638 1516 3695 ἴνα
1555 3640 1839 3697 ἀνάπαλιν
1876 3651 2181 3713 προχωρῶν
2218 3642 2398 3713 ἀρχὴν
2435 3642 2540 3713 μὲν
2575 3650 2676 3698 τοῦ
2720 3640 2901 3714 λόγου

593 3717 830 3789 ἐκείνην,
866 3718 1122 3789 τελευτὴν
1160 3718 1223 3775 δὲ
1258 3719 1362 3790 τὴν
1399 3729 1498 3775 τοῦ
1528 3718 1807 3791 Ῥωμύλου
1844 3720 2133 3794 βασιλείαν
2168 3723 2485 3793 ποιήσηται.

771 3803 828 3870 2)
864 3799 1054 3853 Graux
1087 3802 1154 3855 in
1187 3801 1316 3857 edit.
1343 3818 1450 3857 aua
1485 3803 1586 3857 uit.
1617 3802 1786 3859 Cicer.
1808 3821 1869 3873 p.
1902 3807 2011 3860 159
2056 3803 2185 3875 ipsa.
2218 3803 2361 3859 haee
2397 3803 2679 3859 Ciceronis
2716 3805 2905 3861 uerba

593 3881 686 3951 (de
703 3880 870 3951 -leggn
899 3878 925 3933 I
955 3886 1003 3950 1,
1025 3882 1080 3950 5)
1109 3880 1466 3951 ‘quamquam
1491 3890 1542 3937 et
1567 3883 1725 3953 apud
1750 3884 2093 3941 Herodotum
2115 3890 2329 3954 patrem
2354 3885 2615 3941 historiae
2650 3892 2701 3941 et
2734 3887 2906 3955 apud

599 3962 1001 4031 Theopompum
1041 3968 1175 4017 eunt
1210 3964 1639 4019 innumerabiles
1673 3963 1917 4030 fabulae’
1950 3980 2147 4019 ansam
2182 3964 2511 4035 praebuisse
2544 3967 2735 4021 censet·
2756 3964 2899 4021 Plu-

593 4042 788 4097 tarcho
824 4041 918 4096 uel
955 4040 1076 4097 eius
1115 4042 1347 4097 auctori.

773 4134 826 4201 3)
865 4130 1010 4186 Nolo
1054 4129 1208 4202 ipsas
1251 4148 1367 4202 res,
1413 4148 1556 4202 quas
1603 4134 1677 4188 ab
1724 4149 1791 4189 eo
1826 4136 2119 4188 enarratas
2154 4150 2275 4190 esse
2312 4136 2751 4191 eonsentuneum
2786 4140 2905 4208 est,

590 4226 868 4347 ξιξῐὲθιιέιιζ
899 4210 1058 4346 411)εὲ
1089 4214 1287 4346 paucis
1321 4213 1697 4283 paragraphis
1728 4212 2010 4284 ‘exposuit
2043 4212 2294 4269 breuiter
2320 4214 2675 4271 consulatum
2700 4220 2899 4271 suum’

787 4335 799 4346 ι
865 4336 880 4362 2
946 4323 1012 4333 -“
1063 4335 1076 4360 ’
1133 4335 1147 4347 ι
