3234 5034
671 349 820 397 „m
1171 328 1268 383 ms:
1308 327 1773 383 scnm’onvu
1810 326 1999 382 vms
2034 326 2130 381 ET
2168 326 2477 383 sommis

667 515 848 577 quam
894 515 1016 558 non
1061 498 1246 557 armis
1292 504 1354 557 et
1398 496 1586 575 gloria
1634 496 1743 557 sed
1788 506 1916 559 arte
1964 505 2024 558 et
2066 496 2430 558 humanitate
2477 494 2589 555 sibi
2634 502 2951 574 parauerat.

669 594 806 657 Fuit
849 594 1176 657 Gaditanus
1232 602 1411 675 atque
1465 614 1604 658 cum
1651 604 1859 656 contra
1905 595 2235 657 Sertorium
2290 592 2580 673 stipendia
2624 593 2873 675 fecisset,
2918 612 2949 653 a

665 692 948 773 Pompeio
993 696 1238 755 ciuitate
1273 692 1536 756 Romana
1585 694 1855 773 donatuS,
1893 693 1967 755 de
2005 714 2121 774 qua
2159 712 2207 755 a.
2238 688 2489 775 56s698
2526 711 2662 753 reus
2700 692 2881 753 factus
2918 711 2949 753 a

665 791 967 871 Pompeio,
1023 792 1256 871 Crasso,
1310 792 1600 853 Cicerone
1649 791 1932 853 defensus
1980 800 2089 871 est,
2139 800 2341 872 postea
2388 790 2461 851 ab
2506 793 2633 852 eius
2676 790 2951 851 historico

663 890 1025 970 Theophane
1071 890 1422 971 Mytilenaeo
1479 890 1792 970 adoptatus
1840 898 1948 952 est.
2019 893 2220 970 itaque
2276 908 2353 951 ne
2404 891 2461 950 ei
2504 888 2871 949 aduersarius
2916 907 2949 949 e

663 991 880 1049 castris
935 997 1122 1067 esset,
1177 1007 1211 1049 a
1266 988 1518 1050 Caesare
1575 991 1949 1069 impetrauit,
1995 996 2063 1050 ut
2116 987 2271 1049 hello
2316 986 2478 1049 ciuili
2522 1005 2587 1047 se
2634 986 2951 1048 abstineret

663 1094 842 1167 atque
888 1094 1124 1167 togatus
1169 1086 1397 1149 urbana
1441 1087 1639 1148 officia
1677 1088 1735 1147 ei
1770 1094 2119 1167 praestaret,
2165 1088 2478 1166 omniaque
2522 1088 2839 1164 temptauit,
2884 1092 2951 1146 ut

663 1184 1048 1265 Ciceronem;
1099 1204 1356 1265 quocum
1413 1194 1540 1247 arta
1595 1185 1997 1248 familiaritate
2046 1188 2395 1246 coniunctus
2442 1193 2592 1263 erat,
2637 1202 2667 1243 a
2712 1182 2948 1262 Pompei

663 1286 946 1345 societate
1003 1286 1310 1345 retineret.
1384 1302 1496 1345 nec
1552 1302 1689 1346 eum
1748 1284 2015 1345 deseruit
2069 1280 2342 1344 omnibus
2398 1280 2575 1341 rebus
2629 1279 2949 1359 desperatis

663 1398 737 1441 ex
774 1380 1022 1443 Graecia
1060 1384 1121 1443 in
1159 1381 1388 1443 ltaliam
1427 1400 1759 1443 reuersum.
1824 1401 1962 1443 nam
2000 1380 2161 1442 illius
2198 1380 2570 1460 potissimum
2605 1396 2781 1458 opera
2814 1396 2947 1438 esse

663 1478 885 1541 sactum
918 1479 1178 1561 uidetur,
1215 1488 1284 1541 ut
1321 1479 1540 1541 Caesar
1575 1482 1633 1541 ei
1672 1480 2000 1541 clementer
2034 1480 2272 1540 ueniam
2320 1477 2502 1538 daret.
2546 1477 2762 1537 mansit
2802 1474 2949 1537 haec

662 1577 1028 1640 consuetudo
1093 1597 1230 1640 cum
1289 1578 1605 1658 Cicerone,
1672 1580 1845 1640 cuius
1900 1577 2101 1657 libroS,
2167 1579 2341 1638 etiam
2394 1576 2735 1655 priusquam
2794 1574 2947 1633 foras

661 1675 1008 1757 ederentur,
1074 1676 1311 1757 legendi
1376 1676 1679 1738 studiosus
1743 1678 1857 1738 fuit
1904 1680 2020 1750 (ad
2053 1679 2174 1738 Att.
2214 1676 2318 1750 13,
2355 1674 2460 1750 21,
2487 1676 2563 1745 4,·
2610 1672 2713 1747 22,
2740 1672 2827 1749 3),
2875 1669 2947 1730 ad

660 1793 838 1855 quem
885 1775 1112 1856 aliquot
1158 1775 1445 1855 epistulas
1481 1774 1655 1836 nohis
1694 1784 1963 1836 seruatas
2000 1775 2242 1853 scripsit
2271 1776 2387 1850 (ep.
2418 1774 2504 1834 ad
2536 1774 2654 1832 Aa.
2682 1769 2742 1845 8,
2764 1769 2845 1829 15
2876 1770 2946 1828 Α.

659 1874 720 1949 9,
752 1874 793 1933 7
821 1875 888 1935 B.
928 1874 988 1949 9,
1020 1874 1106 1934 13
1134 1876 1207 1949 A,
1255 1891 1392 1935 cum
1451 1874 1639 1951 Oppio
1688 1874 1748 1950 9,
1782 1874 1823 1933 7
1850 1876 1955 1951 Α),
2012 1876 2275 1952 itemque
2330 1889 2529 1932 amans
2582 1870 2693 1930 fuit
2742 1868 2945 1927 Varro-

659 1973 752 2031 nis
810 1974 848 2047 (
847 1972 970 2033 Cic.
1011 1974 1099 2032 ad
1142 1972 1190 2049 f.
1230 1973 1290 2047 9,
1322 1973 1382 2047 6,
1412 1973 1482 2045 1)
1539 1974 1889 2052 amicusque
1954 1990 2091 2033 cum
2155 1970 2403 2032 aliorum
2467 1968 2944 2029 caesarianorum

657 2076 783 2130 tum
841 2067 1046 2148 Hirtii,
1102 2070 1207 2148 qui
1261 2068 1335 2130 ad
1391 2088 1530 2130 eum
1584 2069 1805 2131 librum
1859 2078 2137 2131 octauum
2188 2068 2262 2129 de
2307 2067 2459 2129 bello
2505 2063 2724 2126 Gallico
2768 2065 2963 2124 misit·

657 2166 848 2227 Vnum
913 2168 1103 2246 ipsius
1166 2168 1452 2229 historiae
1517 2168 1914 2247 fragmentum
1982 2168 2227 2229 dubium
2301 2184 2433 2227 esse
2498 2170 2691 2244 potest
2752 2162 2946 2223 utrius

658 2264 720 2325 L
761 2248 1024 2326 Cornelii
1067 2265 1236 2326 Balbi
1281 2268 1385 2347 sit3
1433 2284 1571 2327 nam
1609 2270 1792 2327 etiam
1829 2269 2044 2345 minor,
2079 2266 2323 2327 maioris
2360 2263 2558 2323 fratris
2594 2260 2765 2338 filius,
2801 2260 2947 2319 item

657 2362 1076 2443 CaesarianuS,
1131 2367 1235 2444 qui
1281 2384 1330 2427 a.
1373 2360 1627 2432 19s735
1676 2383 1747 2426 ex
1794 2365 1991 2426 Africa
2038 2363 2451 2443 triumphauit,
2506 2362 2723 2439 scripta
2768 2376 2945 2437 quae·

657 2459 793 2521 dam
857 2461 1068 2541 edidit,
1123 2472 1488 2543 praetextam
1547 2462 1620 2523 de
1679 2482 1789 2525 suo
1843 2465 2059 2524 itinere
2117 2461 2189 2522 ad
2246 2460 2308 2522 L.
2354 2457 2664 2520 Lentulum
2717 2474 2945 2535 procos.

655 2557 1096 2621 sollicitandum
1133 2563 1222 2634 (u.
1263 2563 1540 2624 Ribbeck
1575 2562 1749 2623 Rb'm.
1790 2564 1991 2623 Dictat.
2032 2554 2102 2622 1²
2136 2579 2201 2637 p.
2242 2560 2399 2633 194)
2456 2564 2515 2618 et
2566 2550 2947 2634 Ἐξηγητικᾶ

657 2658 887 2732 (Macr.
907 2667 1020 2719 sat.
1043 2660 1158 2721 III
1177 2662 1344 2736 0316.
1392 2662 1568 2722 Seru.
1591 2664 1679 2722 ad
1698 2663 1847 2721 Aen.
1870 2660 1976 2720 IV
1994 2660 2172 2734 127).
2225 2656 2330 2720 sed
2360 2664 2419 2718 et
2446 2653 2601 2735 quod
2630 2653 2945 2714 Suetonius

657 2756 764 2833 (fr.
795 2757 867 2831 1)
907 2756 1131 2819 addidit
1169 2755 1711 2836 ‘familiarissimus
1748 2754 2075 2837 Caesaris’‚
2114 2758 2307 2837 aptius
2347 2753 2418 2815 de
2454 2754 2673 2814 maiore
2712 2750 2944 2828 dicitur,

655 2863 716 2915 et
761 2854 920 2934 quod
965 2858 1028 2916 in
1074 2857 1322 2918 historia
1367 2857 1631 2935 Augusta
1677 2859 2004 2936 imperator
2048 2854 2331 2917 Balbinus
2385 2853 2671 2931 originem
2726 2847 2945 2909 ducere

653 2951 918 3015 uoluisse
967 2954 1188 3016 dicitur
1224 2957 1360 3030 (uit.
1403 2956 1461 3032 7,
1489 2956 1562 3029 4)
1612 2952 1669 3015 ‘a
1715 2954 1899 3015 Balbo
1946 2954 2220 3015 Cornelio
2265 2951 2561 3012 Theofane
2574 2942 2645 3032 ²),
2689 2948 2791 3026 qui
2836 2964 2946 3025 per

655 3046 760 3111 Cn.
781 3048 1126 3130 Pompeium
1157 3055 1461 3115 ciuitatem
1489 3061 1810 3132 meruerat,
1840 3071 1977 3113 cum
2016 3059 2177 3114 esset
2212 3068 2353 3111 suae
2390 3049 2611 3128 patriae
2647 3044 2944 3105 nobilissi-

655 3164 788 3207 mus
826 3147 1102 3229 idemque
1138 3150 1422 3212 historiae
1460 3154 1722 3231 scriptor
1735 3146 1767 3211 '.
1824 3149 2013 3212 Omisi
2041 3148 2445 3211 testimonium
2474 3144 2700 3206 Sidonii
2726 3140 2943 3221 Apolli-

655 3245 843 3324 naris,
908 3248 1006 3326 qul
1075 3246 1147 3308 ad
1212 3240 1699 3328 Burg'undionem
1766 3250 2010 3328 scripsit
2058 3248 2192 3321 (IX
2232 3248 2334 3322 14,
2373 3247 2471 3319 7).·
2536 3244 2769 3303 Eminet
2831 3242 2947 3300 tibi

655 3342 932 3406 thematis
979 3347 1363 3410 celeberrimi
1407 3351 1623 3410 uotiua
1670 3350 2019 3425 redhibitio,
2065 3349 2203 3408 laus
2247 3346 2532 3405 uidelicet
2561 3340 2943 3417 peroranda,

655 3454 835 3515 quam
883 3442 1186 3521 edideras,
1241 3446 1392 3507 Iulii
1444 3448 1749 3508 Caesaris.
1823 3464 1982 3522 qaae
2035 3448 2299 3506 materia
2354 3450 2475 3503 tam
2524 3440 2783 3515 arandis
2834 3442 2943 3511 est,

657 3542 722 3593 ut
765 3540 1110 3602 studentum
1153 3546 1210 3605 si
1263 3548 1398 3620 qais
1447 3545 1647 3622 fuerit
1700 3547 1801 3606 ille
1856 3546 2318 3621 copiosissimm,
2371 3540 2529 3600 nihil
2576 3538 2833 3612 amplius
2876 3538 2941 3594 in

655 3634 788 3709 ipsa
843 3638 1060 3699 debeat
1115 3658 1359 3719 cauere,
1415 3662 1596 3719 quam
1651 3661 1730 3704 ne
1784 3645 1936 3719 quid
1984 3646 2187 3703 minas
2240 3642 2425 3699 dicat.
2488 3651 2629 3696 nam
2672 3636 2728 3693 si
2770 3636 2942 3693 omit-

657 3736 884 3809 tantur,
931 3752 1088 3811 quae
1133 3740 1208 3801 de
1254 3744 1448 3803 titulis
1495 3744 1822 3803 dictatoris
1875 3743 2098 3801 inuicti
2148 3741 2382 3814 scripta
2430 3735 2749 3794 Patauinis
2798 3738 2943 3790 sunt

657 3831 1074 3907 uoluminibus,
1105 3840 1240 3911 quis
1268 3854 1458 3915 opera
1483 3840 1778 3915 Suetonii,
1808 3843 1945 3914 quis
1972 3839 2246 3899 quentii
2272 3834 2585 3895 Martialis
2608 3831 2941 3901 historiam,

657 3929 866 3999 quisue
931 3931 1018 3991 ad
1077 3942 1414 3999 extremum
1468 3938 1649 3999 Balbi
1710 3938 2153 4014 ephemeridem
2209 3933 2405 4010 fando
2460 3928 2944 4003 adaequauerit?

836 4170 886 4235 l)
925 4168 1158 4241 Propter
1197 4174 1623 4247 adoptationem
1662 4180 1835 4234 etiam
1870 4178 1981 4233 hoc
2015 4176 2242 4233 nomine
2276 4190 2404 4231 eum
2438 4188 2600 4226 usum
2626 4184 2749 4223 esse
2776 4166 2939 4236 eapi-

655 4244 864 4301 tolinus
902 4249 1178 4317 opinatur.
1227 4254 1422 4325 itaque
1458 4274 1570 4315 nou
1608 4277 1749 4331 opus
1778 4262 1867 4314 est
1894 4257 2139 4313 Cichorii
2167 4256 2487 4311 coniectura
2518 4252 2575 4305 ‘a
2602 4250 2781 4305 Balbo
2810 4249 2941 4303 Gor·
3056 4248 3068 4259 ’
3176 4278 3178 4287 ·

655 4327 799 4381 aelio
835 4334 884 4381 et
919 4348 955 4383 a
997 4330 1204 4399 Theos)
1237 4336 1400 4404 (Rom
1437 4356 1489 4393 u.
1530 4340 1715 4411 Mytil.
1745 4358 1800 4409 p.
1834 4343 1901 4409 7).

1951 4424 1972 4452 0
