<?xml version="1.0" encoding="UTF-8"?>
<!DOCTYPE html PUBLIC "-//W3C//DTD XHTML 1.0 Transitional//EN"
    "http://www.w3.org/TR/xhtml1/DTD/xhtml1-transitional.dtd">
<html xmlns="http://www.w3.org/1999/xhtml" xml:lang="en" lang="en">
 <head>
  <title>
</title>
<meta http-equiv="Content-Type" content="text/html;charset=utf-8" />
  <meta name='ocr-system' content='tesseract 3.04.00' />
  <meta name='ocr-capabilities' content='ocr_page ocr_carea ocr_par ocr_line ocrx_word'/>
</head>
<body>
  <div class='ocr_page' id='page_1' title='image "./historicorvmrom00petegoog_0068.png"; bbox 0 0 3234 5034; ppageno 0'>
   <div class='ocr_carea' id='block_1_1' title="bbox 53 0 910 2">
    <p class='ocr_par' dir='ltr' id='par_1_1' title="bbox 53 0 910 2">
     <span class='ocr_line' id='line_1_1' title="bbox 53 0 910 2; baseline 0 0"><span class='ocrx_word' id='word_1_1' title='bbox 53 0 910 2; x_wconf 95' lang='lat' dir='ltr'><strong> </strong></span> 
     </span>
    </p>
   </div>
   <div class='ocr_carea' id='block_1_2' title="bbox 713 305 2589 373">
    <p class='ocr_par' dir='ltr' id='par_1_2' title="bbox 713 305 2589 373">
     <span class='ocr_line' id='line_1_2' title="bbox 713 305 2589 373; baseline 0.002 -15"><span class='ocrx_word' id='word_1_2' title='bbox 713 305 770 360; x_wconf 81' lang='lat' dir='ltr'><strong>L.</strong></span> <span class='ocrx_word' id='word_1_3' title='bbox 803 305 1062 359; x_wconf 84' lang='lat' dir='ltr'><strong>ATEIVS</strong></span> <span class='ocrx_word' id='word_1_4' title='bbox 1101 305 1679 360; x_wconf 77' lang='lat' dir='ltr'><strong>PRAETEXTATVS</strong></span> <span class='ocrx_word' id='word_1_5' title='bbox 1718 305 2173 360; x_wconf 85' lang='lat' dir='ltr'><strong>PHILOLOGVS</strong></span> <span class='ocrx_word' id='word_1_6' title='bbox 2442 326 2589 373; x_wconf 69' lang='grc' dir='ltr'><strong>[ΝΠ</strong></span> 
     </span>
    </p>
   </div>
   <div class='ocr_carea' id='block_1_3' title="bbox 421 565 2463 663">
    <p class='ocr_par' dir='ltr' id='par_1_3' title="bbox 421 565 2463 663">
     <span class='ocr_line' id='line_1_3' title="bbox 421 565 2463 663; baseline 0.001 -12"><span class='ocrx_word' id='word_1_7' title='bbox 421 580 500 652; x_wconf 93' lang='lat' dir='ltr'><strong>L.</strong></span> <span class='ocrx_word' id='word_1_8' title='bbox 561 579 910 652; x_wconf 78' lang='lat' dir='ltr'><strong>ATEIVS</strong></span> <span class='ocrx_word' id='word_1_9' title='bbox 966 565 1735 652; x_wconf 80' lang='lat' dir='ltr'><strong>PRAETEXTATVS</strong></span> <span class='ocrx_word' id='word_1_10' title='bbox 1789 575 2463 663; x_wconf 76' lang='lat' dir='ltr'>PHILOLOGV81)</span> 
     </span>
    </p>
   </div>
   <div class='ocr_carea' id='block_1_4' title="bbox 289 775 2605 3991">
    <p class='ocr_par' dir='ltr' id='par_1_4' title="bbox 289 775 2593 1034">
     <span class='ocr_line' id='line_1_4' title="bbox 465 775 2591 856; baseline 0.001 -20"><span class='ocrx_word' id='word_1_11' title='bbox 465 777 632 847; x_wconf 88' lang='lat' dir='ltr'><strong>Quae</strong></span> <span class='ocrx_word' id='word_1_12' title='bbox 689 776 761 838; x_wconf 89' lang='lat' dir='ltr'><strong>de</strong></span> <span class='ocrx_word' id='word_1_13' title='bbox 817 776 928 836; x_wconf 86' lang='lat' dir='ltr'><strong>hoc</strong></span> <span class='ocrx_word' id='word_1_14' title='bbox 984 779 1397 854; x_wconf 78' lang='lat' dir='ltr'><strong>grammatice,</strong></span> <span class='ocrx_word' id='word_1_15' title='bbox 1453 779 1556 856; x_wconf 87' lang='lat' dir='ltr'><strong>qui</strong></span> <span class='ocrx_word' id='word_1_16' title='bbox 1612 778 1742 856; x_wconf 89' lang='lat' dir='ltr'><strong>ipse</strong></span> <span class='ocrx_word' id='word_1_17' title='bbox 1786 775 2075 854; x_wconf 84' lang='lat' dir='ltr'><strong>Philologi</strong></span> <span class='ocrx_word' id='word_1_18' title='bbox 2136 776 2591 856; x_wconf 79' lang='lat' dir='ltr'>appellationem</span> 
     </span>
     <span class='ocr_line' id='line_1_5' title="bbox 291 874 2593 954; baseline -0.001 -18"><span class='ocrx_word' id='word_1_19' title='bbox 291 877 630 954; x_wconf 75' lang='lat' dir='ltr'><strong>assumpsit,</strong></span> <span class='ocrx_word' id='word_1_20' title='bbox 677 877 912 953; x_wconf 84' lang='lat' dir='ltr'><strong>cognita</strong></span> <span class='ocrx_word' id='word_1_21' title='bbox 956 874 1260 952; x_wconf 77' lang='lat' dir='ltr'><strong>hahemuS,</strong></span> <span class='ocrx_word' id='word_1_22' title='bbox 1309 893 1498 954; x_wconf 89' lang='lat' dir='ltr'><strong>paene</strong></span> <span class='ocrx_word' id='word_1_23' title='bbox 1545 877 1742 935; x_wconf 88' lang='lat' dir='ltr'><strong>omnia</strong></span> <span class='ocrx_word' id='word_1_24' title='bbox 1792 875 2075 936; x_wconf 80' lang='lat' dir='ltr'>Suetonio</span> <span class='ocrx_word' id='word_1_25' title='bbox 2124 875 2441 953; x_wconf 86' lang='lat' dir='ltr'><strong>debentur,</strong></span> <span class='ocrx_word' id='word_1_26' title='bbox 2488 877 2593 954; x_wconf 87' lang='lat' dir='ltr'><strong>qui</strong></span> 
     </span>
     <span class='ocr_line' id='line_1_6' title="bbox 289 972 991 1034; baseline -0.001 -1"><span class='ocrx_word' id='word_1_27' title='bbox 289 974 434 1034; x_wconf 90' lang='lat' dir='ltr'><strong>haec</strong></span> <span class='ocrx_word' id='word_1_28' title='bbox 483 973 556 1034; x_wconf 89' lang='lat' dir='ltr'><strong>de</strong></span> <span class='ocrx_word' id='word_1_29' title='bbox 605 991 675 1032; x_wconf 88' lang='lat' dir='ltr'><strong>eo</strong></span> <span class='ocrx_word' id='word_1_30' title='bbox 725 972 991 1033; x_wconf 79' lang='lat' dir='ltr'><strong>tradidit:</strong></span> 
     </span>
    </p>

    <p class='ocr_par' dir='ltr' id='par_1_5' title="bbox 289 1072 2601 2604">
     <span class='ocr_line' id='line_1_7' title="bbox 470 1072 2594 1148; baseline 0 -16"><span class='ocrx_word' id='word_1_31' title='bbox 470 1073 578 1145; x_wconf 90' lang='lat' dir='ltr'><strong>(de</strong></span> <span class='ocrx_word' id='word_1_32' title='bbox 626 1089 884 1146; x_wconf 72' lang='lat' dir='ltr'><strong>yramm.</strong></span> <span class='ocrx_word' id='word_1_33' title='bbox 934 1072 1021 1130; x_wconf 85' lang='lat'><strong>10</strong></span> <span class='ocrx_word' id='word_1_34' title='bbox 1060 1089 1128 1148; x_wconf 80' lang='lat' dir='ltr'><strong>p.</strong></span> <span class='ocrx_word' id='word_1_35' title='bbox 1178 1072 1309 1130; x_wconf 88' lang='grc'><strong>107</strong></span> <span class='ocrx_word' id='word_1_36' title='bbox 1357 1072 1488 1147; x_wconf 84' lang='lat' dir='ltr'><strong>Rs.)</strong></span> <span class='ocrx_word' id='word_1_37' title='bbox 1556 1074 1773 1131; x_wconf 81' lang='lat' dir='ltr'><strong>Ateius</strong></span> <span class='ocrx_word' id='word_1_38' title='bbox 1852 1072 2197 1146; x_wconf 71' lang='lat' dir='ltr'><strong>Philoloyus</strong></span> <span class='ocrx_word' id='word_1_39' title='bbox 2269 1075 2594 1133; x_wconf 81' lang='lat' dir='ltr'><strong>libertinus</strong></span> 
     </span>
     <span class='ocr_line' id='line_1_8' title="bbox 295 1171 2597 1245; baseline 0 -16"><span class='ocrx_word' id='word_1_40' title='bbox 295 1172 549 1230; x_wconf 74' lang='lat' dir='ltr'><strong>Athenis</strong></span> <span class='ocrx_word' id='word_1_41' title='bbox 612 1177 702 1230; x_wconf 90' lang='lat' dir='ltr'><strong>est</strong></span> <span class='ocrx_word' id='word_1_42' title='bbox 766 1179 964 1230; x_wconf 86' lang='lat' dir='ltr'><strong>natus.</strong></span> <span class='ocrx_word' id='word_1_43' title='bbox 1047 1171 1214 1230; x_wconf 78' lang='lat' dir='ltr'><strong>hunc</strong></span> <span class='ocrx_word' id='word_1_44' title='bbox 1277 1171 1488 1245; x_wconf 80' lang='lat' dir='ltr'><strong>Capito</strong></span> <span class='ocrx_word' id='word_1_45' title='bbox 1545 1171 1760 1230; x_wconf 84' lang='lat' dir='ltr'><strong>Ateius</strong></span> <span class='ocrx_word' id='word_1_46' title='bbox 1823 1177 2001 1230; x_wconf 87' lang='lat' dir='ltr'><strong>notus</strong></span> <span class='ocrx_word' id='word_1_47' title='bbox 2064 1174 2223 1230; x_wconf 86' lang='lat' dir='ltr'><strong>iuris</strong></span> <span class='ocrx_word' id='word_1_48' title='bbox 2286 1174 2597 1231; x_wconf 86' lang='lat' dir='ltr'><strong>consultus</strong></span> 
     </span>
     <span class='ocr_line' id='line_1_9' title="bbox 291 1269 2595 1345; baseline 0 -17"><span class='ocrx_word' id='word_1_49' title='bbox 291 1273 454 1328; x_wconf 89' lang='lat' dir='ltr'><strong>inter</strong></span> <span class='ocrx_word' id='word_1_50' title='bbox 503 1273 941 1343; x_wconf 73' lang='lat' dir='ltr'><strong>qrammaticos</strong></span> <span class='ocrx_word' id='word_1_51' title='bbox 986 1269 1314 1344; x_wconf 75' lang='lat' dir='ltr'><em>rhetorem,</em></span> <span class='ocrx_word' id='word_1_52' title='bbox 1362 1272 1526 1328; x_wconf 87' lang='lat' dir='ltr'><strong>inter</strong></span> <span class='ocrx_word' id='word_1_53' title='bbox 1571 1269 1849 1328; x_wconf 78' lang='lat' dir='ltr'><strong><em>rhetores</em></strong></span> <span class='ocrx_word' id='word_1_54' title='bbox 1888 1273 2357 1343; x_wconf 68' lang='lat' dir='ltr'><strong>,arammaticum</strong></span> <span class='ocrx_word' id='word_1_55' title='bbox 2398 1269 2595 1345; x_wconf 86' lang='lat' dir='ltr'><strong>fuisse</strong></span> 
     </span>
     <span class='ocr_line' id='line_1_10' title="bbox 294 1367 2592 1442; baseline 0 -17"><span class='ocrx_word' id='word_1_56' title='bbox 294 1369 396 1426; x_wconf 86' lang='lat' dir='ltr'><strong>ait.</strong></span> <span class='ocrx_word' id='word_1_57' title='bbox 473 1368 550 1425; x_wconf 91' lang='lat' dir='ltr'><strong>de</strong></span> <span class='ocrx_word' id='word_1_58' title='bbox 595 1368 802 1426; x_wconf 89' lang='lat' dir='ltr'><strong>eodem</strong></span> <span class='ocrx_word' id='word_1_59' title='bbox 851 1367 1104 1426; x_wconf 81' lang='lat' dir='ltr'><strong>Asinius</strong></span> <span class='ocrx_word' id='word_1_60' title='bbox 1151 1367 1342 1426; x_wconf 88' lang='lat' dir='ltr'><strong>Pollio</strong></span> <span class='ocrx_word' id='word_1_61' title='bbox 1390 1368 1452 1425; x_wconf 92' lang='lat' dir='ltr'><strong>in</strong></span> <span class='ocrx_word' id='word_1_62' title='bbox 1501 1368 1677 1440; x_wconf 82' lang='lat' dir='ltr'><strong>libro,</strong></span> <span class='ocrx_word' id='word_1_63' title='bbox 1724 1382 1841 1440; x_wconf 81' lang='lat' dir='ltr'><strong>quo</strong></span> <span class='ocrx_word' id='word_1_64' title='bbox 1894 1367 2170 1427; x_wconf 78' lang='lat' dir='ltr'><strong>Sallustii</strong></span> <span class='ocrx_word' id='word_1_65' title='bbox 2212 1371 2450 1442; x_wconf 82' lang='lat' dir='ltr'><strong>scripta</strong></span> <span class='ocrx_word' id='word_1_66' title='bbox 2496 1385 2592 1427; x_wconf 89' lang='lat' dir='ltr'><strong>re-</strong></span> 
     </span>
     <span class='ocr_line' id='line_1_11' title="bbox 289 1465 2595 1540; baseline 0 -16"><span class='ocrx_word' id='word_1_67' title='bbox 289 1465 615 1534; x_wconf 75' lang='lat' dir='ltr'><em>prehendit</em></span> <span class='ocrx_word' id='word_1_68' title='bbox 671 1471 736 1524; x_wconf 92' lang='lat' dir='ltr'><strong>ut</strong></span> <span class='ocrx_word' id='word_1_69' title='bbox 792 1468 982 1524; x_wconf 87' lang='lat' dir='ltr'><strong>nimia</strong></span> <span class='ocrx_word' id='word_1_70' title='bbox 1025 1469 1380 1540; x_wconf 77' lang='lat' dir='ltr'><strong>priscorum</strong></span> <span class='ocrx_word' id='word_1_71' title='bbox 1437 1466 1767 1524; x_wconf 84' lang='lat' dir='ltr'><strong>uerborum</strong></span> <span class='ocrx_word' id='word_1_72' title='bbox 1832 1468 2171 1524; x_wconf 89' lang='lat' dir='ltr'><strong>imitatione</strong></span> <span class='ocrx_word' id='word_1_73' title='bbox 2234 1467 2448 1538; x_wconf 84' lang='lat' dir='ltr'><strong>oblita,</strong></span> <span class='ocrx_word' id='word_1_74' title='bbox 2506 1469 2595 1525; x_wconf 87' lang='lat' dir='ltr'><strong>ita</strong></span> 
     </span>
     <span class='ocr_line' id='line_1_12' title="bbox 295 1557 2597 1638; baseline 0.001 -18"><span class='ocrx_word' id='word_1_75' title='bbox 295 1565 516 1622; x_wconf 78' lang='lat' dir='ltr'><strong>tradit:</strong></span> <span class='ocrx_word' id='word_1_76' title='bbox 563 1557 660 1620; x_wconf 76' lang='lat' dir='ltr'><strong>‘In</strong></span> <span class='ocrx_word' id='word_1_77' title='bbox 709 1579 844 1622; x_wconf 90' lang='lat' dir='ltr'><strong>eam</strong></span> <span class='ocrx_word' id='word_1_78' title='bbox 889 1581 1018 1622; x_wconf 88' lang='lat' dir='ltr'><strong>rem</strong></span> <span class='ocrx_word' id='word_1_79' title='bbox 1066 1563 1442 1622; x_wconf 84' lang='lat' dir='ltr'><strong>adiutorium</strong></span> <span class='ocrx_word' id='word_1_80' title='bbox 1490 1565 1548 1621; x_wconf 90' lang='lat' dir='ltr'><strong>ei</strong></span> <span class='ocrx_word' id='word_1_81' title='bbox 1588 1561 1745 1638; x_wconf 84' lang='lat' dir='ltr'><strong>fecit</strong></span> <span class='ocrx_word' id='word_1_82' title='bbox 1790 1566 2055 1622; x_wconf 71' lang='lat' dir='ltr'><strong>maa-ime</strong></span> <span class='ocrx_word' id='word_1_83' title='bbox 2101 1564 2343 1636; x_wconf 80' lang='lat' dir='ltr'><strong>quidem</strong></span> <span class='ocrx_word' id='word_1_84' title='bbox 2381 1566 2597 1623; x_wconf 81' lang='lat' dir='ltr'><strong>Ateius</strong></span> 
     </span>
     <span class='ocr_line' id='line_1_13' title="bbox 295 1659 2596 1735; baseline 0.001 -16"><span class='ocrx_word' id='word_1_85' title='bbox 295 1661 730 1720; x_wconf 62' lang='lat' dir='ltr'><strong>Praetextatus</strong></span> <span class='ocrx_word' id='word_1_86' title='bbox 785 1661 1006 1720; x_wconf 83' lang='lat' dir='ltr'><strong>nobilis</strong></span> <span class='ocrx_word' id='word_1_87' title='bbox 1045 1664 1488 1735; x_wconf 69' lang='lat' dir='ltr'><strong>,ar-ammaticus</strong></span> <span class='ocrx_word' id='word_1_88' title='bbox 1527 1659 1802 1734; x_wconf 85' lang='lat' dir='ltr'><strong>Latinus,</strong></span> <span class='ocrx_word' id='word_1_89' title='bbox 1856 1662 2326 1721; x_wconf 80' lang='lat' dir='ltr'><strong>declamantium</strong></span> <span class='ocrx_word' id='word_1_90' title='bbox 2376 1663 2596 1722; x_wconf 86' lang='lat' dir='ltr'><strong>deinde</strong></span> 
     </span>
     <span class='ocr_line' id='line_1_14' title="bbox 294 1759 2591 1834; baseline 0.001 -17"><span class='ocrx_word' id='word_1_91' title='bbox 294 1761 544 1818; x_wconf 79' lang='lat' dir='ltr'><strong>auditor</strong></span> <span class='ocrx_word' id='word_1_92' title='bbox 592 1766 776 1832; x_wconf 82' lang='lat' dir='ltr'><strong>atque</strong></span> <span class='ocrx_word' id='word_1_93' title='bbox 817 1765 1210 1834; x_wconf 79' lang='lat' dir='ltr'><strong>praeceptor,</strong></span> <span class='ocrx_word' id='word_1_94' title='bbox 1258 1760 1345 1818; x_wconf 92' lang='lat' dir='ltr'><strong>ad</strong></span> <span class='ocrx_word' id='word_1_95' title='bbox 1393 1775 1685 1818; x_wconf 89' lang='lat' dir='ltr'><strong>summam</strong></span> <span class='ocrx_word' id='word_1_96' title='bbox 1735 1759 2085 1832; x_wconf 71' lang='lat' dir='ltr'><strong>Philoloqus</strong></span> <span class='ocrx_word' id='word_1_97' title='bbox 2134 1761 2212 1818; x_wconf 83' lang='lat' dir='ltr'><strong>ab</strong></span> <span class='ocrx_word' id='word_1_98' title='bbox 2258 1768 2442 1819; x_wconf 90' lang='lat' dir='ltr'><strong>semet</strong></span> <span class='ocrx_word' id='word_1_99' title='bbox 2487 1777 2591 1819; x_wconf 90' lang='lat' dir='ltr'><strong>no-</strong></span> 
     </span>
     <span class='ocr_line' id='line_1_15' title="bbox 294 1849 2594 1932; baseline 0 -16"><span class='ocrx_word' id='word_1_100' title='bbox 294 1858 560 1916; x_wconf 89' lang='lat' dir='ltr'><strong>minatus</strong></span> <span class='ocrx_word' id='word_1_101' title='bbox 577 1849 606 1914; x_wconf 93' lang='lat'><strong>’.</strong></span> <span class='ocrx_word' id='word_1_102' title='bbox 638 1889 719 1896; x_wconf 95' lang='lat'>—</span> <span class='ocrx_word' id='word_1_103' title='bbox 763 1859 950 1916; x_wconf 88' lang='lat' dir='ltr'><strong>coluit</strong></span> <span class='ocrx_word' id='word_1_104' title='bbox 983 1865 1202 1932; x_wconf 81' lang='lat' dir='ltr'><strong>postea</strong></span> <span class='ocrx_word' id='word_1_105' title='bbox 1239 1855 1724 1932; x_wconf 79' lang='lat' dir='ltr'><strong>familiarissime</strong></span> <span class='ocrx_word' id='word_1_106' title='bbox 1770 1857 1828 1915; x_wconf 86' lang='lat' dir='ltr'><strong>C.</strong></span> <span class='ocrx_word' id='word_1_107' title='bbox 1872 1858 2223 1916; x_wconf 82' lang='lat' dir='ltr'><strong>Sallustium</strong></span> <span class='ocrx_word' id='word_1_108' title='bbox 2272 1865 2329 1916; x_wconf 87' lang='lat' dir='ltr'><strong>et</strong></span> <span class='ocrx_word' id='word_1_109' title='bbox 2375 1874 2444 1917; x_wconf 93' lang='lat' dir='ltr'><strong>eo</strong></span> <span class='ocrx_word' id='word_1_110' title='bbox 2494 1859 2594 1917; x_wconf 91' lang='lat' dir='ltr'><strong>de-</strong></span> 
     </span>
     <span class='ocr_line' id='line_1_16' title="bbox 289 1953 2599 2030; baseline 0.001 -17"><span class='ocrx_word' id='word_1_111' title='bbox 289 1953 506 2030; x_wconf 81' lang='lat' dir='ltr'><strong>functo</strong></span> <span class='ocrx_word' id='word_1_112' title='bbox 555 1954 832 2014; x_wconf 81' lang='lat' dir='ltr'><strong>Asinium</strong></span> <span class='ocrx_word' id='word_1_113' title='bbox 883 1955 1236 2027; x_wconf 87' lang='lat' dir='ltr'><strong>Pollionem,</strong></span> <span class='ocrx_word' id='word_1_114' title='bbox 1293 1971 1442 2028; x_wconf 85' lang='lat' dir='ltr'><strong>quos</strong></span> <span class='ocrx_word' id='word_1_115' title='bbox 1494 1955 1813 2014; x_wconf 78' lang='lat' dir='ltr'><strong>historiam</strong></span> <span class='ocrx_word' id='word_1_116' title='bbox 1871 1971 2229 2030; x_wconf 76' lang='lat' dir='ltr'><strong>componere</strong></span> <span class='ocrx_word' id='word_1_117' title='bbox 2275 1972 2599 2029; x_wconf 70' lang='lat' dir='ltr'><strong>aqyressos</strong></span> 
     </span>
     <span class='ocr_line' id='line_1_17' title="bbox 295 2051 2598 2128; baseline 0.001 -17"><span class='ocrx_word' id='word_1_118' title='bbox 295 2055 554 2111; x_wconf 84' lang='lat' dir='ltr'><strong>alterum</strong></span> <span class='ocrx_word' id='word_1_119' title='bbox 611 2053 926 2112; x_wconf 84' lang='lat' dir='ltr'><strong>breuiario</strong></span> <span class='ocrx_word' id='word_1_120' title='bbox 982 2068 1191 2111; x_wconf 87' lang='lat' dir='ltr'><strong>rerum</strong></span> <span class='ocrx_word' id='word_1_121' title='bbox 1247 2055 1512 2111; x_wconf 87' lang='lat' dir='ltr'><strong>omnium</strong></span> <span class='ocrx_word' id='word_1_122' title='bbox 1561 2051 1999 2126; x_wconf 85' lang='lat' dir='ltr'><strong>Romanarum,</strong></span> <span class='ocrx_word' id='word_1_123' title='bbox 2056 2071 2137 2112; x_wconf 78' lang='lat' dir='ltr'><strong>ex</strong></span> <span class='ocrx_word' id='word_1_124' title='bbox 2182 2055 2399 2126; x_wconf 82' lang='lat' dir='ltr'><strong>quibus</strong></span> <span class='ocrx_word' id='word_1_125' title='bbox 2446 2071 2598 2128; x_wconf 82' lang='lat' dir='ltr'><strong>quas</strong></span> 
     </span>
     <span class='ocr_line' id='line_1_18' title="bbox 295 2151 2598 2224; baseline 0.002 -16"><span class='ocrx_word' id='word_1_126' title='bbox 295 2151 474 2209; x_wconf 87' lang='lat' dir='ltr'><strong>uellet</strong></span> <span class='ocrx_word' id='word_1_127' title='bbox 519 2151 790 2224; x_wconf 73' lang='lat' dir='ltr'><strong>eliqeret,</strong></span> <span class='ocrx_word' id='word_1_128' title='bbox 829 2153 1142 2224; x_wconf 67' lang='lat' dir='ltr'><strong>instruxit,</strong></span> <span class='ocrx_word' id='word_1_129' title='bbox 1182 2153 1440 2209; x_wconf 88' lang='lat' dir='ltr'><strong>alterum</strong></span> <span class='ocrx_word' id='word_1_130' title='bbox 1473 2153 1833 2224; x_wconf 77' lang='lat' dir='ltr'><strong>praeceptis</strong></span> <span class='ocrx_word' id='word_1_131' title='bbox 1870 2153 1945 2210; x_wconf 86' lang='lat' dir='ltr'><strong>de</strong></span> <span class='ocrx_word' id='word_1_132' title='bbox 1982 2154 2225 2210; x_wconf 88' lang='lat' dir='ltr'><strong>ratione</strong></span> <span class='ocrx_word' id='word_1_133' title='bbox 2266 2154 2598 2213; x_wconf 83' lang='lat' dir='ltr'><strong>scribendi.</strong></span> 
     </span>
     <span class='ocr_line' id='line_1_19' title="bbox 295 2249 2596 2325; baseline 0.001 -19"><span class='ocrx_word' id='word_1_134' title='bbox 295 2263 412 2322; x_wconf 85' lang='lat' dir='ltr'><strong>quo</strong></span> <span class='ocrx_word' id='word_1_135' title='bbox 460 2251 656 2321; x_wconf 72' lang='lat' dir='ltr'><strong>mayis</strong></span> <span class='ocrx_word' id='word_1_136' title='bbox 701 2250 895 2307; x_wconf 88' lang='lat' dir='ltr'><strong>miror</strong></span> <span class='ocrx_word' id='word_1_137' title='bbox 931 2250 1209 2307; x_wconf 81' lang='lat' dir='ltr'><strong>Asinium</strong></span> <span class='ocrx_word' id='word_1_138' title='bbox 1258 2249 1594 2307; x_wconf 84' lang='lat' dir='ltr'><strong>credidisse</strong></span> <span class='ocrx_word' id='word_1_139' title='bbox 1642 2251 1899 2322; x_wconf 81' lang='lat' dir='ltr'><strong>antiqua</strong></span> <span class='ocrx_word' id='word_1_140' title='bbox 1936 2267 2069 2308; x_wconf 88' lang='lat' dir='ltr'><strong>eum</strong></span> <span class='ocrx_word' id='word_1_141' title='bbox 2110 2251 2303 2309; x_wconf 85' lang='lat' dir='ltr'><strong>uerba</strong></span> <span class='ocrx_word' id='word_1_142' title='bbox 2340 2257 2399 2309; x_wconf 88' lang='lat' dir='ltr'><strong>et</strong></span> <span class='ocrx_word' id='word_1_143' title='bbox 2438 2253 2596 2325; x_wconf 73' lang='lat' dir='ltr'><strong>siqu-</strong></span> 
     </span>
     <span class='ocr_line' id='line_1_20' title="bbox 296 2347 2596 2419; baseline 0.001 -15"><span class='ocrx_word' id='word_1_144' title='bbox 296 2363 404 2404; x_wconf 88' lang='lat' dir='ltr'><strong>ras</strong></span> <span class='ocrx_word' id='word_1_145' title='bbox 437 2347 680 2404; x_wconf 90' lang='lat' dir='ltr'><strong>solitum</strong></span> <span class='ocrx_word' id='word_1_146' title='bbox 719 2361 846 2404; x_wconf 90' lang='lat' dir='ltr'><strong>esse</strong></span> <span class='ocrx_word' id='word_1_147' title='bbox 885 2348 1178 2419; x_wconf 71' lang='lat' dir='ltr'><strong>colliyere</strong></span> <span class='ocrx_word' id='word_1_148' title='bbox 1219 2347 1523 2419; x_wconf 81' lang='lat' dir='ltr'><strong>SallustiO,</strong></span> <span class='ocrx_word' id='word_1_149' title='bbox 1564 2362 1700 2404; x_wconf 89' lang='lat' dir='ltr'><strong>cum</strong></span> <span class='ocrx_word' id='word_1_150' title='bbox 1737 2347 1855 2405; x_wconf 84' lang='lat' dir='ltr'><strong>sibi</strong></span> <span class='ocrx_word' id='word_1_151' title='bbox 1897 2350 2057 2406; x_wconf 86' lang='lat' dir='ltr'><strong>sciat</strong></span> <span class='ocrx_word' id='word_1_152' title='bbox 2104 2349 2195 2407; x_wconf 86' lang='lat' dir='ltr'><strong>nil</strong></span> <span class='ocrx_word' id='word_1_153' title='bbox 2240 2350 2417 2407; x_wconf 89' lang='lat' dir='ltr'><strong>aliud</strong></span> <span class='ocrx_word' id='word_1_154' title='bbox 2456 2367 2596 2408; x_wconf 89' lang='lat' dir='ltr'><strong>sua-</strong></span> 
     </span>
     <span class='ocr_line' id='line_1_21' title="bbox 296 2444 2601 2521; baseline 0.002 -19"><span class='ocrx_word' id='word_1_155' title='bbox 296 2444 442 2502; x_wconf 90' lang='lat' dir='ltr'><strong>dere</strong></span> <span class='ocrx_word' id='word_1_156' title='bbox 487 2459 669 2518; x_wconf 84' lang='lat' dir='ltr'><strong>quam</strong></span> <span class='ocrx_word' id='word_1_157' title='bbox 716 2450 784 2502; x_wconf 89' lang='lat' dir='ltr'><strong>ut</strong></span> <span class='ocrx_word' id='word_1_158' title='bbox 819 2451 960 2503; x_wconf 88' lang='lat' dir='ltr'><strong>noto</strong></span> <span class='ocrx_word' id='word_1_159' title='bbox 1009 2447 1302 2518; x_wconf 71' lang='lat' dir='ltr'><strong>civilique</strong></span> <span class='ocrx_word' id='word_1_160' title='bbox 1339 2452 1396 2502; x_wconf 90' lang='lat' dir='ltr'><strong>et</strong></span> <span class='ocrx_word' id='word_1_161' title='bbox 1440 2447 1703 2519; x_wconf 79' lang='lat' dir='ltr'><strong>proprio</strong></span> <span class='ocrx_word' id='word_1_162' title='bbox 1748 2460 2026 2504; x_wconf 85' lang='lat' dir='ltr'><strong>sermone</strong></span> <span class='ocrx_word' id='word_1_163' title='bbox 2072 2451 2285 2504; x_wconf 89' lang='lat' dir='ltr'><strong>utatur</strong></span> <span class='ocrx_word' id='word_1_164' title='bbox 2333 2450 2601 2521; x_wconf 77' lang='lat' dir='ltr'><strong>nitetque</strong></span> 
     </span>
     <span class='ocr_line' id='line_1_22' title="bbox 295 2542 2500 2604; baseline 0.002 -4"><span class='ocrx_word' id='word_1_165' title='bbox 295 2545 563 2600; x_wconf 70' lang='lat' dir='ltr'><strong>maxime</strong></span> <span class='ocrx_word' id='word_1_166' title='bbox 607 2542 1041 2601; x_wconf 83' lang='lat' dir='ltr'><strong>obscuritatem</strong></span> <span class='ocrx_word' id='word_1_167' title='bbox 1090 2542 1342 2602; x_wconf 85' lang='lat' dir='ltr'><strong>Sallusti</strong></span> <span class='ocrx_word' id='word_1_168' title='bbox 1387 2551 1444 2601; x_wconf 90' lang='lat' dir='ltr'><strong>et</strong></span> <span class='ocrx_word' id='word_1_169' title='bbox 1491 2543 1821 2600; x_wconf 87' lang='lat' dir='ltr'><strong>audaciam</strong></span> <span class='ocrx_word' id='word_1_170' title='bbox 1870 2545 1931 2600; x_wconf 88' lang='lat' dir='ltr'><strong>in</strong></span> <span class='ocrx_word' id='word_1_171' title='bbox 1982 2545 2500 2604; x_wconf 81' lang='lat' dir='ltr'><strong>translationibus.</strong></span> 
     </span>
    </p>

    <p class='ocr_par' dir='ltr' id='par_1_6' title="bbox 296 2635 2605 3991">
     <span class='ocr_line' id='line_1_23' title="bbox 475 2635 2600 2719; baseline 0.002 -23"><span class='ocrx_word' id='word_1_172' title='bbox 475 2636 628 2697; x_wconf 86' lang='lat' dir='ltr'><strong>Hinc</strong></span> <span class='ocrx_word' id='word_1_173' title='bbox 681 2639 815 2698; x_wconf 88' lang='lat' dir='ltr'><strong>ueri</strong></span> <span class='ocrx_word' id='word_1_174' title='bbox 871 2638 1066 2698; x_wconf 88' lang='lat' dir='ltr'><strong>simile</strong></span> <span class='ocrx_word' id='word_1_175' title='bbox 1123 2647 1214 2700; x_wconf 89' lang='lat' dir='ltr'><strong>est</strong></span> <span class='ocrx_word' id='word_1_176' title='bbox 1269 2656 1404 2698; x_wconf 90' lang='lat' dir='ltr'><strong>eum</strong></span> <span class='ocrx_word' id='word_1_177' title='bbox 1461 2637 1532 2697; x_wconf 89' lang='grc' dir='ltr'><strong>Μ.</strong></span> <span class='ocrx_word' id='word_1_178' title='bbox 1572 2638 1759 2716; x_wconf 79' lang='lat' dir='ltr'><strong>Ateio,</strong></span> <span class='ocrx_word' id='word_1_179' title='bbox 1816 2639 1918 2717; x_wconf 88' lang='lat' dir='ltr'><strong>qui</strong></span> <span class='ocrx_word' id='word_1_180' title='bbox 1967 2657 2015 2698; x_wconf 90' lang='lat' dir='ltr'><strong>a.</strong></span> <span class='ocrx_word' id='word_1_181' title='bbox 2057 2635 2312 2719; x_wconf 80' lang='lat' dir='ltr'><em>86s668</em></span> <span class='ocrx_word' id='word_1_182' title='bbox 2370 2643 2600 2719; x_wconf 90' lang='lat' dir='ltr'><strong>primus</strong></span> 
     </span>
     <span class='ocr_line' id='line_1_24' title="bbox 296 2735 2600 2816; baseline 0.001 -20"><span class='ocrx_word' id='word_1_183' title='bbox 296 2754 500 2796; x_wconf 88' lang='lat' dir='ltr'><strong>muros</strong></span> <span class='ocrx_word' id='word_1_184' title='bbox 545 2735 938 2796; x_wconf 78' lang='lat' dir='ltr'><strong>Athenienses</strong></span> <span class='ocrx_word' id='word_1_185' title='bbox 986 2735 1256 2797; x_wconf 82' lang='lat' dir='ltr'><strong>escendit</strong></span> <span class='ocrx_word' id='word_1_186' title='bbox 1302 2738 1647 2809; x_wconf 79' lang='lat' dir='ltr'><strong>(Plutarch.</strong></span> <span class='ocrx_word' id='word_1_187' title='bbox 1690 2737 1860 2796; x_wconf 87' lang='lat' dir='ltr'><strong>Sulla</strong></span> <span class='ocrx_word' id='word_1_188' title='bbox 1901 2737 2033 2814; x_wconf 68' lang='lat'><strong>14),</strong></span> <span class='ocrx_word' id='word_1_189' title='bbox 2084 2740 2349 2816; x_wconf 87' lang='lat' dir='ltr'><strong>praemio</strong></span> <span class='ocrx_word' id='word_1_190' title='bbox 2399 2738 2600 2800; x_wconf 89' lang='lat' dir='ltr'><strong>datum</strong></span> 
     </span>
     <span class='ocr_line' id='line_1_25' title="bbox 299 2832 2601 2916; baseline 0.001 -22"><span class='ocrx_word' id='word_1_191' title='bbox 299 2841 357 2894; x_wconf 89' lang='lat' dir='ltr'><strong>et</strong></span> <span class='ocrx_word' id='word_1_192' title='bbox 411 2833 483 2893; x_wconf 88' lang='lat' dir='ltr'><strong>ab</strong></span> <span class='ocrx_word' id='word_1_193' title='bbox 550 2851 620 2894; x_wconf 91' lang='lat' dir='ltr'><strong>eo</strong></span> <span class='ocrx_word' id='word_1_194' title='bbox 685 2851 868 2894; x_wconf 86' lang='lat' dir='ltr'><strong>manu</strong></span> <span class='ocrx_word' id='word_1_195' title='bbox 923 2835 1172 2894; x_wconf 89' lang='lat' dir='ltr'><strong>missum</strong></span> <span class='ocrx_word' id='word_1_196' title='bbox 1238 2853 1387 2912; x_wconf 86' lang='lat' dir='ltr'><strong>esse,</strong></span> <span class='ocrx_word' id='word_1_197' title='bbox 1455 2832 1669 2894; x_wconf 88' lang='lat' dir='ltr'><strong>deinde</strong></span> <span class='ocrx_word' id='word_1_198' title='bbox 1736 2853 1766 2892; x_wconf 91' lang='lat' dir='ltr'><strong>a</strong></span> <span class='ocrx_word' id='word_1_199' title='bbox 1832 2833 1905 2894; x_wconf 90' lang='grc' dir='ltr'><strong>Μ.</strong></span> <span class='ocrx_word' id='word_1_200' title='bbox 1962 2835 2215 2896; x_wconf 79' lang='lat' dir='ltr'><strong>Antonio</strong></span> <span class='ocrx_word' id='word_1_201' title='bbox 2290 2836 2601 2916; x_wconf 86' lang='lat' dir='ltr'><strong>Gniphone</strong></span> 
     </span>
     <span class='ocr_line' id='line_1_26' title="bbox 301 2924 2601 3014; baseline 0.002 -23"><span class='ocrx_word' id='word_1_202' title='bbox 301 2924 1030 3014; x_wconf 78' lang='lat' dir='ltr'>(114s640—64s690)‚</span> <span class='ocrx_word' id='word_1_203' title='bbox 1069 2941 1454 3011; x_wconf 81' lang='lat' dir='ltr'><strong>praeceptore</strong></span> <span class='ocrx_word' id='word_1_204' title='bbox 1492 2929 1927 3010; x_wconf 82' lang='lat' dir='ltr'><strong>liberalissimo,</strong></span> <span class='ocrx_word' id='word_1_205' title='bbox 1966 2932 2425 2995; x_wconf 82' lang='lat' dir='ltr'><strong>Alexandrinam</strong></span> <span class='ocrx_word' id='word_1_206' title='bbox 2464 2934 2601 2996; x_wconf 89' lang='lat' dir='ltr'><strong>doc-</strong></span> 
     </span>
     <span class='ocr_line' id='line_1_27' title="bbox 301 3029 2601 3109; baseline 0.002 -20"><span class='ocrx_word' id='word_1_207' title='bbox 301 3032 517 3089; x_wconf 85' lang='lat' dir='ltr'><strong>trinam</strong></span> <span class='ocrx_word' id='word_1_208' title='bbox 555 3032 894 3109; x_wconf 84' lang='lat' dir='ltr'><strong>suscepisse</strong></span> <span class='ocrx_word' id='word_1_209' title='bbox 933 3039 1110 3108; x_wconf 86' lang='lat' dir='ltr'><strong>atque</strong></span> <span class='ocrx_word' id='word_1_210' title='bbox 1151 3039 1210 3090; x_wconf 90' lang='lat' dir='ltr'><strong>et</strong></span> <span class='ocrx_word' id='word_1_211' title='bbox 1247 3031 1470 3090; x_wconf 79' lang='lat' dir='ltr'><strong>Graece</strong></span> <span class='ocrx_word' id='word_1_212' title='bbox 1507 3039 1568 3091; x_wconf 90' lang='lat' dir='ltr'><strong>et</strong></span> <span class='ocrx_word' id='word_1_213' title='bbox 1603 3029 1810 3090; x_wconf 87' lang='lat' dir='ltr'><strong>Latine</strong></span> <span class='ocrx_word' id='word_1_214' title='bbox 1852 3030 2089 3091; x_wconf 89' lang='lat' dir='ltr'><strong>doctum</strong></span> <span class='ocrx_word' id='word_1_215' title='bbox 2128 3031 2331 3092; x_wconf 87' lang='lat' dir='ltr'><strong>fuisse.</strong></span> <span class='ocrx_word' id='word_1_216' title='bbox 2379 3032 2601 3094; x_wconf 90' lang='lat' dir='ltr'><strong>Locum</strong></span> 
     </span>
     <span class='ocr_line' id='line_1_28' title="bbox 299 3124 2601 3210; baseline 0.002 -23"><span class='ocrx_word' id='word_1_217' title='bbox 299 3135 494 3188; x_wconf 89' lang='lat' dir='ltr'><strong>autem</strong></span> <span class='ocrx_word' id='word_1_218' title='bbox 561 3128 659 3187; x_wconf 82' lang='lat' dir='ltr'><strong>hic</strong></span> <span class='ocrx_word' id='word_1_219' title='bbox 723 3127 978 3207; x_wconf 87' lang='lat' dir='ltr'><strong>obtinet,</strong></span> <span class='ocrx_word' id='word_1_220' title='bbox 1035 3127 1192 3207; x_wconf 90' lang='lat' dir='ltr'><strong>quod</strong></span> <span class='ocrx_word' id='word_1_221' title='bbox 1257 3137 1392 3207; x_wconf 88' lang='lat' dir='ltr'><strong>post</strong></span> <span class='ocrx_word' id='word_1_222' title='bbox 1455 3146 1641 3188; x_wconf 89' lang='lat' dir='ltr'><strong>annos</strong></span> <span class='ocrx_word' id='word_1_223' title='bbox 1696 3124 2328 3210; x_wconf 72' lang='lat' dir='ltr'><strong>55s699—51s703,</strong></span> <span class='ocrx_word' id='word_1_224' title='bbox 2386 3131 2601 3210; x_wconf 89' lang='lat' dir='ltr'><strong>quibus</strong></span> 
     </span>
     <span class='ocr_line' id='line_1_29' title="bbox 297 3225 2601 3306; baseline 0.002 -20"><span class='ocrx_word' id='word_1_225' title='bbox 297 3227 552 3305; x_wconf 77' lang='lat' dir='ltr'><strong>Appium</strong></span> <span class='ocrx_word' id='word_1_226' title='bbox 609 3225 920 3286; x_wconf 90' lang='lat' dir='ltr'><strong>Claudium</strong></span> <span class='ocrx_word' id='word_1_227' title='bbox 976 3236 1035 3287; x_wconf 91' lang='lat' dir='ltr'><strong>et</strong></span> <span class='ocrx_word' id='word_1_228' title='bbox 1083 3226 1394 3287; x_wconf 88' lang='lat' dir='ltr'><strong>Claudium</strong></span> <span class='ocrx_word' id='word_1_229' title='bbox 1449 3225 1771 3286; x_wconf 88' lang='lat' dir='ltr'><strong>Pulchrum</strong></span> <span class='ocrx_word' id='word_1_230' title='bbox 1820 3228 1879 3285; x_wconf 92' lang='lat' dir='ltr'><strong>in</strong></span> <span class='ocrx_word' id='word_1_231' title='bbox 1932 3229 2303 3306; x_wconf 86' lang='lat' dir='ltr'><strong>prouinciam</strong></span> <span class='ocrx_word' id='word_1_232' title='bbox 2360 3232 2601 3290; x_wconf 86' lang='lat' dir='ltr'><strong>comita-</strong></span> 
     </span>
     <span class='ocr_line' id='line_1_30' title="bbox 301 3323 2603 3404; baseline 0.001 -20"><span class='ocrx_word' id='word_1_233' title='bbox 301 3335 394 3385; x_wconf 84' lang='lat' dir='ltr'><strong>tus</strong></span> <span class='ocrx_word' id='word_1_234' title='bbox 460 3332 590 3384; x_wconf 86' lang='lat' dir='ltr'><strong>erat</strong></span> <span class='ocrx_word' id='word_1_235' title='bbox 655 3326 848 3397; x_wconf 89' lang='lat' dir='ltr'><strong>(Suet.</strong></span> <span class='ocrx_word' id='word_1_236' title='bbox 896 3328 934 3384; x_wconf 90' lang='lat' dir='ltr'><strong>l.</strong></span> <span class='ocrx_word' id='word_1_237' title='bbox 979 3328 1077 3403; x_wconf 88' lang='lat' dir='ltr'><strong>s.)‚</strong></span> <span class='ocrx_word' id='word_1_238' title='bbox 1143 3326 1206 3390; x_wconf 92' lang='lat' dir='ltr'><strong>in</strong></span> <span class='ocrx_word' id='word_1_239' title='bbox 1271 3323 1733 3385; x_wconf 77' lang='lat' dir='ltr'><strong>familiaritatem</strong></span> <span class='ocrx_word' id='word_1_240' title='bbox 1802 3324 2065 3386; x_wconf 82' lang='lat' dir='ltr'><strong>Sallustii</strong></span> <span class='ocrx_word' id='word_1_241' title='bbox 2130 3335 2406 3404; x_wconf 86' lang='lat' dir='ltr'><strong>receptus</strong></span> <span class='ocrx_word' id='word_1_242' title='bbox 2472 3329 2603 3387; x_wconf 89' lang='lat' dir='ltr'><strong>eius</strong></span> 
     </span>
     <span class='ocr_line' id='line_1_31' title="bbox 297 3421 2602 3503; baseline 0.001 -21"><span class='ocrx_word' id='word_1_243' title='bbox 297 3422 610 3482; x_wconf 83' lang='lat' dir='ltr'><strong>historiam</strong></span> <span class='ocrx_word' id='word_1_244' title='bbox 663 3421 963 3483; x_wconf 88' lang='lat' dir='ltr'><strong>breuiario</strong></span> <span class='ocrx_word' id='word_1_245' title='bbox 1010 3425 1276 3483; x_wconf 89' lang='lat' dir='ltr'><strong>omnium</strong></span> <span class='ocrx_word' id='word_1_246' title='bbox 1327 3441 1526 3483; x_wconf 88' lang='lat' dir='ltr'><strong>rerum</strong></span> <span class='ocrx_word' id='word_1_247' title='bbox 1575 3421 1973 3482; x_wconf 84' lang='lat' dir='ltr'><strong>Romanarum</strong></span> <span class='ocrx_word' id='word_1_248' title='bbox 2030 3422 2275 3501; x_wconf 81' lang='lat' dir='ltr'><strong>adiuuit,</strong></span> <span class='ocrx_word' id='word_1_249' title='bbox 2323 3423 2480 3503; x_wconf 90' lang='lat' dir='ltr'><strong>quod</strong></span> <span class='ocrx_word' id='word_1_250' title='bbox 2529 3424 2602 3485; x_wconf 91' lang='lat' dir='ltr'><strong>ad</strong></span> 
     </span>
     <span class='ocr_line' id='line_1_32' title="bbox 301 3519 2603 3600; baseline 0.001 -21"><span class='ocrx_word' id='word_1_251' title='bbox 301 3539 434 3580; x_wconf 85' lang='lat' dir='ltr'><strong>eum</strong></span> <span class='ocrx_word' id='word_1_252' title='bbox 494 3539 630 3581; x_wconf 90' lang='lat' dir='ltr'><strong>cum</strong></span> <span class='ocrx_word' id='word_1_253' title='bbox 687 3520 912 3580; x_wconf 85' lang='lat' dir='ltr'><strong>honore</strong></span> <span class='ocrx_word' id='word_1_254' title='bbox 959 3523 1210 3580; x_wconf 88' lang='lat' dir='ltr'><strong>missum</strong></span> <span class='ocrx_word' id='word_1_255' title='bbox 1249 3523 1392 3600; x_wconf 88' lang='lat' dir='ltr'><strong>quin</strong></span> <span class='ocrx_word' id='word_1_256' title='bbox 1450 3522 1631 3580; x_wconf 88' lang='lat' dir='ltr'><strong>etiam</strong></span> <span class='ocrx_word' id='word_1_257' title='bbox 1688 3522 1751 3579; x_wconf 92' lang='lat' dir='ltr'><strong>in</strong></span> <span class='ocrx_word' id='word_1_258' title='bbox 1796 3519 2105 3598; x_wconf 90' lang='lat' dir='ltr'><strong>publicum</strong></span> <span class='ocrx_word' id='word_1_259' title='bbox 2152 3523 2436 3600; x_wconf 85' lang='lat' dir='ltr'><strong>emiserit,</strong></span> <span class='ocrx_word' id='word_1_260' title='bbox 2484 3541 2603 3582; x_wconf 89' lang='lat' dir='ltr'><strong>non</strong></span> 
     </span>
     <span class='ocr_line' id='line_1_33' title="bbox 302 3612 2605 3700; baseline 0.001 -22"><span class='ocrx_word' id='word_1_261' title='bbox 302 3627 392 3678; x_wconf 89' lang='lat' dir='ltr'><strong>est</strong></span> <span class='ocrx_word' id='word_1_262' title='bbox 435 3617 595 3697; x_wconf 86' lang='lat' dir='ltr'><strong>quod</strong></span> <span class='ocrx_word' id='word_1_263' title='bbox 645 3617 984 3680; x_wconf 88' lang='lat' dir='ltr'><strong>dubitemus</strong></span> <span class='ocrx_word' id='word_1_264' title='bbox 1023 3612 1168 3700; x_wconf 82' lang='lat' dir='ltr'><strong>(etsi</strong></span> <span class='ocrx_word' id='word_1_265' title='bbox 1225 3617 1381 3697; x_wconf 90' lang='lat' dir='ltr'><strong>quod</strong></span> <span class='ocrx_word' id='word_1_266' title='bbox 1437 3636 1623 3678; x_wconf 89' lang='lat' dir='ltr'><strong>unum</strong></span> <span class='ocrx_word' id='word_1_267' title='bbox 1683 3618 2077 3696; x_wconf 80' lang='lat' dir='ltr'><strong>fragmentum</strong></span> <span class='ocrx_word' id='word_1_268' title='bbox 2135 3618 2250 3679; x_wconf 91' lang='lat' dir='ltr'><strong>huc</strong></span> <span class='ocrx_word' id='word_1_269' title='bbox 2302 3623 2605 3698; x_wconf 87' lang='lat' dir='ltr'><strong>pertinere</strong></span> 
     </span>
     <span class='ocr_line' id='line_1_34' title="bbox 301 3710 2605 3800; baseline 0.001 -23"><span class='ocrx_word' id='word_1_270' title='bbox 301 3725 521 3795; x_wconf 86' lang='lat' dir='ltr'><strong>potest,</strong></span> <span class='ocrx_word' id='word_1_271' title='bbox 579 3717 970 3794; x_wconf 89' lang='lat' dir='ltr'><strong>inscriptione</strong></span> <span class='ocrx_word' id='word_1_272' title='bbox 1027 3710 1236 3800; x_wconf 89' lang='lat' dir='ltr'><strong>caret).</strong></span> <span class='ocrx_word' id='word_1_273' title='bbox 1301 3724 1506 3776; x_wconf 90' lang='lat' dir='ltr'><strong>contra</strong></span> <span class='ocrx_word' id='word_1_274' title='bbox 1556 3717 1616 3774; x_wconf 88' lang='lat' dir='ltr'><strong>in</strong></span> <span class='ocrx_word' id='word_1_275' title='bbox 1666 3718 1791 3793; x_wconf 85' lang='lat' dir='ltr'><strong>ipsa</strong></span> <span class='ocrx_word' id='word_1_276' title='bbox 1840 3734 1945 3775; x_wconf 89' lang='lat' dir='ltr'><strong>sua</strong></span> <span class='ocrx_word' id='word_1_277' title='bbox 2002 3726 2127 3776; x_wconf 87' lang='lat' dir='ltr'><strong>arte</strong></span> <span class='ocrx_word' id='word_1_278' title='bbox 2174 3726 2449 3778; x_wconf 86' lang='lat' dir='ltr'><strong>uersatus</strong></span> <span class='ocrx_word' id='word_1_279' title='bbox 2497 3727 2605 3798; x_wconf 85' lang='lat' dir='ltr'><strong>est,</strong></span> 
     </span>
     <span class='ocr_line' id='line_1_35' title="bbox 302 3809 2604 3893; baseline 0.002 -21"><span class='ocrx_word' id='word_1_280' title='bbox 302 3833 434 3875; x_wconf 87' lang='lat' dir='ltr'><strong>eum</strong></span> <span class='ocrx_word' id='word_1_281' title='bbox 486 3813 764 3875; x_wconf 84' lang='lat' dir='ltr'><strong>Sallustio</strong></span> <span class='ocrx_word' id='word_1_282' title='bbox 813 3810 1078 3893; x_wconf 79' lang='lat' dir='ltr'><strong>‘antiqua</strong></span> <span class='ocrx_word' id='word_1_283' title='bbox 1116 3813 1300 3875; x_wconf 90' lang='lat' dir='ltr'><strong>uerba</strong></span> <span class='ocrx_word' id='word_1_284' title='bbox 1341 3822 1401 3874; x_wconf 91' lang='lat' dir='ltr'><strong>et</strong></span> <span class='ocrx_word' id='word_1_285' title='bbox 1438 3809 1682 3892; x_wconf 84' lang='lat' dir='ltr'><strong>figuras&#39;</strong></span> <span class='ocrx_word' id='word_1_286' title='bbox 1722 3813 2044 3891; x_wconf 82' lang='lat' dir='ltr'><strong>colligeret,</strong></span> <span class='ocrx_word' id='word_1_287' title='bbox 2094 3833 2281 3893; x_wconf 83' lang='lat' dir='ltr'><strong>eoque</strong></span> <span class='ocrx_word' id='word_1_288' title='bbox 2327 3815 2604 3876; x_wconf 76' lang='lat' dir='ltr'><strong>defuncto</strong></span> 
     </span>
     <span class='ocr_line' id='line_1_36' title="bbox 305 3909 2604 3991; baseline 0.001 -19"><span class='ocrx_word' id='word_1_289' title='bbox 305 3913 568 3974; x_wconf 78' lang='lat' dir='ltr'><strong>Asinium</strong></span> <span class='ocrx_word' id='word_1_290' title='bbox 629 3910 954 3972; x_wconf 89' lang='lat' dir='ltr'><strong>Pollionem</strong></span> <span class='ocrx_word' id='word_1_291' title='bbox 1022 3909 1380 3991; x_wconf 78' lang='lat' dir='ltr'><strong>‘praeceptis</strong></span> <span class='ocrx_word' id='word_1_292' title='bbox 1447 3910 1518 3971; x_wconf 86' lang='lat' dir='ltr'><strong>de</strong></span> <span class='ocrx_word' id='word_1_293' title='bbox 1584 3912 1813 3972; x_wconf 86' lang='lat' dir='ltr'><strong>ratione</strong></span> <span class='ocrx_word' id='word_1_294' title='bbox 1876 3911 2203 3972; x_wconf 89' lang='lat' dir='ltr'><strong>scribendi&#39;</strong></span> <span class='ocrx_word' id='word_1_295' title='bbox 2265 3917 2604 3975; x_wconf 86' lang='lat' dir='ltr'><strong>instrueret.</strong></span> 
     </span>
    </p>
   </div>
   <div class='ocr_carea' id='block_1_5' title="bbox 338 4063 739 4072">
    <p class='ocr_par' dir='ltr' id='par_1_7' title="bbox 338 4063 739 4072">
     <span class='ocr_line' id='line_1_37' title="bbox 338 4063 739 4072; baseline -0.002 -1"><span class='ocrx_word' id='word_1_296' title='bbox 338 4065 393 4072; x_wconf 53' lang='grc'><strong>,-</strong></span> <span class='ocrx_word' id='word_1_297' title='bbox 413 4066 455 4071; x_wconf 85' lang='grc'><strong>.--</strong></span> <span class='ocrx_word' id='word_1_298' title='bbox 488 4065 547 4071; x_wconf 67' lang='grc'>...--</span> <span class='ocrx_word' id='word_1_299' title='bbox 568 4066 589 4070; x_wconf 83' lang='grc'>-</span> <span class='ocrx_word' id='word_1_300' title='bbox 648 4063 739 4070; x_wconf 52' lang='grc' dir='ltr'><em>---ω-</em></span> 
     </span>
    </p>
   </div>
   <div class='ocr_carea' id='block_1_6' title="bbox 304 4155 2607 4371">
    <p class='ocr_par' dir='ltr' id='par_1_8' title="bbox 304 4155 2607 4371">
     <span class='ocr_line' id='line_1_38' title="bbox 485 4155 2607 4226; baseline -0.001 -16"><span class='ocrx_word' id='word_1_301' title='bbox 485 4159 534 4210; x_wconf 55' lang='lat'><strong>15</strong></span> <span class='ocrx_word' id='word_1_302' title='bbox 572 4155 640 4208; x_wconf 89' lang='lat' dir='ltr'><strong>H.</strong></span> <span class='ocrx_word' id='word_1_303' title='bbox 683 4155 846 4210; x_wconf 77' lang='lat' dir='ltr'><strong>Graff</strong></span> <span class='ocrx_word' id='word_1_304' title='bbox 889 4157 1173 4224; x_wconf 70' lang='lat' dir='ltr'><strong>Me&#39;lanyes</strong></span> <span class='ocrx_word' id='word_1_305' title='bbox 1217 4157 1546 4226; x_wconf 71' lang='lat' dir='ltr'><strong>yre&#39;co-rom.</strong></span> <span class='ocrx_word' id='word_1_306' title='bbox 1585 4155 1653 4208; x_wconf 85' lang='lat' dir='ltr'><strong>de</strong></span> <span class='ocrx_word' id='word_1_307' title='bbox 1690 4155 2004 4208; x_wconf 82' lang='lat' dir='ltr'><strong>l’academie</strong></span> <span class='ocrx_word' id='word_1_308' title='bbox 2050 4156 2115 4210; x_wconf 84' lang='lat' dir='ltr'><strong>de</strong></span> <span class='ocrx_word' id='word_1_309' title='bbox 2164 4156 2240 4210; x_wconf 80' lang='lat' dir='ltr'><strong>St.</strong></span> <span class='ocrx_word' id='word_1_310' title='bbox 2282 4158 2607 4226; x_wconf 51' lang='lat' dir='ltr'><strong>Peterson-ry</strong></span> 
     </span>
     <span class='ocr_line' id='line_1_39' title="bbox 304 4235 2607 4303; baseline -0.001 -14"><span class='ocrx_word' id='word_1_311' title='bbox 304 4236 353 4289; x_wconf 88' lang='lat'><strong>11</strong></span> <span class='ocrx_word' id='word_1_312' title='bbox 389 4243 692 4302; x_wconf 76' lang='grc'><strong>274-320,</strong></span> <span class='ocrx_word' id='word_1_313' title='bbox 740 4236 898 4290; x_wconf 79' lang='lat' dir='ltr'><strong>cuius</strong></span> <span class='ocrx_word' id='word_1_314' title='bbox 946 4235 1335 4290; x_wconf 77' lang='lat' dir='ltr'><strong>commentarii</strong></span> <span class='ocrx_word' id='word_1_315' title='bbox 1381 4235 1731 4288; x_wconf 73' lang='lat' dir='ltr'><strong>mentionem</strong></span> <span class='ocrx_word' id='word_1_316' title='bbox 1781 4236 1933 4303; x_wconf 81' lang='lat' dir='ltr'><strong>apud</strong></span> <span class='ocrx_word' id='word_1_317' title='bbox 1973 4235 2265 4289; x_wconf 82' lang='lat' dir='ltr'><strong>Goetzium</strong></span> <span class='ocrx_word' id='word_1_318' title='bbox 2304 4237 2361 4288; x_wconf 87' lang='lat' dir='ltr'><strong>in</strong></span> <span class='ocrx_word' id='word_1_319' title='bbox 2406 4237 2607 4303; x_wconf 66' lang='lat' dir='ltr'><strong>Pauly-</strong></span> 
     </span>
     <span class='ocr_line' id='line_1_40' title="bbox 308 4315 1336 4371; baseline 0.002 -3"><span class='ocrx_word' id='word_1_320' title='bbox 308 4317 580 4371; x_wconf 75' lang='lat' dir='ltr'><strong>Wissowa.</strong></span> <span class='ocrx_word' id='word_1_321' title='bbox 619 4315 752 4370; x_wconf 86' lang='lat' dir='ltr'><strong>Enc.</strong></span> <span class='ocrx_word' id='word_1_322' title='bbox 783 4317 834 4369; x_wconf 92' lang='lat'><strong>11</strong></span> <span class='ocrx_word' id='word_1_323' title='bbox 872 4333 918 4370; x_wconf 90' lang='lat' dir='ltr'><strong>c.</strong></span> <span class='ocrx_word' id='word_1_324' title='bbox 953 4320 1086 4370; x_wconf 79' lang='lat'>1911</span> <span class='ocrx_word' id='word_1_325' title='bbox 1127 4315 1336 4370; x_wconf 84' lang='lat' dir='ltr'><strong>inueni.</strong></span> 
     </span>
    </p>
   </div>
  </div>
 </body>
</html>
