3234 5034
707 266 858 312 χχιι
1201 242 1300 296 DE
1339 239 1807 296 SCRIPTORVM
1844 238 2035 293 VITIS
2073 240 2167 294 ET
2206 240 2521 295 SCRIPTIS

709 415 840 473 iure
903 420 1098 472 tamen
1161 430 1268 471 suo
1331 428 1464 470 eum
1527 409 1589 468 in
1654 406 2079 469 excellentibus
2142 408 2365 470 Latinis
2428 409 2731 471 historicis
2794 413 3004 490 posuit,

712 509 1029 573 dummodo
1076 528 1152 569 ne
1197 509 1301 589 qui
1349 525 1448 568 res
1496 514 1853 567 exornarent
1898 505 2003 566 sed
2050 509 2153 585 qui
2202 510 2607 569 examinarent
2654 516 2713 569 et
2764 511 3005 571 inuesti-

711 617 923 689 garent
979 606 1168 668 dictos
1224 624 1356 667 esse
1411 606 1894 684 interpretemur.
1986 624 2241 684 namque
2296 605 2793 685 quemadmodum
2848 609 3006 687 prin-

713 710 913 787 cipum
948 704 1436 786 philosophorum
1472 709 1788 783 praecepta
1825 721 1961 763 eum
2001 706 2079 764 ita
2116 703 2394 764 habuisse
2432 714 2712 785 percepta
2751 705 3007 784 tradidit,

713 813 780 867 ut
815 805 910 865 his
948 804 1020 865 ad
1057 806 1241 866 uitam
1281 802 1584 881 agendam,
1619 820 1737 862 non
1776 801 1847 862 ad
1886 804 2339 863 ostentationem
2378 812 2649 864 uteretur
2676 807 2758 875 (c.
2793 806 2893 879 17,
2922 806 3008 881 3),

715 913 891 984 atque
947 905 1059 963 etsi
1115 920 1345 963 summa
1402 902 1693 961 suauitate
1750 902 1871 960 oris
1929 908 2103 979 atque
2161 902 2326 961 uocis
2384 902 2657 981 florebat,
2702 911 2770 963 ut
2821 903 3008 963 excel-

715 1001 908 1062 lenter
935 1008 1200 1081 poemata
1229 1000 1645 1079 pronuntiaret
1664 998 1752 1073 (1,
1772 999 1831 1059 3.
1862 1000 1921 1074 4,
1946 1000 2032 1077 1),
2054 998 2309 1060 eundem
2338 1008 2533 1061 tamen
2568 1001 3011 1062 recitationibus

715 1100 956 1179 gloriari
991 1098 1254 1160 noluisse
1293 1096 1399 1158 sed
1437 1097 1582 1157 satis
1618 1095 1898 1157 habuisse
1936 1096 2275 1158 incredibili
2308 1098 2605 1160 breuitate
2644 1118 3011 1176 summorum

715 1199 984 1260 uirorum
1045 1196 1448 1257 Romanorum
1521 1195 1673 1255 sacta
1745 1196 2243 1275 magistratusque
2318 1200 2623 1275 quaternis
2697 1200 3013 1277 quinisque

715 1295 994 1358 uersibus
1052 1294 1162 1357 sub
1226 1292 1587 1372 imaginibus
1649 1299 1853 1354 eo'rum
1914 1296 2259 1373 exposuisse
2306 1295 2440 1371 (18,
2471 1298 2647 1373 5sq.)
2664 1292 2732 1379 ¹),
2796 1298 2885 1355 sic
2945 1295 3013 1355 de

717 1396 964 1455 historia
1021 1411 1221 1454 rerum
1278 1389 1684 1452 tantummodo
1740 1394 2163 1471 cognitionem,
2232 1392 2620 1473 diligentiam,
2684 1395 3011 1455 ubertatem

719 1492 1020 1573 praedicat
1065 1510 1256 1572 neque
1305 1490 1627 1569 quidquam
1676 1508 1743 1549 ea
1794 1490 2024 1551 dulcius
2073 1510 2203 1551 esse
2250 1510 2424 1571 posse
2464 1494 2569 1571 εἰς,
2616 1496 2719 1572 qui
2762 1493 3013 1572 aliquam

719 1591 1103 1671 cupiditatem
1167 1588 1422 1649 habeant
1484 1589 1729 1648 notitiae
1794 1589 2087 1649 clarorum
2153 1591 2421 1651 uirorum
2478 1594 2558 1663 (c.
2603 1586 2733 1674 18).
2826 1590 3015 1651 Etiam

720 1689 851 1749 aliis
907 1687 1086 1748 rebus
1141 1688 1288 1748 haec
1335 1688 1484 1747 ratio
1537 1685 1869 1747 studiorum
1918 1688 2353 1767 comprobatur.
2444 1708 2579 1749 nam
2629 1690 2837 1749 Cicero
2884 1708 3015 1749 rum

721 1790 851 1849 eius
909 1786 1128 1849 librum
1192 1784 1263 1845 de
1325 1783 1635 1845 consulatu
1694 1784 1961 1864 legisset,
2022 1785 2323 1847 horridula
2381 1787 2495 1847 sibi
2548 1786 2647 1847 illa
2704 1796 2879 1867 atque
2930 1789 3019 1846 in-

721 1894 952 1964 compta
1013 1886 1142 1945 uisa
1205 1902 1336 1943 esse
1399 1884 1733 1961 rescripsit,
1802 1891 2007 1944 ornata
2066 1883 2178 1943 hoc
2238 1886 2393 1964 ipsc,
2456 1886 2611 1965 quod
2676 1894 3018 1947 ornamenta

721 1983 986 2063 neglecta
1048 1990 1249 2043 essent
1297 1984 1412 2055 (ad
1455 1982 1574 2041 Λα.
1617 1982 1695 2041 II
1736 1983 1791 2055 1,
1834 1983 1919 2055 1).
2015 1981 2227 2043 deinde
2288 1984 2514 2045 Atticus
2574 1992 2701 2044 arta
2762 1985 3019 2045 amicitia

723 2102 858 2143 cum
905 2081 978 2141 M.
1017 2080 1296 2141 Terentio
1332 2080 1592 2139 Varrone
1652 2081 2003 2140 coniunctus
2060 2090 2211 2159 erat,
2258 2083 2359 2159 qui
2418 2090 2477 2141 et.
2524 2082 2705 2142 libros
2758 2084 2845 2142 De
2892 2087 3021 2142 uim

709 2185 931 2259 populi
969 2181 1234 2241 Romani
1279 2176 1354 2238 ad
1400 2196 1538 2238 eum
1583 2179 1747 2239 misit
1794 2186 1853 2237 et
1898 2198 2079 2239 senex
2126 2180 2187 2239 in
2238 2182 2341 2259 εἰς,
2389 2200 2539 2259 quos
2587 2179 2657 2240 de
2697 2199 2762 2240 re
2802 2181 3019 2240 rustica

725 2279 1072 2357 composuit,
1121 2275 1551 2355 colloquentem
1600 2293 1736 2336 eum
1774 2276 2024 2357 induxit,
2064 2296 2199 2337 cum
2238 2276 2445 2339 Cicero
2484 2280 2679 2338 animo
2718 2287 2776 2338 et
2815 2278 3022 2338 uolun-

727 2385 845 2438 tate
893 2376 965 2436 ad
1003 2376 1326 2436 Varronem
1372 2373 1530 2434 haud
1577 2375 1659 2434 ita
1706 2374 2021 2437 inclinaret
2066 2376 2375 2455 Atticoque
2424 2377 2641 2437 iterum
2689 2377 3021 2455 iterumque

725 2473 1058 2537 monendus
1104 2479 1279 2552 esset,
1326 2480 1392 2533 ut
1437 2474 1500 2531 in
1547 2474 1787 2551 scriptis
1836 2475 1961 2534 suis
2008 2476 2137 2534 eius
2186 2476 2471 2535 rationem
2518 2474 2780 2535 haberet.
2847 2476 3021 2535 etiam

727 2574 904 2634 Attici
959 2573 1143 2651 igitur
1195 2570 1408 2631 honori
1463 2570 1522 2630 id
1579 2570 1861 2632 tribuisse
1908 2571 2173 2651 uidetur,
2230 2581 2292 2633 ut
2352 2574 2413 2633 in
2462 2572 2643 2633 Bruto
2690 2574 2825 2648 (75,
2866 2572 3023 2646 262)

731 2673 800 2732 de
849 2672 1118 2732 Caesaris
1166 2671 1607 2730 commentariis
1664 2670 1934 2730 iudicans
1990 2670 2139 2730 nihil
2194 2690 2325 2731 esse
2372 2673 2433 2730 in
2482 2672 2725 2731 historia
2774 2688 2921 2751 pura
2970 2680 3025 2729 et.

728 2770 948 2831 illustri
1011 2768 1304 2828 breuitate
1369 2766 1598 2827 dulcius
1660 2786 1792 2828 esse
1853 2776 2155 2829 statueret.
2170 2764 2221 2851 ²)
2296 2780 2421 2830 tum
2480 2768 2713 2848 (licem,
2771 2788 2907 2829 cum
2956 2768 3023 2829 ad

729 2870 988 2929 Attirnm
1037 2865 1329 2927 scriberet
1376 2868 1412 2939 (
1419 2866 1509 2926 VI
1547 2866 1606 2941 1,
1649 2866 1778 2944 18),
1826 2866 2131 2927 Timaeum
2181 2869 2311 2928 eius
2359 2866 2707 2928 familiarem
2756 2866 3024 2946 appellat,

731 2984 908 3045 quem
973 2966 1232 3044 antiquis
1301 2964 1665 3042 temporibus
1726 2972 1971 3044 propter
2034 2966 2229 3025 omnia
2296 2965 2609 3044 colligendi
2674 2965 3023 3026 industriam

733 3074 1186 3143 temporumque
1235 3060 1461 3122 ordinis
1509 3062 1909 3123 constituendi
1958 3062 2215 3123 studium
2266 3063 2395 3124 aliis
2452 3063 2843 3141 admirationi,
2900 3062 3025 3122 aliis

732 3164 948 3223 inrisui
1005 3162 1188 3221 fuisse
1246 3167 1491 3221 constat.
1569 3160 1825 3241 denique
1873 3180 1943 3221 ex
1990 3162 2101 3221 hoc
2149 3164 2277 3223 eius
2326 3178 2541 3241 genere
2590 3160 2889 3222 scribendi
2938 3178 3022 3219 re·

642 3272 657 3283 ·
735 3259 1054 3341 petendum
1103 3266 1210 3338 est,
1258 3257 1416 3337 quod
1463 3267 1519 3320 et
1561 3258 1925 3339 Ciceronem,
1972 3270 2039 3321 ut
2076 3260 2149 3320 ad
2186 3261 2493 3321 historiam
2533 3278 2597 3319 se
2634 3266 3025 3333 conuerteret,

735 3359 1036 3419 adhortari
1081 3377 1197 3417 non
1247 3356 1492 3434 destitit,
1538 3376 1667 3417 eam
1716 3358 1943 3417 scilicet
1991 3358 2064 3417 ob
2112 3377 2369 3437 causam,
2418 3376 2490 3418 ne
2540 3357 2762 3418 diutius
2802 3358 3025 3417 litterae

923 3474 986 3479 -.—
1008 3473 1032 3479 ..-
1039 3471 1214 3479 .—-—--—

918 3532 969 3597 1)
1006 3527 1120 3582 Hos
1167 3544 1359 3581 uersus
1408 3532 1669 3597 separato
1716 3528 2001 3583 uolumine
2048 3529 2263 3599 publici
2316 3530 2455 3582 iuris
2502 3529 2655 3597 fecit,
2704 3529 2751 3581 si
2802 3528 3025 3597 quidem

735 3608 953 3662 Plinius
989 3626 1042 3661 n.
1073 3607 1126 3659 h.
1159 3614 1244 3675 35,
1277 3614 1338 3661 11
1389 3608 1506 3662 tale
1544 3608 1665 3662 eius
1703 3625 1843 3679 opus
1882 3609 2105 3664 citauit:
2145 3612 2461 3681 Imayiuum
2500 3627 2735 3664 amorem
2772 3612 3026 3679 flagrasse

736 3688 1014 3759 quondam
1043 3696 1195 3743 testes
1221 3697 1354 3744 aunt
1373 3690 1590 3743 Atticus
1617 3690 1709 3743 ine
1730 3690 2007 3745 Ciceronis
2032 3691 2176 3745 edito
2205 3692 2270 3743 de
2298 3692 2375 3743 eis
2400 3690 2697 3755 uolumine,
2724 3691 2809 3742 M.
2840 3691 3025 3752 Van-0,

736 3766 1016 3838 idemque'
1038 3784 1336 3837 usurpasse
1381 3768 1606 3822 uidetur
1643 3769 1702 3821 in
1740 3768 1900 3823 libris
1930 3790 2007 3823 v11
2037 3772 2095 3823 et
2120 3789 2313 3837 xxxm,
2360 3769 2419 3822 in
2467 3786 2703 3837 quorum
2750 3767 3024 3823 indicibus

741 3848 1106 3919 ‘Pomponius
1143 3848 1387 3903 Atticus’
1429 3852 1800 3903 enumeratur.

919 3930 974 4000 2)
1011 3928 1286 3984 Similiter
1321 3930 1697 3999 Tyrannionis
1735 3929 1977 3984 eruditio
2016 3930 2089 3984 ab
2130 3930 2318 3984 Attico
2366 3929 2543 3999 pluris
2582 3930 2756 3984 fiebat
2790 3946 2957 4000 quam
2994 3942 3026 3979 a.

741 4008 1004 4064 Cicerone
1033 4009 1129 4079 (ad
1157 4011 1274 4063 Att.
1297 4010 1398 4064 xl]
1427 4018 1476 4077 6,
1498 4012 1553 4081 2)
1582 4011 1829 4079 itemque
1860 4009 2104 4065 Cornelii
2132 4010 2369 4081 Nepotis
2396 4009 2681 4077 ieiunitas,
2709 4012 2807 4080 qui
2845 4026 3025 4064 rursus

739 4089 948 4143 librum
986 4091 1053 4144 de
1093 4090 1214 4144 uita
1251 4090 1645 4145 excellentium
1684 4092 2087 4160 imperatorum
2116 4091 2453 4145 Graecorum
2490 4090 2559 4145 ad
2592 4092 2842 4145 Atticum
2878 4088 3025 4143 misit

743 4172 912 4238 atque
959 4170 1078 4225 eius
1133 4174 1336 4242 rogatu
1391 4172 1600 4225 librum
1658 4172 1727 4225 de
1778 4171 1901 4225 uita
1947 4173 2005 4224 et
2051 4171 2301 4225 moribus
2356 4172 2429 4223 M.
2470 4170 2696 4225 Catonis
2745 4167 3023 4241 (Censorii)

743 4250 1048 4320 separatim
1059 4254 1304 4321 (praeter
1324 4268 1446 4305 eam
1466 4268 1637 4319 quam
1656 4250 1939 4306 historicis
1960 4251 2177 4306 Latinis
2195 4251 2452 4321 inseruit)
2474 4250 2611 4305 fecit
2628 4250 2751 4321 (uit.
2770 4250 2885 4306 eat.
2898 4250 3021 4315 8‚5).
