<?xml version="1.0" encoding="UTF-8"?>
<!DOCTYPE html PUBLIC "-//W3C//DTD XHTML 1.0 Transitional//EN"
    "http://www.w3.org/TR/xhtml1/DTD/xhtml1-transitional.dtd">
<html xmlns="http://www.w3.org/1999/xhtml" xml:lang="en" lang="en">
 <head>
  <title>
</title>
<meta http-equiv="Content-Type" content="text/html;charset=utf-8" />
  <meta name='ocr-system' content='tesseract 3.04.00' />
  <meta name='ocr-capabilities' content='ocr_page ocr_carea ocr_par ocr_line ocrx_word'/>
</head>
<body>
  <div class='ocr_page' id='page_1' title='image "./historicorvmrom00petegoog_0326.png"; bbox 0 0 3234 5034; ppageno 0'>
   <div class='ocr_carea' id='block_1_1' title="bbox 54 4302 56 4855">
    <p class='ocr_par' dir='ltr' id='par_1_1' title="bbox 54 4302 56 4855">
     <span class='ocr_line' id='line_1_1' title="bbox 54 4302 56 4855; baseline 0 0"><span class='ocrx_word' id='word_1_1' title='bbox 54 4302 56 4855; x_wconf 95' lang='lat' dir='ltr'> </span> 
     </span>
    </p>
   </div>
   <div class='ocr_carea' id='block_1_2' title="bbox 1041 341 2592 411">
    <p class='ocr_par' dir='ltr' id='par_1_2' title="bbox 1041 341 2592 411">
     <span class='ocr_line' id='line_1_2' title="bbox 1041 341 2592 411; baseline -0.001 -12"><span class='ocrx_word' id='word_1_2' title='bbox 1041 342 1096 399; x_wconf 87' lang='lat' dir='ltr'>C.</span> <span class='ocrx_word' id='word_1_3' title='bbox 1128 341 1439 399; x_wconf 82' lang='lat' dir='ltr'>LICINIVS</span> <span class='ocrx_word' id='word_1_4' title='bbox 1475 341 1853 399; x_wconf 75' lang='lat' dir='ltr'>MVGIANVS</span> <span class='ocrx_word' id='word_1_5' title='bbox 2464 343 2592 411; x_wconf 80' lang='lat'>105</span> 
     </span>
    </p>
   </div>
   <div class='ocr_carea' id='block_1_3' title="bbox 212 511 2591 3445">
    <p class='ocr_par' dir='ltr' id='par_1_3' title="bbox 293 511 2591 889">
     <span class='ocr_line' id='line_1_3' title="bbox 297 511 2591 595; baseline 0.003 -25"><span class='ocrx_word' id='word_1_6' title='bbox 297 528 472 590; x_wconf 85' lang='lat' dir='ltr'>quam</span> <span class='ocrx_word' id='word_1_7' title='bbox 523 513 682 591; x_wconf 82' lang='lat' dir='ltr'><strong>capit</strong></span> <span class='ocrx_word' id='word_1_8' title='bbox 728 544 812 555; x_wconf 89' lang='lat'>—-</span> <span class='ocrx_word' id='word_1_9' title='bbox 861 511 974 572; x_wconf 90' lang='lat' dir='ltr'>alio</span> <span class='ocrx_word' id='word_1_10' title='bbox 1022 513 1183 573; x_wconf 87' lang='lat' dir='ltr'>intus</span> <span class='ocrx_word' id='word_1_11' title='bbox 1230 514 1562 592; x_wconf 76' lang='lat' dir='ltr'>excipiente</span> <span class='ocrx_word' id='word_1_12' title='bbox 1620 511 1975 574; x_wconf 78' lang='lat' dir='ltr'>centonibus</span> <span class='ocrx_word' id='word_1_13' title='bbox 2022 521 2281 592; x_wconf 87' lang='lat' dir='ltr'>raptum,</span> <span class='ocrx_word' id='word_1_14' title='bbox 2338 532 2414 574; x_wconf 91' lang='lat' dir='ltr'>ne</span> <span class='ocrx_word' id='word_1_15' title='bbox 2469 513 2591 595; x_wconf 89' lang='lat' dir='ltr'>pal·</span> 
     </span>
     <span class='ocr_line' id='line_1_4' title="bbox 294 608 2589 692; baseline 0.002 -23"><span class='ocrx_word' id='word_1_16' title='bbox 294 610 498 689; x_wconf 88' lang='lat' dir='ltr'>pitatio</span> <span class='ocrx_word' id='word_1_17' title='bbox 563 608 680 670; x_wconf 90' lang='lat' dir='ltr'>ulla</span> <span class='ocrx_word' id='word_1_18' title='bbox 747 616 847 670; x_wconf 87' lang='lat' dir='ltr'>aut</span> <span class='ocrx_word' id='word_1_19' title='bbox 913 628 1094 672; x_wconf 89' lang='lat' dir='ltr'>sonus</span> <span class='ocrx_word' id='word_1_20' title='bbox 1155 619 1387 672; x_wconf 83' lang='lat' dir='ltr'>ceteros</span> <span class='ocrx_word' id='word_1_21' title='bbox 1447 609 1659 689; x_wconf 81' lang='lat' dir='ltr'>abigat.</span> <span class='ocrx_word' id='word_1_22' title='bbox 1752 610 2195 673; x_wconf 77' lang='lat' dir='ltr'>conciliatorem</span> <span class='ocrx_word' id='word_1_23' title='bbox 2261 610 2589 692; x_wconf 76' lang='lat' dir='ltr'>[piscium]</span> 
     </span>
     <span class='ocr_line' id='line_1_5' title="bbox 294 705 2589 789; baseline 0.002 -22"><span class='ocrx_word' id='word_1_24' title='bbox 294 724 468 767; x_wconf 88' lang='lat' dir='ltr'>nosse</span> <span class='ocrx_word' id='word_1_25' title='bbox 524 705 599 770; x_wconf 90' lang='lat' dir='ltr'>ad</span> <span class='ocrx_word' id='word_1_26' title='bbox 654 707 768 769; x_wconf 91' lang='lat' dir='ltr'>hoc</span> <span class='ocrx_word' id='word_1_27' title='bbox 820 708 1089 788; x_wconf 87' lang='lat' dir='ltr'>prodest,</span> <span class='ocrx_word' id='word_1_28' title='bbox 1145 728 1218 770; x_wconf 88' lang='lat' dir='ltr'>ne</span> <span class='ocrx_word' id='word_1_29' title='bbox 1278 710 1570 789; x_wconf 76' lang='lat' dir='ltr'>capiatur,</span> <span class='ocrx_word' id='word_1_30' title='bbox 1628 708 1887 787; x_wconf 74' lang='lat' dir='ltr'>fugituro</span> <span class='ocrx_word' id='word_1_31' title='bbox 1935 710 1997 769; x_wconf 90' lang='lat' dir='ltr'>in</span> <span class='ocrx_word' id='word_1_32' title='bbox 2046 709 2346 789; x_wconf 89' lang='lat' dir='ltr'>reliquum</span> <span class='ocrx_word' id='word_1_33' title='bbox 2392 729 2589 789; x_wconf 82' lang='lat' dir='ltr'>grege.</span> 
     </span>
     <span class='ocr_line' id='line_1_6' title="bbox 293 798 2591 889; baseline 0.003 -24"><span class='ocrx_word' id='word_1_34' title='bbox 293 798 482 889; x_wconf 81' lang='lat'><em>(182)</em></span> <span class='ocrx_word' id='word_1_35' title='bbox 543 805 770 867; x_wconf 86' lang='lat' dir='ltr'>Ferunt</span> <span class='ocrx_word' id='word_1_36' title='bbox 834 806 1168 869; x_wconf 85' lang='lat' dir='ltr'>discordem</span> <span class='ocrx_word' id='word_1_37' title='bbox 1233 810 1462 869; x_wconf 90' lang='lat' dir='ltr'>socium</span> <span class='ocrx_word' id='word_1_38' title='bbox 1529 806 1667 869; x_wconf 87' lang='lat' dir='ltr'>duci</span> <span class='ocrx_word' id='word_1_39' title='bbox 1728 806 2071 869; x_wconf 90' lang='lat' dir='ltr'>insidiatum</span> <span class='ocrx_word' id='word_1_40' title='bbox 2139 808 2387 889; x_wconf 84' lang='lat' dir='ltr'>pulchre</span> <span class='ocrx_word' id='word_1_41' title='bbox 2450 816 2591 871; x_wconf 85' lang='lat' dir='ltr'>noto</span> 
     </span>
    </p>

    <p class='ocr_par' dir='ltr' id='par_1_4' title="bbox 223 902 2591 1163">
     <span class='ocr_line' id='line_1_7' title="bbox 223 902 2591 985; baseline 0.003 -22"><span class='ocrx_word' id='word_1_42' title='bbox 223 932 246 973; x_wconf 73' lang='lat'>⁵</span> <span class='ocrx_word' id='word_1_43' title='bbox 295 906 527 983; x_wconf 81' lang='lat' dir='ltr'>cepisse</span> <span class='ocrx_word' id='word_1_44' title='bbox 563 902 834 966; x_wconf 85' lang='lat' dir='ltr'>malefica</span> <span class='ocrx_word' id='word_1_45' title='bbox 869 904 1192 985; x_wconf 87' lang='lat' dir='ltr'>uoluntate,</span> <span class='ocrx_word' id='word_1_46' title='bbox 1231 907 1496 985; x_wconf 89' lang='lat' dir='ltr'>agnitum</span> <span class='ocrx_word' id='word_1_47' title='bbox 1533 907 1596 966; x_wconf 92' lang='lat' dir='ltr'>in</span> <span class='ocrx_word' id='word_1_48' title='bbox 1635 905 1883 967; x_wconf 90' lang='lat' dir='ltr'>macello</span> <span class='ocrx_word' id='word_1_49' title='bbox 1921 924 1953 966; x_wconf 90' lang='lat' dir='ltr'>a</span> <span class='ocrx_word' id='word_1_50' title='bbox 1982 908 2145 967; x_wconf 89' lang='lat' dir='ltr'>socio</span> <span class='ocrx_word' id='word_1_51' title='bbox 2174 909 2345 969; x_wconf 90' lang='lat' dir='ltr'>cuius</span> <span class='ocrx_word' id='word_1_52' title='bbox 2376 910 2591 971; x_wconf 84' lang='lat' dir='ltr'>iniuria</span> 
     </span>
     <span class='ocr_line' id='line_1_8' title="bbox 293 1002 2591 1084; baseline 0.002 -21"><span class='ocrx_word' id='word_1_53' title='bbox 293 1010 420 1063; x_wconf 87' lang='lat' dir='ltr'>erat</span> <span class='ocrx_word' id='word_1_54' title='bbox 465 1010 528 1063; x_wconf 88' lang='lat' dir='ltr'>et</span> <span class='ocrx_word' id='word_1_55' title='bbox 574 1002 774 1064; x_wconf 86' lang='lat' dir='ltr'>damni</span> <span class='ocrx_word' id='word_1_56' title='bbox 820 1004 1132 1066; x_wconf 83' lang='lat' dir='ltr'>formulam</span> <span class='ocrx_word' id='word_1_57' title='bbox 1179 1004 1397 1067; x_wconf 88' lang='lat' dir='ltr'>editam</span> <span class='ocrx_word' id='word_1_58' title='bbox 1445 1004 2021 1084; x_wconf 80' lang='lat' dir='ltr'>condemnatumque</span> <span class='ocrx_word' id='word_1_59' title='bbox 2076 1003 2240 1066; x_wconf 81' lang='lat' dir='ltr'>addit</span> <span class='ocrx_word' id='word_1_60' title='bbox 2286 1004 2591 1068; x_wconf 81' lang='lat' dir='ltr'>Mucianus</span> 
     </span>
     <span class='ocr_line' id='line_1_9' title="bbox 290 1100 768 1163; baseline 0.004 -2"><span class='ocrx_word' id='word_1_61' title='bbox 290 1102 598 1163; x_wconf 86' lang='lat' dir='ltr'>aestimata</span> <span class='ocrx_word' id='word_1_62' title='bbox 648 1100 768 1163; x_wconf 88' lang='lat' dir='ltr'>lite.</span> 
     </span>
    </p>

    <p class='ocr_par' dir='ltr' id='par_1_5' title="bbox 288 1194 2591 1381">
     <span class='ocr_line' id='line_1_10' title="bbox 471 1194 2591 1281; baseline 0.001 -21"><span class='ocrx_word' id='word_1_63' title='bbox 471 1194 592 1263; x_wconf 77' lang='lat'>2⁰.</span> <span class='ocrx_word' id='word_1_64' title='bbox 649 1202 804 1262; x_wconf 80' lang='lat' dir='ltr'>Plin.</span> <span class='ocrx_word' id='word_1_65' title='bbox 855 1221 911 1263; x_wconf 84' lang='lat' dir='ltr'>n.</span> <span class='ocrx_word' id='word_1_66' title='bbox 958 1205 1015 1263; x_wconf 78' lang='grc' dir='ltr'>Ιι.</span> <span class='ocrx_word' id='word_1_67' title='bbox 1064 1203 1173 1263; x_wconf 82' lang='lat' dir='ltr'>XI</span> <span class='ocrx_word' id='word_1_68' title='bbox 1219 1203 1350 1263; x_wconf 82' lang='lat'>167</span> <span class='ocrx_word' id='word_1_69' title='bbox 1415 1201 1632 1263; x_wconf 91' lang='lat' dir='ltr'>Zoclen</span> <span class='ocrx_word' id='word_1_70' title='bbox 1698 1200 2169 1281; x_wconf 81' lang='lat' dir='ltr'>Samothracem,</span> <span class='ocrx_word' id='word_1_71' title='bbox 2235 1204 2332 1263; x_wconf 92' lang='lat' dir='ltr'>cui</span> <span class='ocrx_word' id='word_1_72' title='bbox 2398 1205 2591 1264; x_wconf 79' lang='lat' dir='ltr'>renati</span> 
     </span>
     <span class='ocr_line' id='line_1_11' title="bbox 288 1297 2589 1381; baseline 0.001 -22"><span class='ocrx_word' id='word_1_73' title='bbox 288 1309 494 1359; x_wconf 88' lang='lat' dir='ltr'>essent</span> <span class='ocrx_word' id='word_1_74' title='bbox 543 1297 804 1377; x_wconf 78' lang='lat' dir='ltr'>[dentes]</span> <span class='ocrx_word' id='word_1_75' title='bbox 861 1308 992 1379; x_wconf 82' lang='lat' dir='ltr'>post</span> <span class='ocrx_word' id='word_1_76' title='bbox 1045 1313 1191 1361; x_wconf 80' lang='lat'>01111</span> <span class='ocrx_word' id='word_1_77' title='bbox 1247 1318 1457 1380; x_wconf 80' lang='lat' dir='ltr'>annoS,</span> <span class='ocrx_word' id='word_1_78' title='bbox 1513 1299 1819 1361; x_wconf 84' lang='lat' dir='ltr'>Mucianus</span> <span class='ocrx_word' id='word_1_79' title='bbox 1876 1302 2073 1361; x_wconf 88' lang='lat' dir='ltr'>uisum</span> <span class='ocrx_word' id='word_1_80' title='bbox 2122 1320 2152 1361; x_wconf 88' lang='lat' dir='ltr'>a</span> <span class='ocrx_word' id='word_1_81' title='bbox 2202 1320 2265 1361; x_wconf 92' lang='lat' dir='ltr'>se</span> <span class='ocrx_word' id='word_1_82' title='bbox 2310 1300 2589 1381; x_wconf 70' lang='lat' dir='ltr'>prodidit„</span> 
     </span>
    </p>

    <p class='ocr_par' dir='ltr' id='par_1_6' title="bbox 223 1389 2591 1873">
     <span class='ocr_line' id='line_1_12' title="bbox 223 1389 2591 1479; baseline 0.002 -22"><span class='ocrx_word' id='word_1_83' title='bbox 223 1422 262 1465; x_wconf 68' lang='grc' dir='ltr'>ιο</span> <span class='ocrx_word' id='word_1_84' title='bbox 471 1389 590 1459; x_wconf 76' lang='lat'>21.</span> <span class='ocrx_word' id='word_1_85' title='bbox 641 1398 795 1459; x_wconf 77' lang='lat' dir='ltr'>Plin.</span> <span class='ocrx_word' id='word_1_86' title='bbox 834 1418 892 1459; x_wconf 85' lang='lat' dir='ltr'>n.</span> <span class='ocrx_word' id='word_1_87' title='bbox 929 1401 985 1460; x_wconf 75' lang='lat' dir='ltr'>h.</span> <span class='ocrx_word' id='word_1_88' title='bbox 1027 1400 1169 1460; x_wconf 84' lang='lat' dir='ltr'>XII</span> <span class='ocrx_word' id='word_1_89' title='bbox 1208 1402 1250 1459; x_wconf 82' lang='lat'><strong><em>9</em></strong></span> <span class='ocrx_word' id='word_1_90' title='bbox 1306 1397 1478 1460; x_wconf 90' lang='lat' dir='ltr'>Nunc</span> <span class='ocrx_word' id='word_1_91' title='bbox 1534 1406 1629 1461; x_wconf 90' lang='lat' dir='ltr'>est</span> <span class='ocrx_word' id='word_1_92' title='bbox 1682 1399 1839 1459; x_wconf 87' lang='lat' dir='ltr'>clara</span> <span class='ocrx_word' id='word_1_93' title='bbox 1880 1398 2235 1478; x_wconf 72' lang='lat' dir='ltr'>[platanus]</span> <span class='ocrx_word' id='word_1_94' title='bbox 2295 1402 2357 1459; x_wconf 91' lang='lat' dir='ltr'>in</span> <span class='ocrx_word' id='word_1_95' title='bbox 2414 1398 2591 1479; x_wconf 78' lang='lat' dir='ltr'>Lycia</span> 
     </span>
     <span class='ocr_line' id='line_1_13' title="bbox 288 1494 2590 1577; baseline 0.003 -22"><span class='ocrx_word' id='word_1_96' title='bbox 288 1496 468 1557; x_wconf 80' lang='lat' dir='ltr'>sontis</span> <span class='ocrx_word' id='word_1_97' title='bbox 515 1494 698 1574; x_wconf 81' lang='lat' dir='ltr'>gelidi</span> <span class='ocrx_word' id='word_1_98' title='bbox 735 1498 894 1557; x_wconf 89' lang='lat' dir='ltr'>socia</span> <span class='ocrx_word' id='word_1_99' title='bbox 933 1500 1306 1576; x_wconf 82' lang='lat' dir='ltr'>amoenitate,</span> <span class='ocrx_word' id='word_1_100' title='bbox 1344 1498 1549 1558; x_wconf 89' lang='lat' dir='ltr'>itineri</span> <span class='ocrx_word' id='word_1_101' title='bbox 1587 1496 1853 1577; x_wconf 86' lang='lat' dir='ltr'>adposita</span> <span class='ocrx_word' id='word_1_102' title='bbox 1894 1497 2178 1558; x_wconf 89' lang='lat' dir='ltr'>domicilii</span> <span class='ocrx_word' id='word_1_103' title='bbox 2214 1497 2405 1577; x_wconf 88' lang='lat' dir='ltr'>modo,</span> <span class='ocrx_word' id='word_1_104' title='bbox 2444 1516 2590 1561; x_wconf 86' lang='lat' dir='ltr'>caua</span> 
     </span>
     <span class='ocr_line' id='line_1_14' title="bbox 287 1595 2591 1676; baseline 0.002 -22"><span class='ocrx_word' id='word_1_105' title='bbox 287 1596 588 1673; x_wconf 88' lang='lat' dir='ltr'>octoginta</span> <span class='ocrx_word' id='word_1_106' title='bbox 633 1601 810 1674; x_wconf 87' lang='lat' dir='ltr'>atque</span> <span class='ocrx_word' id='word_1_107' title='bbox 857 1598 1036 1657; x_wconf 89' lang='lat' dir='ltr'>unius</span> <span class='ocrx_word' id='word_1_108' title='bbox 1074 1595 1292 1676; x_wconf 90' lang='lat' dir='ltr'>pedum</span> <span class='ocrx_word' id='word_1_109' title='bbox 1330 1614 1531 1675; x_wconf 86' lang='lat' dir='ltr'>specu,</span> <span class='ocrx_word' id='word_1_110' title='bbox 1580 1613 1891 1656; x_wconf 89' lang='lat' dir='ltr'>nemorosa</span> <span class='ocrx_word' id='word_1_111' title='bbox 1938 1599 2165 1657; x_wconf 85' lang='lat' dir='ltr'>uertice</span> <span class='ocrx_word' id='word_1_112' title='bbox 2206 1605 2265 1657; x_wconf 89' lang='lat' dir='ltr'>et</span> <span class='ocrx_word' id='word_1_113' title='bbox 2302 1615 2365 1657; x_wconf 91' lang='lat' dir='ltr'>se</span> <span class='ocrx_word' id='word_1_114' title='bbox 2404 1598 2591 1658; x_wconf 88' lang='lat' dir='ltr'>uastis</span> 
     </span>
     <span class='ocr_line' id='line_1_15' title="bbox 289 1692 2589 1773; baseline 0.001 -20"><span class='ocrx_word' id='word_1_115' title='bbox 289 1700 610 1773; x_wconf 89' lang='lat' dir='ltr'>protegens</span> <span class='ocrx_word' id='word_1_116' title='bbox 655 1696 838 1755; x_wconf 90' lang='lat' dir='ltr'>ramis</span> <span class='ocrx_word' id='word_1_117' title='bbox 885 1694 1164 1755; x_wconf 87' lang='lat' dir='ltr'>arborum</span> <span class='ocrx_word' id='word_1_118' title='bbox 1213 1696 1416 1773; x_wconf 86' lang='lat' dir='ltr'>instar,</span> <span class='ocrx_word' id='word_1_119' title='bbox 1465 1710 1639 1771; x_wconf 88' lang='lat' dir='ltr'>agros</span> <span class='ocrx_word' id='word_1_120' title='bbox 1688 1693 1877 1773; x_wconf 85' lang='lat' dir='ltr'>longis</span> <span class='ocrx_word' id='word_1_121' title='bbox 1916 1692 2191 1755; x_wconf 89' lang='lat' dir='ltr'>obtinens</span> <span class='ocrx_word' id='word_1_122' title='bbox 2227 1693 2475 1771; x_wconf 87' lang='lat' dir='ltr'>umbris,</span> <span class='ocrx_word' id='word_1_123' title='bbox 2522 1714 2589 1756; x_wconf 88' lang='lat' dir='ltr'>ac</span> 
     </span>
     <span class='ocr_line' id='line_1_16' title="bbox 290 1790 2589 1873; baseline 0.001 -22"><span class='ocrx_word' id='word_1_124' title='bbox 290 1808 363 1851; x_wconf 87' lang='lat' dir='ltr'>ne</span> <span class='ocrx_word' id='word_1_125' title='bbox 421 1790 568 1871; x_wconf 88' lang='lat' dir='ltr'>quid</span> <span class='ocrx_word' id='word_1_126' title='bbox 628 1790 782 1852; x_wconf 88' lang='lat' dir='ltr'>desit</span> <span class='ocrx_word' id='word_1_127' title='bbox 835 1792 1152 1873; x_wconf 84' lang='lat' dir='ltr'>speluncae</span> <span class='ocrx_word' id='word_1_128' title='bbox 1211 1794 1483 1869; x_wconf 75' lang='lat' dir='ltr'>imagini,</span> <span class='ocrx_word' id='word_1_129' title='bbox 1541 1810 1715 1853; x_wconf 86' lang='lat' dir='ltr'>saxea</span> <span class='ocrx_word' id='word_1_130' title='bbox 1772 1794 1933 1853; x_wconf 88' lang='lat' dir='ltr'>intus</span> <span class='ocrx_word' id='word_1_131' title='bbox 1989 1792 2317 1873; x_wconf 85' lang='lat' dir='ltr'>crepidinis</span> <span class='ocrx_word' id='word_1_132' title='bbox 2372 1812 2589 1854; x_wconf 90' lang='lat' dir='ltr'>corona</span> 
     </span>
    </p>

    <p class='ocr_par' dir='ltr' id='par_1_7' title="bbox 221 1889 2589 1972">
     <span class='ocr_line' id='line_1_17' title="bbox 221 1889 2589 1972; baseline -0 -18"><span class='ocrx_word' id='word_1_133' title='bbox 221 1908 266 1956; x_wconf 68' lang='grc' dir='ltr'>ιε</span> <span class='ocrx_word' id='word_1_134' title='bbox 292 1908 598 1951; x_wconf 89' lang='lat' dir='ltr'>muscosos</span> <span class='ocrx_word' id='word_1_135' title='bbox 645 1890 949 1971; x_wconf 82' lang='lat' dir='ltr'>complexa</span> <span class='ocrx_word' id='word_1_136' title='bbox 995 1893 1281 1972; x_wconf 89' lang='lat' dir='ltr'>pumices,</span> <span class='ocrx_word' id='word_1_137' title='bbox 1327 1898 1447 1951; x_wconf 82' lang='lat' dir='ltr'>tam</span> <span class='ocrx_word' id='word_1_138' title='bbox 1498 1889 1673 1970; x_wconf 87' lang='lat' dir='ltr'>digna</span> <span class='ocrx_word' id='word_1_139' title='bbox 1719 1890 2023 1969; x_wconf 85' lang='lat' dir='ltr'>miraculo,</span> <span class='ocrx_word' id='word_1_140' title='bbox 2059 1899 2127 1952; x_wconf 90' lang='lat' dir='ltr'>ut</span> <span class='ocrx_word' id='word_1_141' title='bbox 2163 1890 2427 1953; x_wconf 89' lang='lat' dir='ltr'>Licinius</span> <span class='ocrx_word' id='word_1_142' title='bbox 2464 1891 2589 1953; x_wconf 89' lang='lat' dir='ltr'>Mu-</span> 
     </span>
    </p>

    <p class='ocr_par' dir='ltr' id='par_1_8' title="bbox 233 1978 2589 2365">
     <span class='ocr_line' id='line_1_18' title="bbox 233 1978 2589 2071; baseline 0.001 -23"><span class='ocrx_word' id='word_1_143' title='bbox 233 2027 238 2035; x_wconf 84' lang='lat'><strong>·</strong></span> <span class='ocrx_word' id='word_1_144' title='bbox 291 1990 522 2067; x_wconf 80' lang='lat' dir='ltr'>cianus,</span> <span class='ocrx_word' id='word_1_145' title='bbox 583 1978 680 2050; x_wconf 77' lang='lat' dir='ltr'>tei·</span> <span class='ocrx_word' id='word_1_146' title='bbox 724 1988 930 2051; x_wconf 87' lang='lat' dir='ltr'>consul</span> <span class='ocrx_word' id='word_1_147' title='bbox 979 1997 1041 2051; x_wconf 88' lang='lat' dir='ltr'>et</span> <span class='ocrx_word' id='word_1_148' title='bbox 1083 2007 1278 2070; x_wconf 87' lang='lat' dir='ltr'>nuper</span> <span class='ocrx_word' id='word_1_149' title='bbox 1324 1990 1669 2069; x_wconf 86' lang='lat' dir='ltr'>prouinciae</span> <span class='ocrx_word' id='word_1_150' title='bbox 1726 1990 1855 2049; x_wconf 90' lang='lat' dir='ltr'>eius</span> <span class='ocrx_word' id='word_1_151' title='bbox 1901 1989 2155 2069; x_wconf 79' lang='lat' dir='ltr'>legatuS,</span> <span class='ocrx_word' id='word_1_152' title='bbox 2215 1988 2589 2071; x_wconf 88' lang='lat' dir='ltr'>prodendum</span> 
     </span>
     <span class='ocr_line' id='line_1_19' title="bbox 291 2086 2589 2168; baseline 0.001 -22"><span class='ocrx_word' id='word_1_153' title='bbox 291 2088 466 2147; x_wconf 86' lang='lat' dir='ltr'>etiam</span> <span class='ocrx_word' id='word_1_154' title='bbox 511 2088 772 2167; x_wconf 85' lang='lat' dir='ltr'>posteris</span> <span class='ocrx_word' id='word_1_155' title='bbox 817 2090 1120 2167; x_wconf 89' lang='lat' dir='ltr'>putauerit</span> <span class='ocrx_word' id='word_1_156' title='bbox 1177 2086 1478 2168; x_wconf 89' lang='lat' dir='ltr'>epulatum</span> <span class='ocrx_word' id='word_1_157' title='bbox 1525 2089 1679 2149; x_wconf 86' lang='lat' dir='ltr'>intra</span> <span class='ocrx_word' id='word_1_158' title='bbox 1720 2104 1851 2149; x_wconf 90' lang='lat' dir='ltr'>eam</span> <span class='ocrx_word' id='word_1_159' title='bbox 1903 2106 1968 2147; x_wconf 89' lang='lat' dir='ltr'>se</span> <span class='ocrx_word' id='word_1_160' title='bbox 2016 2106 2151 2149; x_wconf 89' lang='lat' dir='ltr'>cum</span> <span class='ocrx_word' id='word_1_161' title='bbox 2193 2086 2589 2149; x_wconf 89' lang='lat' dir='ltr'>duodeuicen-</span> 
     </span>
     <span class='ocr_line' id='line_1_20' title="bbox 290 2184 2589 2267; baseline 0.001 -22"><span class='ocrx_word' id='word_1_162' title='bbox 290 2186 438 2245; x_wconf 89' lang='lat' dir='ltr'>simo</span> <span class='ocrx_word' id='word_1_163' title='bbox 488 2186 723 2265; x_wconf 88' lang='lat' dir='ltr'>comite,</span> <span class='ocrx_word' id='word_1_164' title='bbox 780 2185 942 2264; x_wconf 85' lang='lat' dir='ltr'>large</span> <span class='ocrx_word' id='word_1_165' title='bbox 990 2188 1116 2267; x_wconf 91' lang='lat' dir='ltr'>ipsa</span> <span class='ocrx_word' id='word_1_166' title='bbox 1165 2194 1328 2247; x_wconf 83' lang='lat' dir='ltr'>toros</span> <span class='ocrx_word' id='word_1_167' title='bbox 1371 2184 1697 2267; x_wconf 85' lang='lat' dir='ltr'>praebente</span> <span class='ocrx_word' id='word_1_168' title='bbox 1746 2185 1989 2263; x_wconf 77' lang='lat' dir='ltr'>frondis,</span> <span class='ocrx_word' id='word_1_169' title='bbox 2042 2185 2114 2246; x_wconf 90' lang='lat' dir='ltr'>ab</span> <span class='ocrx_word' id='word_1_170' title='bbox 2162 2188 2323 2247; x_wconf 90' lang='lat' dir='ltr'>omni</span> <span class='ocrx_word' id='word_1_171' title='bbox 2368 2185 2589 2248; x_wconf 79' lang='lat' dir='ltr'>adflatu</span> 
     </span>
     <span class='ocr_line' id='line_1_21' title="bbox 289 2283 2585 2365; baseline 0.001 -22"><span class='ocrx_word' id='word_1_172' title='bbox 289 2300 595 2362; x_wconf 84' lang='lat' dir='ltr'>securum,</span> <span class='ocrx_word' id='word_1_173' title='bbox 645 2291 980 2364; x_wconf 80' lang='lat' dir='ltr'>captantem</span> <span class='ocrx_word' id='word_1_174' title='bbox 1029 2283 1309 2347; x_wconf 88' lang='lat' dir='ltr'>imbrium</span> <span class='ocrx_word' id='word_1_175' title='bbox 1357 2302 1468 2364; x_wconf 85' lang='lat' dir='ltr'>per</span> <span class='ocrx_word' id='word_1_176' title='bbox 1497 2284 1651 2345; x_wconf 72' lang='lat' dir='ltr'>¹l&#39;olia</span> <span class='ocrx_word' id='word_1_177' title='bbox 1700 2286 1992 2365; x_wconf 88' lang='lat' dir='ltr'>crepitum</span> <span class='ocrx_word' id='word_1_178' title='bbox 2050 2284 2353 2345; x_wconf 88' lang='lat' dir='ltr'>laetiorem</span> <span class='ocrx_word' id='word_1_179' title='bbox 2412 2304 2585 2364; x_wconf 90' lang='lat' dir='ltr'>quam</span> 
     </span>
    </p>

    <p class='ocr_par' dir='ltr' id='par_1_9' title="bbox 216 2382 2587 2542">
     <span class='ocr_line' id='line_1_22' title="bbox 216 2382 2587 2463; baseline -0.001 -17"><span class='ocrx_word' id='word_1_180' title='bbox 216 2406 266 2446; x_wconf 73' lang='lat' dir='ltr'>ae</span> <span class='ocrx_word' id='word_1_181' title='bbox 289 2400 652 2443; x_wconf 88' lang='lat' dir='ltr'>marmorum</span> <span class='ocrx_word' id='word_1_182' title='bbox 699 2385 920 2461; x_wconf 83' lang='lat' dir='ltr'>nitore,</span> <span class='ocrx_word' id='word_1_183' title='bbox 975 2384 1264 2463; x_wconf 84' lang='lat' dir='ltr'>picturae.</span> <span class='ocrx_word' id='word_1_184' title='bbox 1289 2385 1606 2461; x_wconf 85' lang='lat' dir='ltr'>uarietate,</span> <span class='ocrx_word' id='word_1_185' title='bbox 1664 2383 2033 2463; x_wconf 87' lang='lat' dir='ltr'>laquearium</span> <span class='ocrx_word' id='word_1_186' title='bbox 2080 2400 2252 2461; x_wconf 84' lang='lat' dir='ltr'>auro,</span> <span class='ocrx_word' id='word_1_187' title='bbox 2308 2382 2587 2444; x_wconf 84' lang='lat' dir='ltr'>cubuisse</span> 
     </span>
     <span class='ocr_line' id='line_1_23' title="bbox 289 2480 2318 2542; baseline 0.001 -2"><span class='ocrx_word' id='word_1_188' title='bbox 289 2482 352 2541; x_wconf 90' lang='lat' dir='ltr'>in</span> <span class='ocrx_word' id='word_1_189' title='bbox 398 2480 625 2542; x_wconf 90' lang='lat' dir='ltr'>eadem.</span> <span class='ocrx_word' id='word_1_190' title='bbox 2315 2498 2318 2501; x_wconf 85' lang='lat'>·</span> 
     </span>
    </p>

    <p class='ocr_par' dir='ltr' id='par_1_10' title="bbox 289 2572 2590 2856">
     <span class='ocr_line' id='line_1_24' title="bbox 371 2572 2590 2660; baseline 0.004 -27"><span class='ocrx_word' id='word_1_191' title='bbox 371 2626 378 2633; x_wconf 92' lang='lat'>.</span> <span class='ocrx_word' id='word_1_192' title='bbox 427 2574 432 2579; x_wconf 84' lang='grc'><strong>’</strong></span> <span class='ocrx_word' id='word_1_193' title='bbox 469 2572 586 2641; x_wconf 78' lang='lat'>22.</span> <span class='ocrx_word' id='word_1_194' title='bbox 637 2580 792 2641; x_wconf 73' lang='lat' dir='ltr'>Ptin.</span> <span class='ocrx_word' id='word_1_195' title='bbox 833 2598 889 2639; x_wconf 83' lang='lat' dir='ltr'>n.</span> <span class='ocrx_word' id='word_1_196' title='bbox 928 2576 1000 2641; x_wconf 59' lang='lat' dir='ltr'>hj</span> <span class='ocrx_word' id='word_1_197' title='bbox 1025 2580 1206 2642; x_wconf 85' lang='lat' dir='ltr'>XIII</span> <span class='ocrx_word' id='word_1_198' title='bbox 1233 2578 1322 2641; x_wconf 86' lang='grc'>88</span> <span class='ocrx_word' id='word_1_199' title='bbox 1359 2578 1674 2641; x_wconf 84' lang='lat' dir='ltr'>Praeterea</span> <span class='ocrx_word' id='word_1_200' title='bbox 1710 2578 2021 2640; x_wconf 83' lang='lat' dir='ltr'>Mucianus</span> <span class='ocrx_word' id='word_1_201' title='bbox 2050 2587 2144 2640; x_wconf 90' lang='lat' dir='ltr'>ter</span> <span class='ocrx_word' id='word_1_202' title='bbox 2171 2598 2290 2640; x_wconf 82' lang='lat' dir='ltr'>coS.</span> <span class='ocrx_word' id='word_1_203' title='bbox 2328 2579 2590 2660; x_wconf 92' lang='lat' dir='ltr'>prodidit</span> 
     </span>
     <span class='ocr_line' id='line_1_25' title="bbox 289 2676 2587 2757; baseline 0 -20"><span class='ocrx_word' id='word_1_204' title='bbox 289 2696 482 2757; x_wconf 90' lang='lat' dir='ltr'>nuper</span> <span class='ocrx_word' id='word_1_205' title='bbox 525 2694 602 2738; x_wconf 83' lang='lat' dir='ltr'>se</span> <span class='ocrx_word' id='word_1_206' title='bbox 657 2676 902 2757; x_wconf 81' lang='lat' dir='ltr'>legisse,</span> <span class='ocrx_word' id='word_1_207' title='bbox 964 2692 1096 2740; x_wconf 89' lang='lat' dir='ltr'>cum</span> <span class='ocrx_word' id='word_1_208' title='bbox 1155 2676 1525 2757; x_wconf 87' lang='lat' dir='ltr'>praesideret</span> <span class='ocrx_word' id='word_1_209' title='bbox 1577 2677 1817 2757; x_wconf 81' lang='lat' dir='ltr'>Lyciae,</span> <span class='ocrx_word' id='word_1_210' title='bbox 1874 2676 2251 2757; x_wconf 85' lang='lat' dir='ltr'>Sarpedonis.</span> <span class='ocrx_word' id='word_1_211' title='bbox 2292 2676 2365 2738; x_wconf 88' lang='lat' dir='ltr'>ab</span> <span class='ocrx_word' id='word_1_212' title='bbox 2410 2677 2587 2739; x_wconf 90' lang='lat' dir='ltr'>Troia</span> 
     </span>
     <span class='ocr_line' id='line_1_26' title="bbox 290 2774 2586 2856; baseline 0 -21"><span class='ocrx_word' id='word_1_213' title='bbox 290 2777 573 2855; x_wconf 83' lang='lat' dir='ltr'>scriptam</span> <span class='ocrx_word' id='word_1_214' title='bbox 635 2778 695 2836; x_wconf 89' lang='lat' dir='ltr'>in</span> <span class='ocrx_word' id='word_1_215' title='bbox 753 2775 1006 2856; x_wconf 87' lang='lat' dir='ltr'>quodam</span> <span class='ocrx_word' id='word_1_216' title='bbox 1064 2775 1284 2855; x_wconf 88' lang='lat' dir='ltr'>templo</span> <span class='ocrx_word' id='word_1_217' title='bbox 1341 2774 1629 2855; x_wconf 90' lang='lat' dir='ltr'>epistulae</span> <span class='ocrx_word' id='word_1_218' title='bbox 1687 2774 1977 2854; x_wconf 85' lang='lat' dir='ltr'>chartam,</span> <span class='ocrx_word' id='word_1_219' title='bbox 2042 2775 2199 2855; x_wconf 87' lang='lat' dir='ltr'>quod</span> <span class='ocrx_word' id='word_1_220' title='bbox 2267 2792 2337 2835; x_wconf 86' lang='lat' dir='ltr'>eo</span> <span class='ocrx_word' id='word_1_221' title='bbox 2392 2777 2586 2854; x_wconf 87' lang='lat' dir='ltr'>magis</span> 
     </span>
    </p>

    <p class='ocr_par' dir='ltr' id='par_1_11' title="bbox 213 2872 2303 2953">
     <span class='ocr_line' id='line_1_27' title="bbox 213 2872 2303 2953; baseline 0 -19"><span class='ocrx_word' id='word_1_222' title='bbox 213 2896 262 2936; x_wconf 68' lang='lat' dir='ltr'>ss</span> <span class='ocrx_word' id='word_1_223' title='bbox 287 2876 494 2952; x_wconf 85' lang='lat' dir='ltr'>miror,</span> <span class='ocrx_word' id='word_1_224' title='bbox 541 2876 595 2933; x_wconf 91' lang='lat' dir='ltr'>si</span> <span class='ocrx_word' id='word_1_225' title='bbox 643 2876 966 2935; x_wconf 87' lang='lat' dir='ltr'>etiamnum</span> <span class='ocrx_word' id='word_1_226' title='bbox 1011 2872 1268 2935; x_wconf 85' lang='lat' dir='ltr'>Homero</span> <span class='ocrx_word' id='word_1_227' title='bbox 1315 2874 1604 2935; x_wconf 87' lang='lat' dir='ltr'>condente</span> <span class='ocrx_word' id='word_1_228' title='bbox 1650 2873 1948 2953; x_wconf 76' lang='lat' dir='ltr'>Aegyptus</span> <span class='ocrx_word' id='word_1_229' title='bbox 1994 2890 2113 2935; x_wconf 88' lang='lat' dir='ltr'>non</span> <span class='ocrx_word' id='word_1_230' title='bbox 2161 2883 2303 2935; x_wconf 88' lang='lat' dir='ltr'>erat.</span> 
     </span>
    </p>

    <p class='ocr_par' dir='ltr' id='par_1_12' title="bbox 287 2966 2585 3347">
     <span class='ocr_line' id='line_1_28' title="bbox 471 2966 2581 3051; baseline -0.002 -12"><span class='ocrx_word' id='word_1_231' title='bbox 471 2966 588 3039; x_wconf 75' lang='lat'>23.</span> <span class='ocrx_word' id='word_1_232' title='bbox 638 2973 792 3034; x_wconf 78' lang='lat' dir='ltr'>Ptin.</span> <span class='ocrx_word' id='word_1_233' title='bbox 822 2992 880 3033; x_wconf 82' lang='lat' dir='ltr'>n.</span> <span class='ocrx_word' id='word_1_234' title='bbox 908 2974 972 3034; x_wconf 74' lang='grc' dir='ltr'>ἡ.</span> <span class='ocrx_word' id='word_1_235' title='bbox 995 2973 1211 3035; x_wconf 78' lang='lat' dir='ltr'>XIIII</span> <span class='ocrx_word' id='word_1_236' title='bbox 1231 2974 1318 3033; x_wconf 71' lang='lat'>54</span> <span class='ocrx_word' id='word_1_237' title='bbox 1363 2971 1546 3033; x_wconf 90' lang='lat' dir='ltr'>Durat</span> <span class='ocrx_word' id='word_1_238' title='bbox 1581 2972 1907 3033; x_wconf 83' lang='lat' dir='ltr'>etiamnum</span> <span class='ocrx_word' id='word_1_239' title='bbox 1944 2973 2057 3033; x_wconf 84' lang='lat' dir='ltr'>uis·</span> <span class='ocrx_word' id='word_1_240' title='bbox 2080 2971 2253 3051; x_wconf 69' lang='lat' dir='ltr'>[uini</span> <span class='ocrx_word' id='word_1_241' title='bbox 2274 2972 2581 3051; x_wconf 62' lang='lat' dir='ltr'>Mar-cnei]</span> 
     </span>
     <span class='ocr_line' id='line_1_29' title="bbox 287 3062 2583 3151; baseline 0.001 -20"><span class='ocrx_word' id='word_1_242' title='bbox 287 3072 349 3131; x_wconf 88' lang='lat' dir='ltr'>in</span> <span class='ocrx_word' id='word_1_243' title='bbox 396 3069 606 3132; x_wconf 86' lang='lat' dir='ltr'>eadem</span> <span class='ocrx_word' id='word_1_244' title='bbox 653 3078 813 3131; x_wconf 84' lang='lat' dir='ltr'>terra</span> <span class='ocrx_word' id='word_1_245' title='bbox 853 3068 1188 3149; x_wconf 79' lang='lat' dir='ltr'>[Thracia]</span> <span class='ocrx_word' id='word_1_246' title='bbox 1239 3071 1444 3150; x_wconf 82' lang='lat' dir='ltr'>generi</span> <span class='ocrx_word' id='word_1_247' title='bbox 1467 3072 1762 3149; x_wconf 65' lang='lat' dir='ltr'>‘rigorque</span> <span class='ocrx_word' id='word_1_248' title='bbox 1800 3069 2143 3149; x_wconf 72' lang='lat' dir='ltr'>indomituS,</span> <span class='ocrx_word' id='word_1_249' title='bbox 2190 3062 2409 3151; x_wconf 81' lang='lat' dir='ltr'>quippe</span> <span class='ocrx_word' id='word_1_250' title='bbox 2448 3089 2583 3133; x_wconf 87' lang='lat' dir='ltr'>cum</span> 
     </span>
     <span class='ocr_line' id='line_1_30' title="bbox 289 3166 2585 3250; baseline 0 -21"><span class='ocrx_word' id='word_1_251' title='bbox 289 3169 598 3231; x_wconf 85' lang='lat' dir='ltr'>Mucianus</span> <span class='ocrx_word' id='word_1_252' title='bbox 652 3177 746 3229; x_wconf 85' lang='lat' dir='ltr'>ter</span> <span class='ocrx_word' id='word_1_253' title='bbox 801 3169 1009 3231; x_wconf 78' lang='lat' dir='ltr'>consul</span> <span class='ocrx_word' id='word_1_254' title='bbox 1068 3186 1137 3228; x_wconf 89' lang='lat' dir='ltr'>ex</span> <span class='ocrx_word' id='word_1_255' title='bbox 1200 3170 1275 3229; x_wconf 87' lang='lat' dir='ltr'>iis</span> <span class='ocrx_word' id='word_1_256' title='bbox 1337 3169 1472 3248; x_wconf 69' lang='lat' dir='ltr'>qui.¹</span> <span class='ocrx_word' id='word_1_257' title='bbox 1504 3169 1852 3248; x_wconf 85' lang='lat' dir='ltr'>nuperrime</span> <span class='ocrx_word' id='word_1_258' title='bbox 1913 3168 2233 3250; x_wconf 82' lang='lat' dir='ltr'>prodidere</span> <span class='ocrx_word' id='word_1_259' title='bbox 2296 3166 2585 3230; x_wconf 83' lang='lat' dir='ltr'>sextarios</span> 
     </span>
     <span class='ocr_line' id='line_1_31' title="bbox 289 3267 2584 3347; baseline 0 -18"><span class='ocrx_word' id='word_1_260' title='bbox 289 3268 556 3347; x_wconf 86' lang='lat' dir='ltr'>singulos</span> <span class='ocrx_word' id='word_1_261' title='bbox 603 3268 833 3328; x_wconf 90' lang='lat' dir='ltr'>octonis</span> <span class='ocrx_word' id='word_1_262' title='bbox 881 3285 1064 3347; x_wconf 90' lang='lat' dir='ltr'>aquae</span> <span class='ocrx_word' id='word_1_263' title='bbox 1111 3268 1353 3327; x_wconf 89' lang='lat' dir='ltr'>misceri</span> <span class='ocrx_word' id='word_1_264' title='bbox 1400 3267 1759 3346; x_wconf 83' lang='lat' dir='ltr'>compererit</span> <span class='ocrx_word' id='word_1_265' title='bbox 1804 3285 2089 3347; x_wconf 89' lang='lat' dir='ltr'>praesens</span> <span class='ocrx_word' id='word_1_266' title='bbox 2144 3268 2207 3327; x_wconf 90' lang='lat' dir='ltr'>in</span> <span class='ocrx_word' id='word_1_267' title='bbox 2256 3287 2327 3328; x_wconf 89' lang='lat' dir='ltr'>eo</span> <span class='ocrx_word' id='word_1_268' title='bbox 2373 3275 2584 3347; x_wconf 83' lang='lat' dir='ltr'>tractu,</span> 
     </span>
    </p>

    <p class='ocr_par' dir='ltr' id='par_1_13' title="bbox 212 3364 2379 3445">
     <span class='ocr_line' id='line_1_32' title="bbox 212 3364 2379 3445; baseline -0 -18"><span class='ocrx_word' id='word_1_269' title='bbox 212 3386 262 3426; x_wconf 74' lang='lat' dir='ltr'>ao</span> <span class='ocrx_word' id='word_1_270' title='bbox 289 3386 422 3427; x_wconf 86' lang='lat' dir='ltr'>esse</span> <span class='ocrx_word' id='word_1_271' title='bbox 463 3374 662 3427; x_wconf 87' lang='lat' dir='ltr'>autem</span> <span class='ocrx_word' id='word_1_272' title='bbox 710 3364 906 3427; x_wconf 89' lang='lat' dir='ltr'>colore</span> <span class='ocrx_word' id='word_1_273' title='bbox 953 3368 1207 3445; x_wconf 86' lang='lat' dir='ltr'>nigrum,</span> <span class='ocrx_word' id='word_1_274' title='bbox 1253 3364 1580 3443; x_wconf 88' lang='lat' dir='ltr'>odoratum,</span> <span class='ocrx_word' id='word_1_275' title='bbox 1627 3372 1925 3427; x_wconf 88' lang='lat' dir='ltr'>uetustate</span> <span class='ocrx_word' id='word_1_276' title='bbox 1971 3367 2379 3445; x_wconf 86' lang='lat' dir='ltr'>pinguescere.</span> 
     </span>
    </p>
   </div>
   <div class='ocr_carea' id='block_1_4' title="bbox 285 3488 770 3501">
    <p class='ocr_par' dir='ltr' id='par_1_14' title="bbox 285 3488 770 3501">
     <span class='ocr_line' id='line_1_33' title="bbox 285 3488 770 3501; baseline 0 1533"><span class='ocrx_word' id='word_1_277' title='bbox 285 3488 770 3501; x_wconf 95' lang='lat' dir='ltr'> </span> 
     </span>
    </p>
   </div>
   <div class='ocr_carea' id='block_1_5' title="bbox 284 3563 2586 4445">
    <p class='ocr_par' dir='ltr' id='par_1_15' title="bbox 287 3563 2586 3713">
     <span class='ocr_line' id='line_1_34' title="bbox 469 3563 2586 3625; baseline 0 -3"><span class='ocrx_word' id='word_1_278' title='bbox 469 3564 528 3622; x_wconf 84' lang='lat'>5.</span> <span class='ocrx_word' id='word_1_279' title='bbox 567 3582 604 3622; x_wconf 82' lang='lat' dir='ltr'>a</span> <span class='ocrx_word' id='word_1_280' title='bbox 641 3581 750 3623; x_wconf 82' lang='lat' dir='ltr'>om.</span> <span class='ocrx_word' id='word_1_281' title='bbox 771 3564 939 3623; x_wconf 66' lang='lat' dir='ltr'>Lec’d.</span> <span class='ocrx_word' id='word_1_282' title='bbox 960 3564 1153 3623; x_wconf 77' lang='lat' dir='ltr'>Paris.</span> <span class='ocrx_word' id='word_1_283' title='bbox 1267 3564 1321 3621; x_wconf 87' lang='grc'>7.</span> <span class='ocrx_word' id='word_1_284' title='bbox 1371 3564 1689 3623; x_wconf 80' lang='lat' dir='ltr'>aestimata,</span> <span class='ocrx_word' id='word_1_285' title='bbox 1734 3564 1842 3622; x_wconf 81' lang='lat' dir='ltr'>lite</span> <span class='ocrx_word' id='word_1_286' title='bbox 1878 3563 2036 3623; x_wconf 74' lang='lat' dir='ltr'>Ricc.</span> <span class='ocrx_word' id='word_1_287' title='bbox 2085 3564 2364 3625; x_wconf 80' lang='lat' dir='ltr'>aestimat</span> <span class='ocrx_word' id='word_1_288' title='bbox 2410 3564 2586 3624; x_wconf 81' lang='lat' dir='ltr'>aliter</span> 
     </span>
     <span class='ocr_line' id='line_1_35' title="bbox 287 3652 1238 3713; baseline -0.001 -1"><span class='ocrx_word' id='word_1_289' title='bbox 287 3658 407 3713; x_wconf 74' lang='lat' dir='ltr'>cett.</span> <span class='ocrx_word' id='word_1_290' title='bbox 438 3652 600 3713; x_wconf 78' lang='lat' dir='ltr'>codd.</span> <span class='ocrx_word' id='word_1_291' title='bbox 1205 3664 1238 3671; x_wconf 80' lang='grc'>’·</span> 
     </span>
    </p>

    <p class='ocr_par' dir='ltr' id='par_1_16' title="bbox 284 3733 2585 3905">
     <span class='ocr_line' id='line_1_36' title="bbox 471 3733 2585 3819; baseline 0 -19"><span class='ocrx_word' id='word_1_292' title='bbox 471 3734 585 3819; x_wconf 77' lang='grc'>20,</span> <span class='ocrx_word' id='word_1_293' title='bbox 634 3742 691 3800; x_wconf 88' lang='grc'>8.</span> <span class='ocrx_word' id='word_1_294' title='bbox 751 3733 1192 3801; x_wconf 75' lang='lat' dir='ltr'>Samothracem</span> <span class='ocrx_word' id='word_1_295' title='bbox 1239 3741 1537 3815; x_wconf 80' lang='lat' dir='ltr'>Detlefsen</span> <span class='ocrx_word' id='word_1_296' title='bbox 1589 3740 2001 3801; x_wconf 79' lang='lat' dir='ltr'>samothracen</span> <span class='ocrx_word' id='word_1_297' title='bbox 2046 3742 2166 3801; x_wconf 82' lang='lat' dir='ltr'>cod.</span> <span class='ocrx_word' id='word_1_298' title='bbox 2206 3734 2369 3801; x_wconf 71' lang='lat' dir='ltr'>Mori.</span> <span class='ocrx_word' id='word_1_299' title='bbox 2429 3744 2585 3802; x_wconf 88' lang='lat' dir='ltr'>-ceni</span> 
     </span>
     <span class='ocr_line' id='line_1_37' title="bbox 284 3830 2083 3905; baseline -0.003 -14"><span class='ocrx_word' id='word_1_300' title='bbox 284 3830 451 3891; x_wconf 69' lang='grc' dir='ltr'><strong>Βίου.</strong></span> <span class='ocrx_word' id='word_1_301' title='bbox 485 3832 612 3891; x_wconf 78' lang='lat' dir='ltr'>Vat.</span> <span class='ocrx_word' id='word_1_302' title='bbox 641 3832 782 3891; x_wconf 82' lang='lat' dir='ltr'>Par.</span> <span class='ocrx_word' id='word_1_303' title='bbox 831 3850 1060 3891; x_wconf 87' lang='lat' dir='ltr'>-cenum</span> <span class='ocrx_word' id='word_1_304' title='bbox 1099 3832 1257 3903; x_wconf 61' lang='grc' dir='ltr'><strong>μαίᾳ.</strong></span> <span class='ocrx_word' id='word_1_305' title='bbox 2080 3902 2083 3905; x_wconf 9' lang='grc' dir='ltr'><em>ᾗ</em></span> 
     </span>
    </p>

    <p class='ocr_par' dir='ltr' id='par_1_17' title="bbox 285 3910 2583 4354">
     <span class='ocr_line' id='line_1_38' title="bbox 473 3910 2582 4001; baseline 0 -23"><span class='ocrx_word' id='word_1_306' title='bbox 473 3910 594 4001; x_wconf 78' lang='lat'>21,</span> <span class='ocrx_word' id='word_1_307' title='bbox 645 3922 742 3979; x_wconf 90' lang='lat'>10.</span> <span class='ocrx_word' id='word_1_308' title='bbox 790 3912 909 4000; x_wconf 88' lang='lat' dir='ltr'>est]</span> <span class='ocrx_word' id='word_1_309' title='bbox 946 3920 1104 3980; x_wconf 82' lang='lat' dir='ltr'>Ricc.</span> <span class='ocrx_word' id='word_1_310' title='bbox 1143 3922 1224 3979; x_wconf 86' lang='lat' dir='ltr'>sit</span> <span class='ocrx_word' id='word_1_311' title='bbox 1260 3923 1378 3979; x_wconf 75' lang='lat' dir='ltr'>cett.</span> <span class='ocrx_word' id='word_1_312' title='bbox 1407 3919 1544 3979; x_wconf 67' lang='lat' dir='ltr'>libri</span> <span class='ocrx_word' id='word_1_313' title='bbox 1658 3919 1757 3977; x_wconf 88' lang='grc'>13.</span> <span class='ocrx_word' id='word_1_314' title='bbox 1794 3921 1980 3978; x_wconf 79' lang='lat' dir='ltr'>ramis</span> <span class='ocrx_word' id='word_1_315' title='bbox 2017 3919 2293 3980; x_wconf 79' lang='lat' dir='ltr'>arborum</span> <span class='ocrx_word' id='word_1_316' title='bbox 2323 3920 2582 3981; x_wconf 84' lang='lat' dir='ltr'>Barbar.</span> 
     </span>
     <span class='ocr_line' id='line_1_39' title="bbox 285 4008 2381 4070; baseline 0 -1"><span class='ocrx_word' id='word_1_317' title='bbox 285 4028 595 4069; x_wconf 78' lang='lat' dir='ltr'>ramorum</span> <span class='ocrx_word' id='word_1_318' title='bbox 640 4008 952 4069; x_wconf 82' lang='lat' dir='ltr'>arboribus</span> <span class='ocrx_word' id='word_1_319' title='bbox 997 4010 1136 4070; x_wconf 76' lang='lat' dir='ltr'>libri</span> <span class='ocrx_word' id='word_1_320' title='bbox 1313 4008 1585 4067; x_wconf 86' lang='lat' dir='ltr'>obtinens</span> <span class='ocrx_word' id='word_1_321' title='bbox 1622 4008 1779 4066; x_wconf 64' lang='grc' dir='ltr'><strong>Βίου.</strong></span> <span class='ocrx_word' id='word_1_322' title='bbox 1828 4008 2061 4068; x_wconf 87' lang='lat' dir='ltr'>obtinet</span> <span class='ocrx_word' id='word_1_323' title='bbox 2098 4014 2214 4069; x_wconf 77' lang='lat' dir='ltr'>cett.</span> <span class='ocrx_word' id='word_1_324' title='bbox 2244 4012 2381 4070; x_wconf 69' lang='lat' dir='ltr'>lib-re:</span> 
     </span>
     <span class='ocr_line' id='line_1_40' title="bbox 289 4092 2583 4178; baseline 0.001 -20"><span class='ocrx_word' id='word_1_325' title='bbox 289 4100 395 4159; x_wconf 88' lang='lat'>15.</span> <span class='ocrx_word' id='word_1_326' title='bbox 445 4099 733 4159; x_wconf 73' lang='lat' dir='ltr'>miraculo</span> <span class='ocrx_word' id='word_1_327' title='bbox 771 4092 866 4178; x_wconf 86' lang='lat' dir='ltr'>ut]</span> <span class='ocrx_word' id='word_1_328' title='bbox 894 4099 1055 4159; x_wconf 68' lang='grc' dir='ltr'><strong>Βίου.</strong></span> <span class='ocrx_word' id='word_1_329' title='bbox 1090 4098 1380 4158; x_wconf 81' lang='lat' dir='ltr'>miracula</span> <span class='ocrx_word' id='word_1_330' title='bbox 1417 4101 1534 4157; x_wconf 74' lang='lat' dir='ltr'>cett.</span> <span class='ocrx_word' id='word_1_331' title='bbox 1563 4098 1705 4156; x_wconf 65' lang='lat' dir='ltr'>libri</span> <span class='ocrx_word' id='word_1_332' title='bbox 1816 4100 1913 4156; x_wconf 84' lang='lat'>19.</span> <span class='ocrx_word' id='word_1_333' title='bbox 1954 4101 2296 4175; x_wconf 76' lang='lat' dir='ltr'>captantem</span> <span class='ocrx_word' id='word_1_334' title='bbox 2322 4100 2583 4160; x_wconf 71' lang='lat' dir='ltr'>PIntian.</span> 
     </span>
     <span class='ocr_line' id='line_1_41' title="bbox 289 4186 2583 4265; baseline 0.001 -17"><span class='ocrx_word' id='word_1_335' title='bbox 289 4190 605 4265; x_wconf 81' lang='lat' dir='ltr'>optantem</span> <span class='ocrx_word' id='word_1_336' title='bbox 640 4190 798 4264; x_wconf 70' lang='lat' dir='ltr'>uuly.</span> <span class='ocrx_word' id='word_1_337' title='bbox 847 4188 1182 4248; x_wconf 81' lang='lat' dir='ltr'>oblectante</span> <span class='ocrx_word' id='word_1_338' title='bbox 1212 4220 1295 4229; x_wconf 87' lang='lat'><em>-</em></span> <span class='ocrx_word' id='word_1_339' title='bbox 1327 4187 1558 4263; x_wconf 80' lang='lat' dir='ltr'>crepitu</span> <span class='ocrx_word' id='word_1_340' title='bbox 1595 4186 1893 4260; x_wconf 77' lang='lat' dir='ltr'>Detlefsen</span> <span class='ocrx_word' id='word_1_341' title='bbox 2106 4208 2286 4265; x_wconf 83' lang='lat' dir='ltr'>quam</span> <span class='ocrx_word' id='word_1_342' title='bbox 2326 4190 2583 4250; x_wconf 80' lang='lat' dir='ltr'>Barbar.</span> 
     </span>
     <span class='ocr_line' id='line_1_42' title="bbox 287 4276 1874 4354; baseline -0.002 -17"><span class='ocrx_word' id='word_1_343' title='bbox 287 4298 410 4354; x_wconf 87' lang='lat' dir='ltr'>que</span> <span class='ocrx_word' id='word_1_344' title='bbox 447 4280 604 4353; x_wconf 62' lang='grc' dir='ltr'><strong>παῖς.</strong></span> <span class='ocrx_word' id='word_1_345' title='bbox 789 4280 890 4337; x_wconf 79' lang='lat'>20.</span> <span class='ocrx_word' id='word_1_346' title='bbox 934 4278 1228 4337; x_wconf 83' lang='lat' dir='ltr'>uarietate</span> <span class='ocrx_word' id='word_1_347' title='bbox 1265 4276 1420 4336; x_wconf 65' lang='lat' dir='ltr'>Rieu.</span> <span class='ocrx_word' id='word_1_348' title='bbox 1450 4292 1557 4334; x_wconf 86' lang='lat' dir='ltr'>om.</span> <span class='ocrx_word' id='word_1_349' title='bbox 1588 4280 1707 4335; x_wconf 76' lang='lat' dir='ltr'>cett.</span> <span class='ocrx_word' id='word_1_350' title='bbox 1738 4276 1874 4334; x_wconf 72' lang='lat' dir='ltr'>libri</span> 
     </span>
    </p>

    <p class='ocr_par' dir='ltr' id='par_1_18' title="bbox 475 4358 2136 4445">
     <span class='ocr_line' id='line_1_43' title="bbox 475 4358 2136 4445; baseline -0.001 -19"><span class='ocrx_word' id='word_1_351' title='bbox 475 4358 592 4445; x_wconf 77' lang='grc'>23,</span> <span class='ocrx_word' id='word_1_352' title='bbox 643 4368 742 4426; x_wconf 84' lang='grc'>29.</span> <span class='ocrx_word' id='word_1_353' title='bbox 789 4368 1017 4428; x_wconf 85' lang='lat' dir='ltr'>octonis</span> <span class='ocrx_word' id='word_1_354' title='bbox 1054 4368 1173 4426; x_wconf 82' lang='lat' dir='ltr'>cod.</span> <span class='ocrx_word' id='word_1_355' title='bbox 1202 4368 1370 4426; x_wconf 76' lang='lat' dir='ltr'>Mon.</span> <span class='ocrx_word' id='word_1_356' title='bbox 1418 4367 1723 4442; x_wconf 82' lang='lat' dir='ltr'>octogenis</span> <span class='ocrx_word' id='word_1_357' title='bbox 1760 4370 1877 4424; x_wconf 71' lang='lat' dir='ltr'>cett.</span> <span class='ocrx_word' id='word_1_358' title='bbox 1907 4366 2044 4425; x_wconf 82' lang='lat' dir='ltr'>libri</span> <span class='ocrx_word' id='word_1_359' title='bbox 2130 4386 2136 4393; x_wconf 94' lang='lat'><strong>·</strong></span> 
     </span>
    </p>
   </div>
  </div>
 </body>
</html>
