3234 5034
637 322 725 388 30
1447 317 1765 375 CORNELI
1801 317 2111 373 NEPOTIS

636 492 898 553 hominis
943 488 1253 568 locupletis
1301 496 1362 549 et
1405 488 1639 568 nobilis,
1686 490 1783 549 cui
1822 487 1968 549 adeo
2006 486 2121 548 fuit
2158 486 2327 549 cordi
2362 496 2527 549 secta
2564 485 2937 573 Cynicorum,

637 596 706 650 ut
752 587 1098 668 relinquens
1152 595 1432 667 paternas
1488 605 1632 665 opes
1677 586 1937 648 Athenas
1989 604 2126 647 cum
2170 603 2358 647 uxore
2403 590 2757 667 migrauerit
2800 590 2935 671 Hip·

639 688 908 768 parchia,
963 688 1095 765 pari
1152 685 1348 746 animo
1394 687 1569 746 istius
1616 684 2022 764 philosophiae
2070 686 2410 765 sectatrice,
2458 706 2593 749 cum
2641 708 2759 770 qua
2806 707 2934 749 cum

641 784 1036 847 concumbere
1091 786 1154 844 in
1208 782 1448 862 publico
1501 781 1710 862 uellet,
1764 792 1833 844 ut
1878 782 2064 843 refert
2108 782 2421 845 Cornelius
2466 784 2692 867 Nepos,
2740 796 2803 847 et
2844 786 2939 847 illa

641 881 978 945 occultandi
1022 883 1212 961 gratia
1247 880 1413 961 pallii
1448 881 1725 941 uelamen
1765 880 2108 961 obduceret,
2144 880 2461 944 uerberata
2498 892 2591 947 est
2626 905 2659 947 a
2696 888 2938 947 marito:
2966 908 2988 947 s

643 981 810 1043 ‘Tuis
858 980 1135 1043 sensibus
1180 975 1507 1057 nimirum’‚
1555 981 1776 1058 inquit,
1834 975 2070 1059 ‘parum
2134 979 2327 1041 adbuc
2384 980 2553 1043 docta
2618 1002 2711 1062 es,
2778 1002 2942 1064 quae,

641 1080 798 1161 quod
853 1088 912 1141 te
969 1087 1132 1141 recte
1190 1078 1383 1139 facere
1439 1080 1699 1155 noueriS,
1746 1076 1809 1137 id
1856 1077 1989 1138 aliis
2024 1077 2453 1157 praesentibus
2500 1100 2783 1143 exercere
2830 1101 2941 1142 non

643 1175 902 1240 audeas'.

822 1272 940 1339 5³⁸.
991 1278 1153 1338 Suet.
1184 1278 1340 1351 Any.
1375 1275 1460 1334 77
1506 1272 1637 1334 Νοιι
1685 1274 1940 1354 amplius
1986 1282 2082 1335 ter
2126 1224 2333 1337 bibere
2372 1294 2509 1338 eum
2550 1276 2941 1356 [Aemus-tum]

641 1374 882 1436 solitum
937 1392 1122 1454 super
1176 1390 1385 1434 cenam
1441 1374 1504 1432 in
1560 1375 1775 1433 castris
1830 1372 1985 1453 apud
2041 1372 2328 1434 Mutinam
2382 1374 2695 1437 Cornelius
2752 1375 2945 1457 Nepos
2972 1396 3017 1437 ιο

645 1473 839 1535 tradit.

822 1568 942 1635 6²¹².
999 1572 1202 1647 Pomp.
1242 1570 1408 1631 Mela
1447 1571 1562 1631 III
1599 1570 1660 1647 9,
1699 1570 1788 1631 90
1833 1568 2115 1630 Eudoxus
2152 1570 2393 1649 quidam
2432 1590 2682 1633 auorum
2720 1581 2947 1634 nostro·

645 1690 778 1733 rum
843 1667 1212 1749 temporibus
1276 1686 1412 1728 cum
1478 1667 1801 1747 Lathyrum
1864 1685 2068 1746 regem
2134 1666 2523 1731 Alexandriae
2588 1669 2948 1751 profugeret,

646 1768 893 1830 Arabico
950 1770 1086 1827 sinu
1141 1784 1420 1845 egressus
1472 1785 1584 1845 per
1628 1767 1742 1828 hoc
1792 1765 2267 1845 [Aethiopicum]
2317 1766 2589 1847 pelagus,
2641 1777 2709 1829 ut
2755 1768 2947 1849 Nepos

647 1867 934 1944 adfirmat,
984 1864 1176 1926 Gades
1221 1882 1414 1944 usque
1461 1873 1783 1944 peruectus
1830 1872 1939 1926 est.
2978 1888 3023 1928 ιε

827 1960 864 2025 7
880 1964 942 2028 *.
991 1965 1194 2039 Pomp.
1235 1962 1400 2023 Mela
1447 1964 1561 2023 III
1598 1965 1658 2038 5,
1697 1964 1784 2023 44
1850 1962 2009 2023 Vltra
2068 1961 2346 2043 Caspium
2412 1966 2610 2025 sinum
2667 1964 2949 2045 quidnam

647 2072 832 2143 esset,
888 2062 1230 2141 ambiguum
1287 2059 1651 2140 aliquamdiu
1708 2062 1845 2141 fuit,
1901 2061 2138 2123 idemne
2186 2060 2459 2124 Oceanus
2516 2082 2591 2123 an
2638 2063 2815 2125 tellus
2862 2065 2950 2123 in-

647 2164 799 2224 festa
853 2160 1174 2241 frigoribus
1182 2206 1200 2238 ‚
1257 2161 1386 2219 sine
1444 2159 1670 2220 ambitu
1726 2178 1795 2221 ac
1852 2161 1982 2221 sine
2029 2160 2147 2221 line
2195 2161 2476 2239 proiecta.
2552 2160 2659 2221 sed
2714 2169 2953 2241 praeter

647 2260 924 2341 physicos
973 2257 1413 2336 Homerumque
1469 2259 1821 2318 uniuersum
1877 2256 2084 2319 orbem
2139 2260 2293 2318 mari
2340 2260 2771 2320 circumfusum
2820 2277 2953 2320 esse

651 2358 894 2419 disserit
948 2354 1259 2417 Cornelius
1306 2354 1502 2434 Nepos
1558 2364 1626 2416 ut
1672 2358 1986 2435 recentior,
2042 2358 2391 2418 auctoritate
2440 2359 2527 2419 sic
2574 2360 2823 2439 certior3
2872 2366 2952 2418 te·
2980 2378 3028 2417 ιο

651 2465 802 2518 stem
851 2463 1047 2515 autem
1096 2456 1184 2514 rei
1231 2452 1296 2525 Q.
1331 2453 1634 2514 Metellum
1674 2453 1942 2516 Celerem
1988 2454 2171 2515 adicit
2216 2472 2473 2535 eumque
2520 2456 2601 2516 ita
2648 2455 2955 2516 rettulisse

544 2582 610 2632 62
653 2560 1099 2617 commemorat:
1156 2570 1292 2612 cum
1341 2551 1561 2613 Galliae
1617 2570 1726 2632 pro
1774 2552 2017 2614 consule
2062 2562 2395 2633 praeesset,
2442 2552 2619 2614 Indos
2665 2553 2955 2633 quosdam

524 2656 628 2723 ὦζε),
651 2674 684 2715 a
730 2672 870 2733 rege
918 2652 1200 2713 Botorum
1249 2649 1400 2711 dono
1421 2657 1424 2660 ’
1448 2649 1563 2711 sibi
1612 2650 1807 2732 datos3
1852 2651 2012 2713 unde
2058 2653 2121 2711 in
2170 2669 2271 2711 eas
2318 2659 2512 2712 terras
2553 2650 2957 2729 deuenissent⁷

651 2750 1011 2832 requirendo
1067 2767 1353 2827 cognosse
1407 2751 1472 2809 ui
1534 2751 1975 2828 tempestatium
2032 2768 2105 2810 ex
2162 2748 2383 2810 Indicis
2439 2748 2802 2829 aequoribus
2860 2748 2957 2810 ab·

651 2860 852 2931 reptos
909 2866 1301 2927 emensosque
1366 2866 1517 2927 quae
1573 2850 1905 2909 intererant
1959 2847 2197 2909 tandem
2253 2849 2316 2909 in
2374 2846 2724 2909 Germaniae
2778 2846 2959 2908 litora
2982 2870 3031 2910 es

653 2967 865 3011 exisse.

830 3144 892 3203 4.
938 3148 1060 3201 Tan
1095 3147 1143 3200 it
1168 3146 1313 3201 hanc
1339 3146 1722 3217 eynoyamiam
1741 3146 2093 3215 Auyustimw
2119 3148 2284 3201 etiam
2310 3146 2377 3201 de
2404 3146 2555 3201 cinit.
2574 3146 2666 3201 dei
2682 3146 2787 3201 XI
2795 3146 2848 3200 V
2866 3150 2958 3201 20.

664 3219 787 3274 Via.
817 3218 1018 3273 Zelleri
1053 3164 1203 3272 fiis&
1235 3217 1433 3285 philo&
1498 3235 1542 3270 r.
1572 3218 1651 3269 ΙΙ
1681 3216 1743 3270 1⁴
1771 3234 1830 3287 p.
1863 3219 1988 3272 327.

831 3289 893 3345 6.
930 3291 985 3344 Α
1014 3288 1320 3358 Pomponio
1359 3288 1458 3342 Me
1553 3287 1771 3343 Corneli
1806 3288 2038 3357 Nepotis
2074 3290 2456 3344 auctoritatem
2489 3290 2553 3344 in
2588 3296 2705 3344 nat.
2734 3290 2861 3344 hist.
2890 3290 2961 3342 ΙΙ

655 3367 764 3417 169
810 3367 860 3416 et
905 3362 968 3415 in
1013 3361 1319 3429 insequenti
1353 3360 1715 3430 parayrapho
1754 3360 1850 3427 (fr.
1882 3363 1939 3427 7)
1979 3361 2205 3415 Plinius
2240 3368 2527 3415 mutuatus
2562 3368 2655 3427 est,
2692 3368 2759 3415 ut
2795 3362 2959 3416 aiam

657 3434 958 3489 Hammonis
1016 3430 1503 3501 Carthaginiensis,
1561 3448 1700 3500 quae
1956 3439 2246 3501 utrumque
2300 3430 2605 3486 antecedit.-
2655 3430 2960 3486 Praeterea.

654 3504 881 3574 Nepos
936 3501 1296 3557 Cornelius
1353 3505 1549 3557 auctor
1603 3505 1692 3555 est
1793 3502 1904 3555 udo
1872 3518 2037 3557 oxum
2084 3503 2367 3571 quendam
2414 3519 2518 3557 sua
2564 3504 2785 3570 aetate
2832 3519 2959 3557 cum

655 3576 964 3645 Lathyrum
1010 3590 1198 3645 regem
1255 3573 1505 3644 fugeret,
1551 3572 1797 3628 Arabico
1852 3572 1977 3628 sinu
2034 3590 2321 3643 egressum
2376 3572 2562 3628 Gades
2610 3590 2789 3643 usque
2834 3590 2959 3645 pet—

655 3652 897 3702 uectum.
942 3646 1082 3701 Tum
1109 3646 1420 3700 adnectitur
1441 3644 1589 3701 Coeli
1606 3647 1741 3700 Ant
1751 3645 1825 3711 fr.
1838 3648 2005 3700 56.—
2028 3646 2209 3701 Plura
2236 3646 2301 3701 de
2326 3646 2432 3701 hac
2448 3646 2683 3701 Eudoxi
2706 3646 2963 3716 Oysioeni

655 3719 1041 3846 mutygtiosseae
1053 3716 1776 3844 afflaffli‘ffnongmhllff’l
1784 3720 1897 3841 30²⁹
1900 3721 2145 3842 ΙιῗὲιιιΜ
2182 3805 2212 3843 e
2272 3804 2304 3842 o
2317 3806 2343 3842 s
2400 3787 2470 3843 de
2526 3786 2961 3859 septentrionali

657 3862 895 3917 circuitu
931 3861 1112 3916 tradit
1148 3858 1210 3925 Q.
1240 3858 1470 3914 Metello
1508 3858 1689 3914 Celeri
1720 3859 1917 3913 Afrani
1954 3859 2013 3913 in
2052 3876 2227 3915 consu
2190 3862 2348 3915 natu
2382 3806 2653 3930 conlegae
2685 3859 2961 3933 [601694]

839 4070 894 4128 2.
945 4070 1002 4127 3.
1057 4063 1423 4143 Hipparoide
1459 4064 1555 4125 uel
1591 4064 1999 4142 Hipparchide
2036 4065 2189 4124 editt.
2236 4064 2611 4141 Hipparchia.
2652 4063 2961 4139 Woelfflin

657 4160 780 4220 0011.
821 4159 1021 4218 Lam.
1061 4156 1236 4230 Dioge
1280 4158 1335 4223 6,
1373 4154 1428 4223 5,
1463 4154 1516 4213 5.
1551 4158 1592 4213 7

841 4241 908 4326 7,
959 4250 1060 4307 20.
1109 4245 1351 4304 disserit
1389 4244 1768 4304 Wachsmuth
1814 4262 1909 4318 ap.
1946 4244 2270 4303 Fricloiwm
2320 4242 2601 4301 dixerunt
2646 4242 2770 4302 cod.
2838 4242 2961 4301 Ho-

657 4356 1023 4414 merumque,
1061 4336 1168 4411 qui
1195 4366 1284 4376 ——-
1313 4334 1590 4393 dixerunt
1626 4334 1785 4408 uuly.
1881 4354 1884 4357 ·
1940 4336 2039 4393 24.
2086 4333 2322 4393 indiciis
2360 4325 2510 4393 aod.1
2554 4332 2772 4391 indicis
2812 4332 2934 4393 cod.
2938 4324 2963 4362 ¹
