3234 5034
786 313 859 367 M.
900 312 1261 366 VALERIVS
1297 312 1680 368 MESSALLA
1721 310 1994 368 GORVIN
2002 311 2084 367 VS
2365 334 2584 381 melon

272 481 475 540 sertim
534 499 675 540 cum
733 480 891 540 idem
940 479 1169 541 Plinius
1226 481 1403 541 etiam
1462 480 1595 540 aliis
1643 479 1997 542 criminibus
2043 476 2150 558 33,
2185 477 2338 562 1323
2387 476 2472 542 82
2495 499 2584 560 sq.

274 571 329 654 9,
362 573 489 637 119
518 595 611 657 sq.
660 581 723 638 in
772 576 1025 639 eundem
1074 578 1411 656 inuehatur,
1458 579 1495 638 i.
1526 597 1577 640 e.
1616 581 1680 638 in
1717 577 1945 640 eisdem
1984 578 2172 657 libris,
2219 580 2282 638 in
2321 596 2582 658 quorum

272 675 567 736 indicibus
618 672 962 738 ‘Coruinus'
1012 683 1113 736 aut
1160 672 1455 736 ‘Messalla
1503 672 1823 738 Coruinus'
1871 677 2107 738 citatur.

440 773 653 853 ltaque
711 773 871 853 quod
924 774 1087 836 solus
1144 773 1469 835 Suetonius
1526 792 1654 835 rem
1717 782 1854 852 post
1917 773 2138 836 bellum
2197 773 2582 854 Philippense

268 879 507 950 gestam,
546 891 703 952 quae
742 875 906 934 iuxta
944 872 1329 934 Plutarchum
1358 870 1555 933 locum
1584 875 1650 932 in
1678 874 2123 934 commentariis
2153 872 2324 933 facile
2361 871 2582 934 habere

272 977 483 1048 posset,
532 987 609 1030 ex
650 970 883 1031 Valerio
920 968 1190 1031 Messalla
1238 971 1512 1049 sumpsit,
1560 969 1674 1030 hoc
1719 987 1841 1030 non
1890 971 2006 1032 erit
2051 971 2290 1049 mirum,
2337 987 2474 1032 nam
2521 979 2582 1030 et

270 1068 417 1146 apud
464 1067 859 1130 Plutarchum
896 1070 1027 1129 eius
1073 1067 1217 1129 belli
1262 1069 1551 1129 memoria
1596 1085 1716 1129 una
1763 1067 1924 1128 illius
1971 1070 2320 1130 auctoritate
2368 1069 2582 1129 nititur

270 1173 329 1225 et
372 1165 701 1228 Suetonius
750 1165 907 1228 haud
954 1184 1089 1226 raro
1136 1164 1388 1244 singulis
1434 1165 1583 1226 locis
1631 1174 1906 1227 auctores
1952 1165 2184 1245 aliquos
2230 1167 2578 1227 nominauit.

266 1265 457 1324 tenuis
507 1266 699 1343 igitur
746 1265 1031 1325 memoria
1081 1265 1644 1326 commentariorum
1701 1263 1830 1325 fuit.
1905 1281 2118 1326 uerum
2175 1272 2374 1326 tamen
2423 1263 2580 1324 ultra

266 1377 363 1421 eas
414 1370 650 1441 partes,
708 1379 860 1441 quae
918 1361 1139 1422 diserte
1196 1361 1269 1422 ad
1326 1360 1657 1422 Messallam
1713 1362 2085 1440 referuntur,
2147 1360 2304 1441 apud
2351 1361 2580 1429 Plutar-

264 1459 435 1520 chum
493 1468 692 1539 patet,
746 1461 851 1538 qui
906 1459 1111 1520 talium
1168 1461 1545 1538 potissimum
1602 1477 1854 1538 operum
1911 1477 2115 1520 amans
2161 1460 2292 1521 fuit.
2369 1458 2476 1522 sed
2513 1469 2580 1520 ut

268 1558 391 1616 eius
428 1559 691 1636 uestigia
729 1556 1097 1636 indagemus,
1124 1557 1429 1636 Appianus
1467 1557 1687 1619 auxilio
1723 1556 2032 1618 uocandus
2069 1564 2178 1635 est,
2217 1559 2320 1637 qui
2359 1559 2577 1620 mirum

266 1655 325 1714 in
376 1655 631 1717 modum
686 1657 749 1715 in
805 1654 961 1716 bello
1018 1654 1375 1734 enarrando,
1432 1673 1611 1734 saepe
1668 1654 1743 1716 ad
1799 1654 2053 1717 uerbum
2105 1673 2242 1716 cum
2288 1653 2390 1716 illo
2439 1673 2577 1716 con-

266 1753 463 1831 spirat,
512 1753 579 1814 id
628 1752 789 1832 quod
833 1754 1013 1815 etiam
1052 1751 1415 1814 luculentius
1452 1762 1716 1833 apparet,
1755 1755 1808 1814 si
1845 1753 2116 1815 Cassium
2155 1752 2402 1814 Dionem
2441 1771 2578 1814 cum

264 1849 361 1910 illo
397 1853 971 1930 comparauerimus
1036 1868 1175 1912 nam
1212 1851 1311 1912 hic
1348 1869 1605 1930 pugnam
1645 1854 1708 1912 in
1747 1852 2113 1913 rhetoricum
2151 1869 2380 1912 morem
2417 1869 2578 1912 com-

266 1951 425 2008 muni
476 1947 885 2028 descriptione
934 1948 1221 2028 dilatauit,
1268 1948 1355 2009 illi
1394 1951 1591 2010 omnia
1631 1949 1706 2010 ad
1746 1949 1927 2010 duces
1967 1956 2422 2026 reuocauerunt,
2470 1948 2576 2010 sed

266 2047 357 2124 ita,
400 2053 471 2108 ut
519 2049 705 2108 etiam
752 2048 1039 2108 comitum
1076 2046 1247 2108 Bruti
1286 2046 1595 2125 Cassiique
1636 2048 1928 2108 rationem
1965 2046 2271 2125 haberent,
2315 2048 2575 2126 primum

264 2153 457 2204 autem
504 2147 671 2206 inter
716 2162 819 2206 eos
868 2144 1025 2224 apud
1061 2143 1447 2206 Plutarchum
1493 2143 1690 2206 locum
1729 2143 2000 2206 Messalla
2048 2142 2364 2220 obtineret,
2407 2145 2578 2205 cuius

266 2243 323 2301 in
369 2244 519 2321 ipsis
556 2245 781 2322 pugnis
818 2241 1303 2322 Philippensibus
1342 2260 1453 2303 nec
1490 2261 1523 2302 a
1560 2242 1748 2304 Dione
1786 2261 1900 2303 nec
1937 2241 2010 2303 ab
2048 2242 2314 2321 Appiano
2351 2243 2576 2302 mentio

266 2339 342 2400 lit,
416 2359 559 2402 nam
610 2339 768 2420 apud
810 2339 978 2402 illum
1018 2349 1079 2402 et
1114 2341 1179 2400 in
1216 2341 1417 2419 priore
1455 2341 1794 2419 praefectus
1833 2339 2040 2400 dextro
2081 2357 2267 2399 cornu
2305 2338 2576 2400 Caesaris

262 2445 451 2499 castra
500 2439 885 2518 expugnauit,
932 2455 1069 2500 cum
1118 2436 1601 2498 aduersariorum
1649 2457 1825 2518 quam
1872 2438 2128 2499 maxime
2183 2445 2390 2517 posset
2431 2439 2576 2498 uitis

264 2545 534 2614 parceret
567 2539 650 2610 (c.
680 2537 771 2596 40
786 2539 902 2612 sq.)
943 2535 1271 2614 eademque
1308 2534 1716 2598 moderatione
1755 2538 1935 2597 etiam
1973 2538 2036 2595 in
2075 2537 2342 2614 captiuos
2377 2541 2576 2596 utere-

264 2641 357 2693 tur
402 2637 485 2708 (c.
528 2635 666 2713 45),
714 2641 776 2694 et
820 2632 1015 2695 tribus
1062 2631 1211 2694 locis
1259 2641 1466 2695 auctor
1512 2633 1584 2694 ab
1633 2653 1705 2695 eo
1751 2637 1967 2696 citatus
2015 2641 2123 2694 est.
2199 2636 2399 2712 itaque
2438 2651 2574 2694 cum

262 2739 377 2792 tota
424 2749 767 2811 pugnarum
816 2731 1140 2810 descriptio
1184 2731 1447 2793 indolem
1496 2733 2060 2793 commentariorum
2107 2749 2251 2811 prae
2300 2748 2368 2791 ac
2405 2731 2573 2810 ferat,

262 2846 331 2888 ex
376 2829 675 2908 Messalla,
723 2831 895 2892 cuius
942 2837 1149 2909 postea
1196 2831 1375 2891 etiam
1415 2833 1495 2904 (c.
1534 2818 1651 2904 53)
1694 2830 1918 2892 dictum
1957 2828 2254 2909 quoddam
2301 2830 2574 2906 inseruit,

266 2925 663 2988 fundamenda
700 2945 837 2989 eum
873 2929 1118 3007 petiisse
1156 2929 1274 2989 iam
1320 2929 1507 3000 Ouell.
1539 2930 1595 2989 d.
1628 2931 1786 2991 Plut.
1811 2947 1880 3006 p.
1913 2929 2043 2988 137
2061 2945 2185 3003 sqq.
2226 2927 2335 3004 (cf.
2372 2928 2570 2988 Wich-

264 3042 443 3086 mann
476 3044 549 3102 p.
589 3025 676 3084 42
694 3028 850 3102 sqq.)
898 3026 1090 3105 posui,
1138 3027 1566 3087 contaminauit
1612 3034 1810 3086 tamen
1860 3027 1990 3086 eius
2036 3025 2386 3085 memoriam
2434 3043 2570 3084 cum

262 3122 573 3184 Volumnio
631 3125 718 3196 (u.
744 3142 793 3184 ε.
818 3144 885 3201 p.
926 3143 1101 3184 ιχνιι
1120 3125 1259 3202 squ),
1316 3141 1493 3203 quem
1558 3125 1704 3184 item
1751 3125 1812 3184 in
1879 3132 2069 3184 morte
2135 3120 2304 3182 Bruti
2369 3129 2572 3200 partes

260 3220 551 3298 quasdam
598 3230 871 3300 agentem
918 3229 1185 3283 ceterum
1232 3223 1463 3300 ignotas
1510 3221 1654 3282 fecit
1691 3223 1771 3294 (c.
1804 3221 1887 3280 51
1913 3225 2029 3296 sq.)
2061 3228 2120 3281 et
2156 3219 2250 3281 bis
2289 3218 2568 3280 laudauit.

262 3327 463 3397 aperta
514 3319 661 3380 haec
708 3327 799 3380 est
844 3325 1079 3380 textura
1115 3320 1177 3380 in
1217 3337 1267 3380 c.
1296 3316 1399 3398 52,
1438 3318 1543 3380 ubi
1580 3321 1840 3398 primum
1879 3318 2101 3380 Brutus
2139 3325 2276 3379 ante
2315 3327 2568 3379 mortem

262 3435 393 3478 cum
432 3416 749 3478 Volumnio
796 3417 1155 3497 colloquitur
1198 3418 1484 3496 petitque,
1530 3425 1599 3477 ut
1635 3436 1700 3478 se
1739 3419 1799 3478 in
1849 3417 2076 3477 ferrum
2123 3415 2570 3476 incumbentem

264 3513 529 3592 adiuuet,
588 3514 745 3593 quod
800 3523 999 3576 tamen
1057 3513 1289 3594 abnuit,
1345 3522 1413 3576 ut
1466 3533 1532 3577 se
1587 3518 1719 3595 ipse
1775 3515 2116 3576 interficere
2175 3522 2414 3576 coactus
2472 3517 2566 3590 sit,

266 3619 385 3673 tum
422 3610 617 3674 addit:
667 3609 759 3674 Οί
799 3609 879 3676 δέ
920 3629 1132 3693 φασιν
1178 3609 1303 3674 οὐκ
1346 3609 1552 3675 αὐτὸν
1588 3609 1756 3674 ἀλλὰ
1793 3610 1913 3674 τὸν
1951 3609 2318 3690 Στράτωνα
2355 3611 2570 3674 πολλὰ

262 3706 435 3772 πάνυ
491 3715 615 3772 τοῦ
680 3708 989 3790 Βρούτου
1044 3706 1405 3791 δεηθέντος
1458 3705 1967 3791 ἀποστραφέντα
2021 3707 2146 3790 τὴν
2200 3708 2361 3783 ὄψιν
2405 3706 2568 3771 ὑπο-

268 3813 497 3888 στῆσαι
541 3805 618 3870 τὸ
668 3805 860 3889 ξίφος
906 3808 1085 3889 idque
1134 3811 1447 3870 confirmat
1485 3809 1643 3870 dicto
1681 3808 1936 3888 quodam
1975 3807 2280 3870 Messallae
2320 3810 2400 3881 (c.
2431 3808 2566 3882 53).

266 3906 425 3983 prior
480 3907 667 3986 igitur
720 3908 1007 3968 memoria
1068 3907 1182 3967 fuit
1218 3906 1533 3984 Volumnii,
1589 3905 1775 3967 altera
1821 3905 2143 3968 Messallae.
2227 3907 2346 3966 iam
2399 3923 2566 3992 uero,

266 4021 395 4064 cum
451 4023 697 4065 uersum
754 4003 1049 4084 quendam
1106 4002 1523 4083 Euripideum,
1581 4022 1759 4082 quem
1817 4003 2065 4066 Brutum
2124 4002 2308 4064 altera
2367 4021 2566 4083 pugna

265 4101 485 4162 nictum
559 4103 981 4180 pronuntiasse
1045 4101 1397 4162 Plutarchus
1467 4101 1796 4164 secundum
1860 4101 2238 4163 Volumnium
2312 4108 2568 4163 testatur

266 4198 343 4270 (c.
382 4200 515 4278 51),
572 4201 751 4262 etiam
806 4200 1109 4279 Appianus
1176 4199 1387 4260 eodem
1440 4207 1741 4260 momento
1797 4206 2063 4261 utentem
2122 4199 2334 4260 fecerit
2379 4201 2472 4274 (b.
2513 4217 2565 4260 c.

271 4295 363 4354 IV
396 4298 528 4357 130
572 4294 783 4378 φάσιν
827 4294 1033 4360 αὐτὸν
1066 4331 1151 4340 -
1190 4289 1452 4380 εἰπεῖν),
1501 4297 1571 4358 de
1620 4296 1830 4359 eodem
1868 4297 2176 4359 Volumnio
2223 4305 2292 4358 ut
2335 4298 2566 4378 potiore

370 4415 489 4456 mut.
516 4417 645 4456 Boin.
676 4417 757 4459 rel.
784 4417 849 4468 11,
875 4417 945 4458 ed.
972 4418 1152 4458 Peter.
2059 4397 2136 4451 VI
