3234 5034
1012 330 1114 386 TI...
1133 331 1490 388 CLAVDIVS
1528 331 1926 388 BALBILLVS
2300 355 2487 402 cxxx
2493 357 2561 404 x1
2566 355 2615 403 u

861 552 977 627 TI.
1027 552 1488 628 CLAVDIVS
1543 553 2071 628 BALBILLVS

490 731 658 803 Quae
707 730 780 792 de
829 751 898 793 eo
946 734 1302 812 accepimus,
1349 735 1545 794 omnia
1593 732 1665 794 ad
1703 733 2032 814 Aegyptum
2077 737 2397 814 pertinent,
2444 736 2617 797 cuius

303 830 748 910 praefecturam
797 832 856 891 ei
892 849 941 891 a.
980 826 1218 912 55s808
1257 833 1610 910 permissam
1651 849 1782 893 esse
1820 831 2060 893 Tacitus
2100 826 2272 916 (ann.
2303 833 2481 894 ΧῙΙΙ
2511 833 2617 913 22,

305 927 416 991 ubi
465 936 666 989 tamen
706 946 1018 1008 perperam
1057 929 1238 990 Gaius
1277 923 1647 1014 nominatur)
1687 932 1857 992 testis
1896 940 2004 1011 est,
2052 939 2111 991 et
2148 930 2306 993 tituli
2345 934 2431 1006 (u.
2465 933 2615 993 Pro·

301 1045 433 1104 ευρ.
478 1027 605 1104 Ip.
645 1027 782 1087 360
817 1047 874 1089 n.
914 1027 1076 1102 662)
1135 1035 1195 1089 et
1251 1031 1610 1108 scriptorum
1657 1027 1789 1108 loci,
1836 1028 2014 1090 Plinii
2064 1032 2149 1104 (n.
2187 1031 2245 1091 h.
2286 1029 2389 1109 19,
2428 1030 2501 1104 3)
2559 1039 2619 1091 et

305 1125 578 1186 Senecae
617 1125 726 1203 (fr.
767 1126 854 1204 1),
901 1125 1174 1187 miraculi
1212 1125 1462 1187 alicuius
1500 1129 1907 1188 auctoritatem
1947 1127 2021 1188 ad
2056 1127 2214 1189 hunc
2252 1129 2617 1208 praesectum

303 1225 564 1303 Aegypti
629 1223 958 1304 reserentiS,
1025 1223 1184 1304 quod
1243 1223 1342 1285 ille
1406 1226 1503 1286 uir
1549 1221 1874 1304 ‘profectus
1938 1228 1999 1286 in
2065 1229 2227 1287 omni
2284 1226 2615 1288 litterarum

302 1339 540 1400 genere
589 1317 904 1382 rarissimi'
953 1322 1124 1383 facile
1173 1323 1235 1382 in
1282 1325 1724 1383 commentariis
1771 1341 2013 1384 narrare
2060 1327 2267 1404 potuit.

529 1589 1095 1664 IMPERATOR
1152 1590 1231 1663 Τ.
1281 1589 1689 1664 FLAVIVS
1746 1590 2401 1666 VESPASIANVS

835 1744 1039 1815 (Natus
1077 1761 1126 1799 a.
1160 1744 1361 1819 9s⁷62,
1398 1743 1532 1815 imp.
1564 1746 2101 1818 69s822—79s832.)

495 1887 919 1966 Imperatorem
941 1886 1364 1965 Vespasianum
1383 1884 1699 1948 Reatinum
1728 1904 1802 1947 ne
1824 1885 2043 1948 Graeca
2073 1887 2313 1967 quidem
2344 1888 2615 1950 facundia

306 1986 582 2047 caruisse
643 1980 1060 2064 ‘omniumque
1125 2003 1274 2064 quae
1343 1983 1566 2046 diceret
1631 1993 1807 2064 atque
1872 1992 2097 2066 ageret,
2172 1993 2297 2047 arte
2365 1986 2615 2066 quadam

304 2079 770 2146 ostentatorem’
827 2083 1012 2144 fuisse
1069 2082 1309 2146 Tacitus
1367 2085 1542 2158 (hist.
1582 2083 1662 2144 II
1690 2082 1806 2158 80)
1870 2102 1939 2144 eo
2003 2085 2291 2146 intentius
2357 2083 2616 2164 tradidit,

307 2201 430 2262 quo
477 2183 680 2243 minus
727 2201 866 2243 cum
911 2181 1134 2243 iudicio
1172 2181 1423 2261 uulgari,
1471 2180 1643 2261 quale
1681 2183 1799 2242 iam
1837 2190 1963 2243 tum
2002 2183 2431 2244 conformatum
2471 2191 2616 2262 erat,

306 2282 634 2342 concinere
671 2279 990 2342 uidebatur
1033 2272 1182 2363 (quo
1219 2278 1500 2342 inductus
1537 2279 1812 2340 Aurelius
1851 2280 2051 2341 Victor
2096 2283 2263 2343 Caes,
2294 2281 2355 2358 9,
2387 2283 2424 2342 1
2464 2281 2616 2343 hanc

307 2378 549 2442 laudem
595 2381 680 2440 ita
725 2380 966 2440 minuit:
1020 2378 1363 2456 facundiae
1415 2379 1590 2439 haud
1640 2396 1824 2454 eoens
1854 2382 2217 2455 promendis
2271 2399 2430 2457 quae
2482 2399 2615 2442 sen·

305 2471 530 2561 serat).
615 2476 698 2538 Ea
743 2484 940 2538 autem
990 2475 1062 2538 de
1109 2495 1286 2537 causa
1331 2494 1450 2537 non
1496 2476 1863 2556 mirabimur,
1902 2477 2060 2557 quod
2098 2496 2299 2539 rerum
2347 2499 2380 2539 a
2416 2497 2481 2540 se
2519 2496 2619 2557 ge-

309 2585 543 2638 starum
611 2577 937 2636 memoriae
993 2577 1121 2654 ipse
1177 2573 1474 2636 consuluit
1530 2577 2103 2655 commentariosque
2160 2585 2221 2638 et
2275 2579 2516 2657 scripsit
2562 2587 2621 2638 et

309 2672 662 2753 publicauit.
754 2690 892 2733 nam
948 2691 1302 2753 quamquam
1360 2691 1461 2734 eos
1522 2671 1685 2736 solus
1732 2672 2016 2753 Iosephus
2064 2676 2285 2755 citauit,
2342 2678 2445 2755 qui
2492 2683 2617 2737 arta

313 2770 720 2832 familiaritate
769 2790 906 2832 cum
954 2769 1174 2832 Flauiis
1222 2773 1576 2833 coniunctus
1622 2779 1801 2850 esset,
1866 2780 2063 2833 tamen
2110 2772 2271 2834 lusto
2317 2773 2620 2853 historico,

310 2869 473 2949 quod
530 2871 620 2931 eis
679 2887 800 2930 non
857 2887 1004 2930 usus
1051 2877 1238 2949 esset,
1304 2871 1541 2930 crimini
1599 2868 1739 2930 dare
1786 2889 1906 2930 non
1951 2872 2144 2951 potuit
2191 2871 2299 2948 (fr.
2341 2872 2437 2952 1),
2500 2874 2617 2933 nisi

311 2969 620 3030 communi
679 2969 815 3028 usui
875 2970 1233 3046 patuissent,
1293 2967 1356 3028 id
1416 2966 1574 3048 quod
1637 2976 1841 3029 contra
1900 2968 2427 3030 Premersteinium
2488 2974 2615 3048 (ap.

312 3069 552 3144 Pauly·
574 3067 742 3127 Wiss.
782 3066 886 3126 IV
900 3086 970 3144 p.
1003 3068 1133 3128 757
1148 3069 1266 3143 sq.)
1315 3068 1534 3146 monui,
1580 3065 1861 3146 idemque
1922 3070 2099 3128 etiam
2159 3067 2231 3128 ab
2292 3067 2425 3128 aliis
2474 3066 2617 3129 belli

311 3163 540 3227 Iudaici
575 3162 971 3243 scriptoribus
1015 3166 1080 3224 in
1117 3183 1292 3226 usum
1331 3183 1432 3226 eos
1469 3173 1711 3226 uocatos
1748 3183 1881 3226 esse
1919 3167 2422 3227 commemorauit.
2470 3166 2617 3228 haec

309 3264 474 3324 enim
523 3263 864 3323 testimonia
911 3271 1067 3342 sunt,
1115 3282 1266 3343 quae
1301 3271 1433 3342 post
1489 3265 1715 3324 maiora
1761 3280 1941 3342 opera
1979 3262 2152 3343 edita,
2198 3272 2266 3325 ut
2300 3267 2615 3326 ueritatem

310 3380 480 3422 suam
547 3369 754 3422 contra
815 3360 1077 3422 aemulos
1135 3360 1627 3441 aduersariosque
1687 3361 2057 3441 defenderet,
2126 3364 2190 3422 in
2248 3365 2368 3423 uita
2433 3370 2493 3424 et
2552 3365 2615 3422 in

313 3459 484 3520 libris
533 3467 742 3520 contra
785 3459 1073 3538 Apionem
1125 3452 1323 3542 (annis
1363 3453 1965 3544 93s846—95s848)
2014 3462 2323 3540 proposuit
2369 3463 2615 3536 (Gesch.

313 3557 454 3620 Litt.
496 3558 540 3618 I
561 3575 632 3634 p.
670 3557 806 3617 394
823 3559 1014 3634 squ:

507 3657 684 3718 Vitae
749 3674 800 3717 c.
859 3657 944 3716 65
1020 3649 1184 3716 Ἀλλ’
1258 3657 1416 3728 ἴσως
1489 3654 1569 3717 τὰ
1644 3653 1810 3717 κατὰ
1884 3665 2014 3718 τῶν
2072 3650 2615 3738 Ἱεροσολυμιτῶν

314 3749 702 3838 πραχθέντα
753 3747 886 3835 μετ’
947 3749 1283 3834 ἀκριβείας
1338 3751 1569 3834 φήσει,-
1638 3750 2171 3835 συγγεγραφέναι
2193 3771 2207 3785 ·
2298 3749 2409 3816 καὶ
2474 3763 2617 3829 πῶς

315 3841 460 3914 οἶόν
496 3872 596 3934 τες
635 3847 792 3914 οὔτε
820 3850 948 3934 γὰρ
977 3847 1240 3935 πολέμῳ
1269 3846 1630 3933 παρέτυχες
1666 3849 1821 3913 οὔτε
1847 3850 1929 3914 τὰ
1957 3852 2293 3936 Καίσαρος
2320 3848 2616 3932 ἀνέγνως

317 3945 774 4032 ὑπομνήματα.
884 3945 1202 4032 μέγιστον
1273 3942 1346 4010 δὲ
1409 3949 1795 4032 τεκμήριον,
1869 3957 2012 4024 τοῖς
2084 3948 2210 4031 γὰρ
2278 3951 2617 4034 Καίσαρος

313 4043 784 4131 ὑπομνήμασιν
830 4043 1141 4111 ἐναντίαν
1185 4048 1538 4128 πεποίησαι
1582 4045 1708 4128 τὴν
1751 4048 2021 4130 γραφήν
2040 4065 2055 4080 ·
2129 4049 2191 4111 εἰ
2226 4046 2301 4111 δὲ
2336 4051 2617 4132 θαρρεῖς

315 4143 591 4228 ἄμεινον
627 4142 942 4208 ἁπάντων
976 4141 1538 4228 συγγεγραφέναι,
1575 4143 1687 4207 διὰ
1714 4145 1784 4208 τί
1808 4145 2068 4222 ζώντων
2103 4143 2615 4210 Οὐεσπασιανοῦ

313 4238 422 4305 καὶ
487 4241 690 4306 Τίτου
745 4253 880 4306 τῶν
934 4240 1444 4327 αὐτοκρατόρων
1498 4251 1635 4306 τῶν
1688 4241 1811 4307 τὸν
1863 4244 2155 4326 πόλεμον
2212 4258 2617 4326 κατεργασα-

313 4337 554 4423 μένων,
591 4336 702 4403 καὶ
738 4338 1066 4421 βασιλέως
1085 4337 1414 4423 Ἀγρίππα
1449 4341 1796 4424 περιόντος
1824 4337 1920 4404 ἔτι
1947 4341 2058 4405 καὶ
2096 4351 2232 4405 τῶν
2269 4336 2341 4406 ἐκ
2377 4338 2619 4423 γένους
