<?xml version="1.0" encoding="UTF-8"?>
<!DOCTYPE html PUBLIC "-//W3C//DTD XHTML 1.0 Transitional//EN"
    "http://www.w3.org/TR/xhtml1/DTD/xhtml1-transitional.dtd">
<html xmlns="http://www.w3.org/1999/xhtml" xml:lang="en" lang="en">
 <head>
  <title>
</title>
<meta http-equiv="Content-Type" content="text/html;charset=utf-8" />
  <meta name='ocr-system' content='tesseract 3.04.00' />
  <meta name='ocr-capabilities' content='ocr_page ocr_carea ocr_par ocr_line ocrx_word'/>
</head>
<body>
  <div class='ocr_page' id='page_1' title='image "./historicorvmrom00petegoog_0148.png"; bbox 0 0 3234 5034; ppageno 0'>
   <div class='ocr_carea' id='block_1_1' title="bbox 1015 324 2606 394">
    <p class='ocr_par' dir='ltr' id='par_1_1' title="bbox 1015 324 2606 394">
     <span class='ocr_line' id='line_1_1' title="bbox 1015 324 2606 394; baseline 0.004 -14"><span class='ocrx_word' id='word_1_1' title='bbox 1015 325 1128 380; x_wconf 80' lang='lat' dir='ltr'><strong>GN.</strong></span> <span class='ocrx_word' id='word_1_2' title='bbox 1159 324 1508 382; x_wconf 79' lang='lat' dir='ltr'>DOMITIVS</span> <span class='ocrx_word' id='word_1_3' title='bbox 1546 325 1883 381; x_wconf 86' lang='lat' dir='ltr'><strong>CORBVLO</strong></span> <span class='ocrx_word' id='word_1_4' title='bbox 2170 378 2185 391; x_wconf 84' lang='grc'><strong><em>,</em></strong></span> <span class='ocrx_word' id='word_1_5' title='bbox 2318 347 2606 394; x_wconf 78' lang='lat' dir='ltr'><strong>cxxxvn</strong></span> 
     </span>
    </p>
   </div>
   <div class='ocr_carea' id='block_1_2' title="bbox 292 487 2619 4224">
    <p class='ocr_par' dir='ltr' id='par_1_2' title="bbox 292 487 2619 4224">
     <span class='ocr_line' id='line_1_2' title="bbox 295 487 2605 581; baseline 0.001 -27"><span class='ocrx_word' id='word_1_6' title='bbox 295 500 486 556; x_wconf 89' lang='lat' dir='ltr'><strong>torem</strong></span> <span class='ocrx_word' id='word_1_7' title='bbox 553 487 887 578; x_wconf 80' lang='lat' dir='ltr'><strong>(Aufidium</strong></span> <span class='ocrx_word' id='word_1_8' title='bbox 947 494 1196 556; x_wconf 89' lang='lat' dir='ltr'><strong>Bassum</strong></span> <span class='ocrx_word' id='word_1_9' title='bbox 1261 501 1525 555; x_wconf 79' lang='lat' dir='ltr'><strong>autumat</strong></span> <span class='ocrx_word' id='word_1_10' title='bbox 1583 493 1779 574; x_wconf 84' lang='lat' dir='ltr'><strong>Fabia,</strong></span> <span class='ocrx_word' id='word_1_11' title='bbox 1840 495 2177 556; x_wconf 87' lang='lat' dir='ltr'><strong>Mucianum</strong></span> <span class='ocrx_word' id='word_1_12' title='bbox 2237 490 2473 581; x_wconf 89' lang='lat' dir='ltr'><strong>Brunn)</strong></span> <span class='ocrx_word' id='word_1_13' title='bbox 2539 497 2605 556; x_wconf 90' lang='lat' dir='ltr'><strong>in</strong></span> 
     </span>
     <span class='ocr_line' id='line_1_3' title="bbox 297 591 2604 674; baseline 0.001 -22"><span class='ocrx_word' id='word_1_14' title='bbox 297 591 486 654; x_wconf 84' lang='lat' dir='ltr'><strong>Taciti</strong></span> <span class='ocrx_word' id='word_1_15' title='bbox 537 594 936 672; x_wconf 83' lang='lat' dir='ltr'><strong>cognitionem</strong></span> <span class='ocrx_word' id='word_1_16' title='bbox 983 595 1332 673; x_wconf 88' lang='lat' dir='ltr'><strong>peruenisse</strong></span> <span class='ocrx_word' id='word_1_17' title='bbox 1378 593 1613 673; x_wconf 88' lang='lat' dir='ltr'><strong>uolunt,</strong></span> <span class='ocrx_word' id='word_1_18' title='bbox 1672 593 1733 654; x_wconf 92' lang='lat' dir='ltr'><strong>id</strong></span> <span class='ocrx_word' id='word_1_19' title='bbox 1780 592 1936 674; x_wconf 78' lang='lat' dir='ltr'><strong>quod</strong></span> <span class='ocrx_word' id='word_1_20' title='bbox 1984 593 2165 654; x_wconf 90' lang='lat' dir='ltr'><strong>nullis</strong></span> <span class='ocrx_word' id='word_1_21' title='bbox 2212 595 2394 655; x_wconf 89' lang='lat' dir='ltr'><strong>certis</strong></span> <span class='ocrx_word' id='word_1_22' title='bbox 2433 613 2604 673; x_wconf 89' lang='lat' dir='ltr'><strong>argu-</strong></span> 
     </span>
     <span class='ocr_line' id='line_1_4' title="bbox 297 691 2605 773; baseline 0 -21"><span class='ocrx_word' id='word_1_23' title='bbox 297 693 518 752; x_wconf 78' lang='lat' dir='ltr'><strong>mentis</strong></span> <span class='ocrx_word' id='word_1_24' title='bbox 565 691 836 771; x_wconf 85' lang='lat' dir='ltr'><strong>probant.</strong></span> <span class='ocrx_word' id='word_1_25' title='bbox 930 691 1235 772; x_wconf 89' lang='lat' dir='ltr'><strong>supplere.</strong></span> <span class='ocrx_word' id='word_1_26' title='bbox 1257 699 1453 753; x_wconf 87' lang='lat' dir='ltr'><strong>tamen</strong></span> <span class='ocrx_word' id='word_1_27' title='bbox 1501 711 1604 754; x_wconf 90' lang='lat' dir='ltr'><strong>eos</strong></span> <span class='ocrx_word' id='word_1_28' title='bbox 1654 712 1726 754; x_wconf 88' lang='lat' dir='ltr'><strong>ex</strong></span> <span class='ocrx_word' id='word_1_29' title='bbox 1773 692 1903 754; x_wconf 89' lang='lat' dir='ltr'><strong>aliis</strong></span> <span class='ocrx_word' id='word_1_30' title='bbox 1956 691 2127 753; x_wconf 89' lang='lat' dir='ltr'><strong>libris</strong></span> <span class='ocrx_word' id='word_1_31' title='bbox 2172 692 2344 753; x_wconf 82' lang='lat' dir='ltr'><strong>facile</strong></span> <span class='ocrx_word' id='word_1_32' title='bbox 2393 695 2605 773; x_wconf 89' lang='lat' dir='ltr'><strong>potuit,</strong></span> 
     </span>
     <span class='ocr_line' id='line_1_5' title="bbox 297 789 2605 872; baseline 0 -20"><span class='ocrx_word' id='word_1_33' title='bbox 297 789 468 872; x_wconf 82' lang='lat' dir='ltr'><strong>uelut</strong></span> <span class='ocrx_word' id='word_1_34' title='bbox 515 809 588 852; x_wconf 89' lang='lat' dir='ltr'><strong>ex</strong></span> <span class='ocrx_word' id='word_1_35' title='bbox 627 790 690 850; x_wconf 90' lang='lat' dir='ltr'><strong>C.</strong></span> <span class='ocrx_word' id='word_1_36' title='bbox 730 790 957 852; x_wconf 90' lang='lat' dir='ltr'><strong>Licinio</strong></span> <span class='ocrx_word' id='word_1_37' title='bbox 993 789 1282 872; x_wconf 76' lang='lat' dir='ltr'><strong>Muciam,</strong></span> <span class='ocrx_word' id='word_1_38' title='bbox 1330 793 1432 871; x_wconf 92' lang='lat' dir='ltr'><strong>qui</strong></span> <span class='ocrx_word' id='word_1_39' title='bbox 1479 790 1590 852; x_wconf 88' lang='lat' dir='ltr'><strong>sub</strong></span> <span class='ocrx_word' id='word_1_40' title='bbox 1646 791 1749 852; x_wconf 92' lang='lat' dir='ltr'><strong>illo</strong></span> <span class='ocrx_word' id='word_1_41' title='bbox 1804 791 2089 852; x_wconf 80' lang='lat' dir='ltr'><strong>militasse</strong></span> <span class='ocrx_word' id='word_1_42' title='bbox 2136 789 2377 852; x_wconf 90' lang='lat' dir='ltr'><strong>uidetur</strong></span> <span class='ocrx_word' id='word_1_43' title='bbox 2423 793 2605 867; x_wconf 82' lang='lat' dir='ltr'><strong>(Bor-</strong></span> 
     </span>
     <span class='ocr_line' id='line_1_6' title="bbox 292 889 2607 970; baseline -0.001 -18"><span class='ocrx_word' id='word_1_44' title='bbox 292 891 471 966; x_wconf 71' lang='lat' dir='ltr'><strong>qhesi</strong></span> <span class='ocrx_word' id='word_1_45' title='bbox 527 889 744 952; x_wconf 82' lang='lat' dir='ltr'><strong>Oeuvr.</strong></span> <span class='ocrx_word' id='word_1_46' title='bbox 784 889 890 950; x_wconf 86' lang='lat' dir='ltr'><strong>IV</strong></span> <span class='ocrx_word' id='word_1_47' title='bbox 912 909 981 967; x_wconf 81' lang='lat' dir='ltr'><strong>p.</strong></span> <span class='ocrx_word' id='word_1_48' title='bbox 1018 889 1180 964; x_wconf 80' lang='lat'><strong><em>349)</em></strong></span> <span class='ocrx_word' id='word_1_49' title='bbox 1229 897 1404 970; x_wconf 88' lang='lat' dir='ltr'><strong>atque</strong></span> <span class='ocrx_word' id='word_1_50' title='bbox 1443 909 1580 952; x_wconf 91' lang='lat' dir='ltr'><strong>cum</strong></span> <span class='ocrx_word' id='word_1_51' title='bbox 1628 889 1851 969; x_wconf 85' lang='lat' dir='ltr'><strong>largam</strong></span> <span class='ocrx_word' id='word_1_52' title='bbox 1899 890 2113 951; x_wconf 89' lang='lat' dir='ltr'><strong>siluam</strong></span> <span class='ocrx_word' id='word_1_53' title='bbox 2170 907 2372 952; x_wconf 86' lang='lat' dir='ltr'><strong>rerum</strong></span> <span class='ocrx_word' id='word_1_54' title='bbox 2428 892 2607 951; x_wconf 87' lang='lat' dir='ltr'><strong>mira-</strong></span> 
     </span>
     <span class='ocr_line' id='line_1_7' title="bbox 299 987 2606 1068; baseline 0 -20"><span class='ocrx_word' id='word_1_55' title='bbox 299 987 510 1049; x_wconf 89' lang='lat' dir='ltr'><strong>bilium</strong></span> <span class='ocrx_word' id='word_1_56' title='bbox 577 989 642 1048; x_wconf 89' lang='lat' dir='ltr'><strong>in</strong></span> <span class='ocrx_word' id='word_1_57' title='bbox 706 987 1182 1068; x_wconf 81' lang='lat' dir='ltr'><strong>expeditionibus</strong></span> <span class='ocrx_word' id='word_1_58' title='bbox 1245 988 1345 1050; x_wconf 92' lang='lat' dir='ltr'><strong>uel</strong></span> <span class='ocrx_word' id='word_1_59' title='bbox 1407 987 1724 1050; x_wconf 82' lang='lat' dir='ltr'><strong>itineribus</strong></span> <span class='ocrx_word' id='word_1_60' title='bbox 1788 991 2043 1049; x_wconf 83' lang='lat' dir='ltr'><strong>maxime</strong></span> <span class='ocrx_word' id='word_1_61' title='bbox 2105 1006 2215 1068; x_wconf 92' lang='lat' dir='ltr'><strong>per</strong></span> <span class='ocrx_word' id='word_1_62' title='bbox 2267 989 2606 1049; x_wconf 79' lang='lat' dir='ltr'><strong>Armeniam</strong></span> 
     </span>
     <span class='ocr_line' id='line_1_8' title="bbox 299 1085 2609 1167; baseline -0 -19"><span class='ocrx_word' id='word_1_63' title='bbox 299 1089 572 1148; x_wconf 85' lang='lat' dir='ltr'><strong>uisarum</strong></span> <span class='ocrx_word' id='word_1_64' title='bbox 619 1086 719 1148; x_wconf 91' lang='lat' dir='ltr'><strong>uel</strong></span> <span class='ocrx_word' id='word_1_65' title='bbox 757 1085 874 1148; x_wconf 89' lang='lat' dir='ltr'><strong>sibi</strong></span> <span class='ocrx_word' id='word_1_66' title='bbox 910 1094 1281 1148; x_wconf 85' lang='lat' dir='ltr'><strong>narratarum</strong></span> <span class='ocrx_word' id='word_1_67' title='bbox 1321 1089 1450 1149; x_wconf 89' lang='lat' dir='ltr'><strong>sine</strong></span> <span class='ocrx_word' id='word_1_68' title='bbox 1487 1086 1711 1148; x_wconf 92' lang='lat' dir='ltr'><strong>iudicio</strong></span> <span class='ocrx_word' id='word_1_69' title='bbox 1750 1086 2075 1166; x_wconf 80' lang='lat' dir='ltr'><strong>effudisset,</strong></span> <span class='ocrx_word' id='word_1_70' title='bbox 2124 1104 2299 1167; x_wconf 81' lang='lat' dir='ltr'><strong>saepe</strong></span> <span class='ocrx_word' id='word_1_71' title='bbox 2347 1106 2380 1148; x_wconf 91' lang='lat' dir='ltr'><strong>a</strong></span> <span class='ocrx_word' id='word_1_72' title='bbox 2416 1087 2609 1148; x_wconf 85' lang='lat' dir='ltr'><strong>Plinio</strong></span> 
     </span>
     <span class='ocr_line' id='line_1_9' title="bbox 299 1183 2607 1263; baseline 0 -17"><span class='ocrx_word' id='word_1_73' title='bbox 299 1187 365 1246; x_wconf 89' lang='lat' dir='ltr'><strong>in</strong></span> <span class='ocrx_word' id='word_1_74' title='bbox 409 1185 668 1246; x_wconf 88' lang='lat' dir='ltr'><strong>naturali</strong></span> <span class='ocrx_word' id='word_1_75' title='bbox 714 1185 964 1247; x_wconf 88' lang='lat' dir='ltr'><strong>historia</strong></span> <span class='ocrx_word' id='word_1_76' title='bbox 1009 1183 1306 1246; x_wconf 90' lang='lat' dir='ltr'><strong>adbibitus</strong></span> <span class='ocrx_word' id='word_1_77' title='bbox 1355 1187 1690 1260; x_wconf 84' lang='lat' dir='ltr'><strong>(Muenzer</strong></span> <span class='ocrx_word' id='word_1_78' title='bbox 1722 1203 1790 1263; x_wconf 84' lang='lat' dir='ltr'><strong>p.</strong></span> <span class='ocrx_word' id='word_1_79' title='bbox 1829 1186 1961 1247; x_wconf 85' lang='lat'><strong>392</strong></span> <span class='ocrx_word' id='word_1_80' title='bbox 1980 1188 2137 1262; x_wconf 81' lang='lat' dir='ltr'><strong>sqq.)</strong></span> <span class='ocrx_word' id='word_1_81' title='bbox 2187 1193 2246 1247; x_wconf 91' lang='lat' dir='ltr'><strong>et</strong></span> <span class='ocrx_word' id='word_1_82' title='bbox 2292 1205 2427 1247; x_wconf 93' lang='lat' dir='ltr'><strong>cum</strong></span> <span class='ocrx_word' id='word_1_83' title='bbox 2466 1185 2607 1246; x_wconf 89' lang='lat' dir='ltr'><strong>Cor-</strong></span> 
     </span>
     <span class='ocr_line' id='line_1_10' title="bbox 299 1276 2609 1366; baseline -0 -21"><span class='ocrx_word' id='word_1_84' title='bbox 299 1283 523 1346; x_wconf 88' lang='lat' dir='ltr'><strong>bulone</strong></span> <span class='ocrx_word' id='word_1_85' title='bbox 570 1285 634 1344; x_wconf 91' lang='lat' dir='ltr'><strong>in</strong></span> <span class='ocrx_word' id='word_1_86' title='bbox 679 1283 978 1346; x_wconf 88' lang='lat' dir='ltr'><strong>indicibus</strong></span> <span class='ocrx_word' id='word_1_87' title='bbox 1025 1283 1166 1344; x_wconf 86' lang='lat' dir='ltr'><strong>libri</strong></span> <span class='ocrx_word' id='word_1_88' title='bbox 1202 1283 1249 1343; x_wconf 87' lang='lat' dir='ltr'>V</span> <span class='ocrx_word' id='word_1_89' title='bbox 1295 1292 1356 1346; x_wconf 85' lang='lat' dir='ltr'><strong>et</strong></span> <span class='ocrx_word' id='word_1_90' title='bbox 1391 1283 1462 1345; x_wconf 87' lang='lat' dir='ltr'><strong>vl</strong></span> <span class='ocrx_word' id='word_1_91' title='bbox 1501 1293 1561 1345; x_wconf 91' lang='lat' dir='ltr'><strong>et</strong></span> <span class='ocrx_word' id='word_1_92' title='bbox 1605 1285 1669 1346; x_wconf 89' lang='lat' dir='ltr'><strong>in</strong></span> <span class='ocrx_word' id='word_1_93' title='bbox 1709 1290 1873 1344; x_wconf 88' lang='lat' dir='ltr'><strong>textu</strong></span> <span class='ocrx_word' id='word_1_94' title='bbox 1922 1276 1997 1366; x_wconf 86' lang='lat' dir='ltr'><strong>(V</strong></span> <span class='ocrx_word' id='word_1_95' title='bbox 2034 1281 2121 1345; x_wconf 88' lang='lat'><strong>83</strong></span> <span class='ocrx_word' id='word_1_96' title='bbox 2170 1284 2241 1345; x_wconf 92' lang='lat' dir='ltr'><strong>de</strong></span> <span class='ocrx_word' id='word_1_97' title='bbox 2289 1283 2609 1364; x_wconf 75' lang='lat' dir='ltr'><strong>Euphratis</strong></span> 
     </span>
     <span class='ocr_line' id='line_1_11' title="bbox 303 1376 2609 1467; baseline -0 -24"><span class='ocrx_word' id='word_1_98' title='bbox 303 1382 494 1462; x_wconf 78' lang='lat' dir='ltr'><strong>fonte,</strong></span> <span class='ocrx_word' id='word_1_99' title='bbox 560 1379 660 1444; x_wconf 76' lang='lat' dir='ltr'><strong>‘ut</strong></span> <span class='ocrx_word' id='word_1_100' title='bbox 723 1385 826 1462; x_wconf 87' lang='lat' dir='ltr'><strong>qui</strong></span> <span class='ocrx_word' id='word_1_101' title='bbox 890 1383 1160 1462; x_wconf 86' lang='lat' dir='ltr'><strong>proxime</strong></span> <span class='ocrx_word' id='word_1_102' title='bbox 1221 1382 1518 1444; x_wconf 90' lang='lat' dir='ltr'><strong>uidissent</strong></span> <span class='ocrx_word' id='word_1_103' title='bbox 1531 1376 1580 1467; x_wconf 89' lang='lat'><strong>’)</strong></span> <span class='ocrx_word' id='word_1_104' title='bbox 1650 1383 2023 1443; x_wconf 87' lang='lat' dir='ltr'><strong>consociatus</strong></span> <span class='ocrx_word' id='word_1_105' title='bbox 2089 1391 2194 1443; x_wconf 90' lang='lat' dir='ltr'><strong>est.</strong></span> <span class='ocrx_word' id='word_1_106' title='bbox 2291 1383 2470 1443; x_wconf 83' lang='lat' dir='ltr'><strong>etiam</strong></span> <span class='ocrx_word' id='word_1_107' title='bbox 2536 1381 2609 1442; x_wconf 90' lang='lat' dir='ltr'><strong>de</strong></span> 
     </span>
     <span class='ocr_line' id='line_1_12' title="bbox 301 1479 2609 1562; baseline 0 -21"><span class='ocrx_word' id='word_1_108' title='bbox 301 1479 484 1542; x_wconf 88' lang='lat' dir='ltr'><strong>Plinii</strong></span> <span class='ocrx_word' id='word_1_109' title='bbox 531 1481 799 1543; x_wconf 87' lang='lat' dir='ltr'><strong>historiis</strong></span> <span class='ocrx_word' id='word_1_110' title='bbox 845 1482 1094 1560; x_wconf 86' lang='lat' dir='ltr'><strong>cogitari</strong></span> <span class='ocrx_word' id='word_1_111' title='bbox 1137 1488 1351 1561; x_wconf 85' lang='lat' dir='ltr'><strong>potest,</strong></span> <span class='ocrx_word' id='word_1_112' title='bbox 1407 1483 1511 1562; x_wconf 89' lang='lat' dir='ltr'><strong>qui</strong></span> <span class='ocrx_word' id='word_1_113' title='bbox 1557 1499 1693 1542; x_wconf 92' lang='lat' dir='ltr'><strong>cum</strong></span> <span class='ocrx_word' id='word_1_114' title='bbox 1742 1479 1852 1542; x_wconf 89' lang='lat' dir='ltr'><strong>sub</strong></span> <span class='ocrx_word' id='word_1_115' title='bbox 1900 1479 2231 1542; x_wconf 87' lang='lat' dir='ltr'><strong>Corbulone</strong></span> <span class='ocrx_word' id='word_1_116' title='bbox 2279 1479 2609 1561; x_wconf 78' lang='lat' dir='ltr'><strong>militasset,</strong></span> 
     </span>
     <span class='ocr_line' id='line_1_13' title="bbox 302 1578 2375 1660; baseline -0 -19"><span class='ocrx_word' id='word_1_117' title='bbox 302 1581 626 1659; x_wconf 87' lang='lat' dir='ltr'><strong>praecipuo</strong></span> <span class='ocrx_word' id='word_1_118' title='bbox 673 1578 874 1641; x_wconf 89' lang='lat' dir='ltr'><strong>studio</strong></span> <span class='ocrx_word' id='word_1_119' title='bbox 920 1580 1050 1640; x_wconf 89' lang='lat' dir='ltr'><strong>eius</strong></span> <span class='ocrx_word' id='word_1_120' title='bbox 1097 1598 1194 1640; x_wconf 92' lang='lat' dir='ltr'><strong>res</strong></span> <span class='ocrx_word' id='word_1_121' title='bbox 1240 1588 1623 1660; x_wconf 80' lang='lat' dir='ltr'><strong>persecutum</strong></span> <span class='ocrx_word' id='word_1_122' title='bbox 1671 1597 1803 1640; x_wconf 90' lang='lat' dir='ltr'><strong>esse</strong></span> <span class='ocrx_word' id='word_1_123' title='bbox 1850 1580 1981 1640; x_wconf 88' lang='lat' dir='ltr'><strong>ueri</strong></span> <span class='ocrx_word' id='word_1_124' title='bbox 2028 1578 2221 1640; x_wconf 89' lang='lat' dir='ltr'><strong>simile</strong></span> <span class='ocrx_word' id='word_1_125' title='bbox 2270 1586 2375 1640; x_wconf 91' lang='lat' dir='ltr'><strong>est.</strong></span> 
     </span>
     <span class='ocr_line' id='line_1_14' title="bbox 483 1676 2609 1758; baseline 0 -20"><span class='ocrx_word' id='word_1_126' title='bbox 483 1676 786 1740; x_wconf 86' lang='lat' dir='ltr'><strong>Habemus</strong></span> <span class='ocrx_word' id='word_1_127' title='bbox 834 1685 1031 1739; x_wconf 90' lang='lat' dir='ltr'><strong>tamen</strong></span> <span class='ocrx_word' id='word_1_128' title='bbox 1079 1677 1296 1758; x_wconf 89' lang='lat' dir='ltr'><strong>quibus</strong></span> <span class='ocrx_word' id='word_1_129' title='bbox 1343 1680 1708 1757; x_wconf 83' lang='lat' dir='ltr'><strong>argumentis</strong></span> <span class='ocrx_word' id='word_1_130' title='bbox 1756 1679 1932 1739; x_wconf 88' lang='lat' dir='ltr'><strong>etiam</strong></span> <span class='ocrx_word' id='word_1_131' title='bbox 1980 1679 2201 1739; x_wconf 88' lang='lat' dir='ltr'><strong>certius</strong></span> <span class='ocrx_word' id='word_1_132' title='bbox 2258 1677 2423 1740; x_wconf 84' lang='lat' dir='ltr'><strong>filum</strong></span> <span class='ocrx_word' id='word_1_133' title='bbox 2481 1696 2609 1738; x_wconf 86' lang='lat' dir='ltr'><strong>ora-</strong></span> 
     </span>
     <span class='ocr_line' id='line_1_15' title="bbox 307 1775 2609 1856; baseline -0.001 -18"><span class='ocrx_word' id='word_1_134' title='bbox 307 1778 488 1838; x_wconf 86' lang='lat' dir='ltr'><strong>tionis</strong></span> <span class='ocrx_word' id='word_1_135' title='bbox 527 1795 560 1837; x_wconf 91' lang='lat' dir='ltr'><strong>a</strong></span> <span class='ocrx_word' id='word_1_136' title='bbox 587 1776 790 1838; x_wconf 88' lang='lat' dir='ltr'><strong>Tacito</strong></span> <span class='ocrx_word' id='word_1_137' title='bbox 829 1776 1160 1838; x_wconf 89' lang='lat' dir='ltr'><strong>secundum</strong></span> <span class='ocrx_word' id='word_1_138' title='bbox 1189 1775 1583 1838; x_wconf 88' lang='lat' dir='ltr'><strong>Corbulonem</strong></span> <span class='ocrx_word' id='word_1_139' title='bbox 1622 1783 1959 1856; x_wconf 88' lang='lat' dir='ltr'><strong>pertextum</strong></span> <span class='ocrx_word' id='word_1_140' title='bbox 1998 1795 2131 1838; x_wconf 91' lang='lat' dir='ltr'><strong>esse</strong></span> <span class='ocrx_word' id='word_1_141' title='bbox 2172 1777 2609 1837; x_wconf 81' lang='lat' dir='ltr'><strong>confirmemus,</strong></span> 
     </span>
     <span class='ocr_line' id='line_1_16' title="bbox 307 1873 2610 1955; baseline -0.001 -19"><span class='ocrx_word' id='word_1_142' title='bbox 307 1874 498 1936; x_wconf 86' lang='lat' dir='ltr'><strong>Cassii</strong></span> <span class='ocrx_word' id='word_1_143' title='bbox 543 1876 704 1936; x_wconf 89' lang='lat' dir='ltr'><strong>enim</strong></span> <span class='ocrx_word' id='word_1_144' title='bbox 750 1874 954 1936; x_wconf 89' lang='lat' dir='ltr'><strong>Dionis</strong></span> <span class='ocrx_word' id='word_1_145' title='bbox 1002 1883 1280 1955; x_wconf 87' lang='lat' dir='ltr'><strong>excerpta</strong></span> <span class='ocrx_word' id='word_1_146' title='bbox 1324 1875 1592 1937; x_wconf 90' lang='lat' dir='ltr'><strong>breuiter</strong></span> <span class='ocrx_word' id='word_1_147' title='bbox 1649 1893 1745 1936; x_wconf 90' lang='lat' dir='ltr'><strong>res</strong></span> <span class='ocrx_word' id='word_1_148' title='bbox 1802 1895 1833 1936; x_wconf 93' lang='lat' dir='ltr'><strong>a</strong></span> <span class='ocrx_word' id='word_1_149' title='bbox 1880 1873 2213 1935; x_wconf 89' lang='lat' dir='ltr'><strong>Corbulone</strong></span> <span class='ocrx_word' id='word_1_150' title='bbox 2270 1876 2334 1935; x_wconf 90' lang='lat' dir='ltr'><strong>in</strong></span> <span class='ocrx_word' id='word_1_151' title='bbox 2381 1875 2610 1936; x_wconf 89' lang='lat' dir='ltr'><strong>oriente</strong></span> 
     </span>
     <span class='ocr_line' id='line_1_17' title="bbox 308 1966 2609 2058; baseline -0 -23"><span class='ocrx_word' id='word_1_152' title='bbox 308 1981 504 2052; x_wconf 86' lang='lat' dir='ltr'><strong>gestas</strong></span> <span class='ocrx_word' id='word_1_153' title='bbox 551 1981 915 2053; x_wconf 89' lang='lat' dir='ltr'><strong>percurrunt</strong></span> <span class='ocrx_word' id='word_1_154' title='bbox 961 1966 1098 2058; x_wconf 84' lang='lat'><strong>(62,</strong></span> <span class='ocrx_word' id='word_1_155' title='bbox 1147 1975 1478 2055; x_wconf 86' lang='lat'><em>19—23)‚</em></span> <span class='ocrx_word' id='word_1_156' title='bbox 1537 1993 1688 2054; x_wconf 90' lang='lat' dir='ltr'><strong>quae</strong></span> <span class='ocrx_word' id='word_1_157' title='bbox 1741 1991 1881 2054; x_wconf 90' lang='lat' dir='ltr'><strong>pars</strong></span> <span class='ocrx_word' id='word_1_158' title='bbox 1935 1981 2164 2035; x_wconf 84' lang='lat' dir='ltr'><strong>tantum</strong></span> <span class='ocrx_word' id='word_1_159' title='bbox 2222 1992 2358 2034; x_wconf 91' lang='lat' dir='ltr'><strong>cum</strong></span> <span class='ocrx_word' id='word_1_160' title='bbox 2406 1973 2609 2034; x_wconf 88' lang='lat' dir='ltr'><strong>Tacito</strong></span> 
     </span>
     <span class='ocr_line' id='line_1_18' title="bbox 309 2072 2611 2153; baseline 0 -20"><span class='ocrx_word' id='word_1_161' title='bbox 309 2073 623 2151; x_wconf 78' lang='lat' dir='ltr'><strong>consentit,</strong></span> <span class='ocrx_word' id='word_1_162' title='bbox 668 2079 739 2133; x_wconf 89' lang='lat' dir='ltr'><strong>ut</strong></span> <span class='ocrx_word' id='word_1_163' title='bbox 782 2072 1028 2133; x_wconf 91' lang='lat' dir='ltr'><strong>Dionem</strong></span> <span class='ocrx_word' id='word_1_164' title='bbox 1074 2073 1188 2133; x_wconf 91' lang='lat' dir='ltr'><strong>hoc</strong></span> <span class='ocrx_word' id='word_1_165' title='bbox 1233 2091 1409 2134; x_wconf 90' lang='lat' dir='ltr'><strong>usum</strong></span> <span class='ocrx_word' id='word_1_166' title='bbox 1458 2091 1588 2133; x_wconf 87' lang='lat' dir='ltr'><strong>esse</strong></span> <span class='ocrx_word' id='word_1_167' title='bbox 1638 2072 1877 2153; x_wconf 85' lang='lat' dir='ltr'><strong>quidam</strong></span> <span class='ocrx_word' id='word_1_168' title='bbox 1924 2073 2413 2133; x_wconf 75' lang='lat' dir='ltr'><strong>existimauerim„</strong></span> <span class='ocrx_word' id='word_1_169' title='bbox 2507 2072 2611 2134; x_wconf 91' lang='lat' dir='ltr'><strong>sed</strong></span> 
     </span>
     <span class='ocr_line' id='line_1_19' title="bbox 310 2169 2609 2252; baseline -0 -19"><span class='ocrx_word' id='word_1_170' title='bbox 310 2177 470 2233; x_wconf 86' lang='lat' dir='ltr'><strong>recte</strong></span> <span class='ocrx_word' id='word_1_171' title='bbox 519 2169 872 2232; x_wconf 87' lang='lat' dir='ltr'><strong>Gutschmid</strong></span> <span class='ocrx_word' id='word_1_172' title='bbox 929 2171 1112 2244; x_wconf 84' lang='lat' dir='ltr'><strong>(Iran</strong></span> <span class='ocrx_word' id='word_1_173' title='bbox 1147 2189 1215 2248; x_wconf 82' lang='lat' dir='ltr'><strong>p.</strong></span> <span class='ocrx_word' id='word_1_174' title='bbox 1248 2172 1406 2246; x_wconf 86' lang='lat'><strong><em>131)</em></strong></span> <span class='ocrx_word' id='word_1_175' title='bbox 1464 2173 1783 2250; x_wconf 87' lang='lat' dir='ltr'><strong>separatim</strong></span> <span class='ocrx_word' id='word_1_176' title='bbox 1839 2173 2152 2252; x_wconf 88' lang='lat' dir='ltr'><strong>utriusque</strong></span> <span class='ocrx_word' id='word_1_177' title='bbox 2210 2173 2609 2232; x_wconf 88' lang='lat' dir='ltr'><strong>narrationem</strong></span> 
     </span>
     <span class='ocr_line' id='line_1_20' title="bbox 311 2268 2611 2350; baseline 0 -20"><span class='ocrx_word' id='word_1_178' title='bbox 311 2269 379 2330; x_wconf 87' lang='lat' dir='ltr'><strong>ad</strong></span> <span class='ocrx_word' id='word_1_179' title='bbox 441 2268 840 2331; x_wconf 87' lang='lat' dir='ltr'><strong>Corbulonem</strong></span> <span class='ocrx_word' id='word_1_180' title='bbox 907 2269 1104 2331; x_wconf 89' lang='lat' dir='ltr'><strong>redire</strong></span> <span class='ocrx_word' id='word_1_181' title='bbox 1170 2268 1605 2331; x_wconf 88' lang='lat' dir='ltr'><strong>animaduertit.</strong></span> <span class='ocrx_word' id='word_1_182' title='bbox 1682 2289 1817 2330; x_wconf 90' lang='lat' dir='ltr'><strong>nam</strong></span> <span class='ocrx_word' id='word_1_183' title='bbox 1884 2271 1987 2350; x_wconf 89' lang='lat' dir='ltr'><strong>qui</strong></span> <span class='ocrx_word' id='word_1_184' title='bbox 2050 2269 2319 2331; x_wconf 87' lang='lat' dir='ltr'><strong>Tacitum</strong></span> <span class='ocrx_word' id='word_1_185' title='bbox 2384 2269 2611 2350; x_wconf 87' lang='lat' dir='ltr'><strong>legerit,</strong></span> 
     </span>
     <span class='ocr_line' id='line_1_21' title="bbox 309 2366 2611 2449; baseline 0 -21"><span class='ocrx_word' id='word_1_186' title='bbox 309 2367 504 2429; x_wconf 80' lang='lat' dir='ltr'><strong>facere</strong></span> <span class='ocrx_word' id='word_1_187' title='bbox 555 2387 674 2428; x_wconf 91' lang='lat' dir='ltr'><strong>non</strong></span> <span class='ocrx_word' id='word_1_188' title='bbox 719 2369 964 2447; x_wconf 87' lang='lat' dir='ltr'><strong>poterit,</strong></span> <span class='ocrx_word' id='word_1_189' title='bbox 1027 2370 1172 2449; x_wconf 91' lang='lat' dir='ltr'><strong>quin</strong></span> <span class='ocrx_word' id='word_1_190' title='bbox 1228 2367 1388 2429; x_wconf 90' lang='lat' dir='ltr'><strong>illius</strong></span> <span class='ocrx_word' id='word_1_191' title='bbox 1444 2366 1678 2429; x_wconf 88' lang='lat' dir='ltr'><strong>laudem</strong></span> <span class='ocrx_word' id='word_1_192' title='bbox 1736 2367 1929 2448; x_wconf 87' lang='lat' dir='ltr'><strong>aliqua</strong></span> <span class='ocrx_word' id='word_1_193' title='bbox 1989 2386 2059 2428; x_wconf 90' lang='lat' dir='ltr'><strong>ex</strong></span> <span class='ocrx_word' id='word_1_194' title='bbox 2107 2376 2274 2448; x_wconf 91' lang='lat' dir='ltr'><strong>parte</strong></span> <span class='ocrx_word' id='word_1_195' title='bbox 2322 2370 2611 2430; x_wconf 90' lang='lat' dir='ltr'><strong>minuisse</strong></span> 
     </span>
     <span class='ocr_line' id='line_1_22' title="bbox 311 2465 2613 2547; baseline 0.001 -21"><span class='ocrx_word' id='word_1_196' title='bbox 311 2473 486 2546; x_wconf 87' lang='lat' dir='ltr'><strong>atque</strong></span> <span class='ocrx_word' id='word_1_197' title='bbox 526 2465 738 2527; x_wconf 91' lang='lat' dir='ltr'><strong>iudicii</strong></span> <span class='ocrx_word' id='word_1_198' title='bbox 775 2468 869 2527; x_wconf 86' lang='lat' dir='ltr'><strong>sui</strong></span> <span class='ocrx_word' id='word_1_199' title='bbox 907 2467 1196 2528; x_wconf 88' lang='lat' dir='ltr'><strong>rationem</strong></span> <span class='ocrx_word' id='word_1_200' title='bbox 1235 2468 1669 2547; x_wconf 87' lang='lat' dir='ltr'><strong>interposuisse</strong></span> <span class='ocrx_word' id='word_1_201' title='bbox 1708 2466 2010 2527; x_wconf 90' lang='lat' dir='ltr'><strong>concedat.</strong></span> <span class='ocrx_word' id='word_1_202' title='bbox 2076 2473 2135 2527; x_wconf 89' lang='lat' dir='ltr'><strong>at</strong></span> <span class='ocrx_word' id='word_1_203' title='bbox 2172 2465 2325 2546; x_wconf 89' lang='lat' dir='ltr'><strong>apud</strong></span> <span class='ocrx_word' id='word_1_204' title='bbox 2362 2466 2613 2528; x_wconf 89' lang='lat' dir='ltr'><strong>Dionem</strong></span> 
     </span>
     <span class='ocr_line' id='line_1_23' title="bbox 311 2563 2613 2646; baseline 0 -21"><span class='ocrx_word' id='word_1_205' title='bbox 311 2571 600 2644; x_wconf 87' lang='lat' dir='ltr'><strong>aequatur</strong></span> <span class='ocrx_word' id='word_1_206' title='bbox 659 2563 916 2626; x_wconf 89' lang='lat' dir='ltr'><strong>Corbulo</strong></span> <span class='ocrx_word' id='word_1_207' title='bbox 977 2564 1325 2626; x_wconf 90' lang='lat' dir='ltr'><strong>clarissimis</strong></span> <span class='ocrx_word' id='word_1_208' title='bbox 1383 2564 1684 2644; x_wconf 78' lang='lat' dir='ltr'><strong>RomaniS,</strong></span> <span class='ocrx_word' id='word_1_209' title='bbox 1745 2564 2059 2626; x_wconf 86' lang='lat' dir='ltr'><strong>laudantur</strong></span> <span class='ocrx_word' id='word_1_210' title='bbox 2114 2583 2320 2644; x_wconf 80' lang='lat' dir='ltr'><strong>genuS,</strong></span> <span class='ocrx_word' id='word_1_211' title='bbox 2378 2584 2613 2646; x_wconf 79' lang='lat' dir='ltr'><strong>corpuS,</strong></span> 
     </span>
     <span class='ocr_line' id='line_1_24' title="bbox 313 2661 2615 2742; baseline 0 -19"><span class='ocrx_word' id='word_1_212' title='bbox 313 2661 646 2742; x_wconf 87' lang='lat' dir='ltr'><strong>prudentia,</strong></span> <span class='ocrx_word' id='word_1_213' title='bbox 685 2663 985 2742; x_wconf 78' lang='lat' dir='ltr'><strong>fortitudo,</strong></span> <span class='ocrx_word' id='word_1_214' title='bbox 1021 2665 1264 2742; x_wconf 87' lang='lat' dir='ltr'><strong>iustitia,</strong></span> <span class='ocrx_word' id='word_1_215' title='bbox 1313 2662 1460 2725; x_wconf 84' lang='lat' dir='ltr'><strong>fides</strong></span> <span class='ocrx_word' id='word_1_216' title='bbox 1499 2670 1557 2724; x_wconf 88' lang='lat' dir='ltr'><strong>et</strong></span> <span class='ocrx_word' id='word_1_217' title='bbox 1594 2663 1983 2724; x_wconf 81' lang='lat' dir='ltr'><strong>familiaribus</strong></span> <span class='ocrx_word' id='word_1_218' title='bbox 2022 2671 2082 2723; x_wconf 90' lang='lat' dir='ltr'><strong>et</strong></span> <span class='ocrx_word' id='word_1_219' title='bbox 2108 2663 2380 2724; x_wconf 90' lang='lat' dir='ltr'><strong>hostibus</strong></span> <span class='ocrx_word' id='word_1_220' title='bbox 2418 2662 2615 2725; x_wconf 89' lang='lat' dir='ltr'><strong>habita</strong></span> 
     </span>
     <span class='ocr_line' id='line_1_25' title="bbox 315 2760 2613 2841; baseline 0 -19"><span class='ocrx_word' id='word_1_221' title='bbox 315 2779 509 2841; x_wconf 83' lang='lat' dir='ltr'><strong>neque</strong></span> <span class='ocrx_word' id='word_1_222' title='bbox 557 2761 679 2821; x_wconf 85' lang='lat' dir='ltr'><strong>ulla</strong></span> <span class='ocrx_word' id='word_1_223' title='bbox 723 2760 952 2841; x_wconf 85' lang='lat' dir='ltr'><strong>umbra,</strong></span> <span class='ocrx_word' id='word_1_224' title='bbox 997 2769 1066 2822; x_wconf 92' lang='lat' dir='ltr'><strong>ut</strong></span> <span class='ocrx_word' id='word_1_225' title='bbox 1110 2781 1142 2822; x_wconf 90' lang='lat' dir='ltr'><strong>a</strong></span> <span class='ocrx_word' id='word_1_226' title='bbox 1189 2761 1418 2840; x_wconf 87' lang='lat' dir='ltr'><strong>Tacito,</strong></span> <span class='ocrx_word' id='word_1_227' title='bbox 1472 2762 1586 2822; x_wconf 90' lang='lat' dir='ltr'><strong>hoc</strong></span> <span class='ocrx_word' id='word_1_228' title='bbox 1643 2760 1843 2823; x_wconf 90' lang='lat' dir='ltr'><strong>lumen</strong></span> <span class='ocrx_word' id='word_1_229' title='bbox 1890 2761 2245 2823; x_wconf 87' lang='lat' dir='ltr'><strong>obscuratur</strong></span> <span class='ocrx_word' id='word_1_230' title='bbox 2290 2764 2371 2836; x_wconf 82' lang='lat' dir='ltr'><strong>(c.</strong></span> <span class='ocrx_word' id='word_1_231' title='bbox 2412 2763 2515 2838; x_wconf 83' lang='grc'><strong>19,</strong></span> <span class='ocrx_word' id='word_1_232' title='bbox 2552 2762 2613 2822; x_wconf 92' lang='grc'><strong>2.</strong></span> 
     </span>
     <span class='ocr_line' id='line_1_26' title="bbox 315 2859 2614 2940; baseline 0 -20"><span class='ocrx_word' id='word_1_233' title='bbox 315 2859 392 2937; x_wconf 80' lang='lat' dir='ltr'><strong>cf.</strong></span> <span class='ocrx_word' id='word_1_234' title='bbox 433 2863 618 2921; x_wconf 79' lang='lat' dir='ltr'><strong>etiam</strong></span> <span class='ocrx_word' id='word_1_235' title='bbox 657 2860 760 2935; x_wconf 82' lang='lat'><strong>63,</strong></span> <span class='ocrx_word' id='word_1_236' title='bbox 800 2861 906 2934; x_wconf 82' lang='lat'><strong>6);</strong></span> <span class='ocrx_word' id='word_1_237' title='bbox 969 2862 1098 2920; x_wconf 91' lang='lat' dir='ltr'><strong>sine</strong></span> <span class='ocrx_word' id='word_1_238' title='bbox 1161 2859 1413 2921; x_wconf 90' lang='lat' dir='ltr'><strong>uulnere</strong></span> <span class='ocrx_word' id='word_1_239' title='bbox 1461 2862 1753 2921; x_wconf 80' lang='lat' dir='ltr'><strong>Artaxatis</strong></span> <span class='ocrx_word' id='word_1_240' title='bbox 1818 2867 1878 2920; x_wconf 90' lang='lat' dir='ltr'><strong>et</strong></span> <span class='ocrx_word' id='word_1_241' title='bbox 1931 2859 2369 2938; x_wconf 81' lang='lat' dir='ltr'><strong>Tigranocertis</strong></span> <span class='ocrx_word' id='word_1_242' title='bbox 2426 2862 2614 2940; x_wconf 91' lang='lat' dir='ltr'><strong>captis</strong></span> 
     </span>
     <span class='ocr_line' id='line_1_27' title="bbox 312 2956 2612 3038; baseline 0 -20"><span class='ocrx_word' id='word_1_243' title='bbox 312 2956 562 3038; x_wconf 89' lang='lat' dir='ltr'><strong>aliisque</strong></span> <span class='ocrx_word' id='word_1_244' title='bbox 610 2957 792 3019; x_wconf 86' lang='lat' dir='ltr'><strong>rebus</strong></span> <span class='ocrx_word' id='word_1_245' title='bbox 838 2957 1094 3037; x_wconf 84' lang='lat' dir='ltr'><strong>gloriose</strong></span> <span class='ocrx_word' id='word_1_246' title='bbox 1133 2960 1315 3038; x_wconf 86' lang='lat' dir='ltr'><strong>gestis</strong></span> <span class='ocrx_word' id='word_1_247' title='bbox 1345 2958 1705 3038; x_wconf 86' lang='lat' dir='ltr'><strong>Vologaesen</strong></span> <span class='ocrx_word' id='word_1_248' title='bbox 1754 2958 1863 3019; x_wconf 92' lang='lat' dir='ltr'><strong>sub</strong></span> <span class='ocrx_word' id='word_1_249' title='bbox 1916 2958 2365 3020; x_wconf 82' lang='lat' dir='ltr'><strong>condicionibus</strong></span> <span class='ocrx_word' id='word_1_250' title='bbox 2425 2958 2612 3038; x_wconf 88' lang='lat' dir='ltr'><strong>digni·</strong></span> 
     </span>
     <span class='ocr_line' id='line_1_28' title="bbox 313 3051 2613 3136; baseline -0 -19"><span class='ocrx_word' id='word_1_251' title='bbox 313 3058 417 3117; x_wconf 88' lang='lat' dir='ltr'><strong>tati</strong></span> <span class='ocrx_word' id='word_1_252' title='bbox 462 3055 760 3118; x_wconf 82' lang='lat' dir='ltr'><strong>Romanae</strong></span> <span class='ocrx_word' id='word_1_253' title='bbox 807 3059 959 3136; x_wconf 89' lang='lat' dir='ltr'><strong>aptis</strong></span> <span class='ocrx_word' id='word_1_254' title='bbox 1005 3057 1212 3117; x_wconf 78' lang='lat' dir='ltr'><strong>foedus</strong></span> <span class='ocrx_word' id='word_1_255' title='bbox 1259 3059 1412 3118; x_wconf 91' lang='lat' dir='ltr'><strong>inire</strong></span> <span class='ocrx_word' id='word_1_256' title='bbox 1459 3059 1618 3136; x_wconf 84' lang='lat' dir='ltr'><strong>cogit</strong></span> <span class='ocrx_word' id='word_1_257' title='bbox 1648 3051 1800 3133; x_wconf 76' lang='grc'><strong><em>’(20,</em></strong></span> <span class='ocrx_word' id='word_1_258' title='bbox 1835 3058 1919 3136; x_wconf 86' lang='grc'><strong>1),</strong></span> <span class='ocrx_word' id='word_1_259' title='bbox 1966 3056 2217 3118; x_wconf 90' lang='lat' dir='ltr'><strong>Parthus</strong></span> <span class='ocrx_word' id='word_1_260' title='bbox 2256 3056 2326 3118; x_wconf 88' lang='lat' dir='ltr'><strong>ad</strong></span> <span class='ocrx_word' id='word_1_261' title='bbox 2367 3075 2501 3118; x_wconf 91' lang='lat' dir='ltr'><strong>eum</strong></span> <span class='ocrx_word' id='word_1_262' title='bbox 2542 3057 2613 3117; x_wconf 89' lang='lat' dir='ltr'><strong>de</strong></span> 
     </span>
     <span class='ocr_line' id='line_1_29' title="bbox 313 3153 2613 3236; baseline 0 -21"><span class='ocrx_word' id='word_1_263' title='bbox 313 3153 562 3215; x_wconf 87' lang='lat' dir='ltr'><strong>indutiis</strong></span> <span class='ocrx_word' id='word_1_264' title='bbox 618 3154 841 3233; x_wconf 84' lang='lat' dir='ltr'><strong>legatos</strong></span> <span class='ocrx_word' id='word_1_265' title='bbox 896 3157 1078 3215; x_wconf 86' lang='lat' dir='ltr'><strong>mittit</strong></span> <span class='ocrx_word' id='word_1_266' title='bbox 1134 3153 1210 3235; x_wconf 60' lang='grc' dir='ltr'><strong>(ἕ</strong></span> <span class='ocrx_word' id='word_1_267' title='bbox 1247 3158 1316 3230; x_wconf 83' lang='grc'><strong>4,</strong></span> <span class='ocrx_word' id='word_1_268' title='bbox 1373 3157 1570 3216; x_wconf 86' lang='lat' dir='ltr'><strong>minus</strong></span> <span class='ocrx_word' id='word_1_269' title='bbox 1617 3156 1942 3216; x_wconf 86' lang='lat' dir='ltr'><strong>honorifice</strong></span> <span class='ocrx_word' id='word_1_270' title='bbox 1999 3155 2133 3216; x_wconf 91' lang='lat' dir='ltr'><strong>Tac.</strong></span> <span class='ocrx_word' id='word_1_271' title='bbox 2183 3157 2269 3216; x_wconf 86' lang='lat'><strong>15</strong></span> <span class='ocrx_word' id='word_1_272' title='bbox 2276 3185 2297 3232; x_wconf 80' lang='lat'><strong>,-</strong></span> <span class='ocrx_word' id='word_1_273' title='bbox 2333 3157 2432 3236; x_wconf 84' lang='lat'><strong>5);</strong></span> <span class='ocrx_word' id='word_1_274' title='bbox 2488 3164 2613 3216; x_wconf 91' lang='lat' dir='ltr'><strong>tum</strong></span> 
     </span>
     <span class='ocr_line' id='line_1_30' title="bbox 315 3251 2614 3334; baseline 0 -21"><span class='ocrx_word' id='word_1_275' title='bbox 315 3271 458 3314; x_wconf 88' lang='lat' dir='ltr'><strong>nero</strong></span> <span class='ocrx_word' id='word_1_276' title='bbox 517 3251 683 3313; x_wconf 86' lang='lat' dir='ltr'><strong>Paeti</strong></span> <span class='ocrx_word' id='word_1_277' title='bbox 742 3253 1046 3314; x_wconf 85' lang='lat' dir='ltr'><strong>infamiam</strong></span> <span class='ocrx_word' id='word_1_278' title='bbox 1103 3271 1221 3314; x_wconf 89' lang='lat' dir='ltr'><strong>non</strong></span> <span class='ocrx_word' id='word_1_279' title='bbox 1275 3255 1474 3314; x_wconf 90' lang='lat' dir='ltr'><strong>minus</strong></span> <span class='ocrx_word' id='word_1_280' title='bbox 1531 3261 1845 3332; x_wconf 85' lang='lat' dir='ltr'><strong>exaggerat</strong></span> <span class='ocrx_word' id='word_1_281' title='bbox 1908 3271 2084 3333; x_wconf 87' lang='lat' dir='ltr'><strong>quam</strong></span> <span class='ocrx_word' id='word_1_282' title='bbox 2142 3252 2396 3314; x_wconf 91' lang='lat' dir='ltr'><strong>Corbulo</strong></span> <span class='ocrx_word' id='word_1_283' title='bbox 2462 3253 2614 3334; x_wconf 90' lang='lat' dir='ltr'><strong>apud</strong></span> 
     </span>
     <span class='ocr_line' id='line_1_31' title="bbox 313 3347 2617 3432; baseline 0.001 -22"><span class='ocrx_word' id='word_1_284' title='bbox 313 3347 610 3428; x_wconf 88' lang='lat' dir='ltr'><strong>Tacitum,</strong></span> <span class='ocrx_word' id='word_1_285' title='bbox 675 3350 822 3412; x_wconf 84' lang='lat' dir='ltr'><strong>nibil</strong></span> <span class='ocrx_word' id='word_1_286' title='bbox 887 3359 957 3412; x_wconf 90' lang='lat' dir='ltr'><strong>ut</strong></span> <span class='ocrx_word' id='word_1_287' title='bbox 1010 3351 1107 3412; x_wconf 89' lang='lat' dir='ltr'><strong>hic</strong></span> <span class='ocrx_word' id='word_1_288' title='bbox 1163 3370 1454 3413; x_wconf 88' lang='lat' dir='ltr'><strong>excusans</strong></span> <span class='ocrx_word' id='word_1_289' title='bbox 1510 3359 1611 3413; x_wconf 91' lang='lat' dir='ltr'><strong>aut</strong></span> <span class='ocrx_word' id='word_1_290' title='bbox 1668 3352 1999 3430; x_wconf 79' lang='lat' dir='ltr'><strong>declinanS,</strong></span> <span class='ocrx_word' id='word_1_291' title='bbox 2055 3360 2229 3432; x_wconf 90' lang='lat' dir='ltr'><strong>atque</strong></span> <span class='ocrx_word' id='word_1_292' title='bbox 2286 3354 2459 3413; x_wconf 88' lang='lat' dir='ltr'><strong>etiam</strong></span> <span class='ocrx_word' id='word_1_293' title='bbox 2507 3369 2617 3431; x_wconf 88' lang='lat' dir='ltr'><strong>per</strong></span> 
     </span>
     <span class='ocr_line' id='line_1_32' title="bbox 315 3448 2613 3530; baseline 0.001 -20"><span class='ocrx_word' id='word_1_294' title='bbox 315 3448 642 3511; x_wconf 86' lang='lat' dir='ltr'><strong>ludibrium</strong></span> <span class='ocrx_word' id='word_1_295' title='bbox 687 3449 760 3510; x_wconf 89' lang='lat' dir='ltr'><strong>ab</strong></span> <span class='ocrx_word' id='word_1_296' title='bbox 821 3469 892 3510; x_wconf 88' lang='lat' dir='ltr'><strong>eo</strong></span> <span class='ocrx_word' id='word_1_297' title='bbox 953 3457 1192 3530; x_wconf 89' lang='lat' dir='ltr'><strong>pontem</strong></span> <span class='ocrx_word' id='word_1_298' title='bbox 1255 3453 1316 3511; x_wconf 92' lang='lat' dir='ltr'><strong>in</strong></span> <span class='ocrx_word' id='word_1_299' title='bbox 1364 3451 1608 3512; x_wconf 82' lang='lat' dir='ltr'><strong>Arsania</strong></span> <span class='ocrx_word' id='word_1_300' title='bbox 1658 3452 1788 3512; x_wconf 83' lang='lat' dir='ltr'><strong>fieri</strong></span> <span class='ocrx_word' id='word_1_301' title='bbox 1836 3471 1867 3511; x_wconf 88' lang='lat' dir='ltr'><strong>a</strong></span> <span class='ocrx_word' id='word_1_302' title='bbox 1915 3451 2148 3512; x_wconf 87' lang='lat' dir='ltr'><strong>Parthis</strong></span> <span class='ocrx_word' id='word_1_303' title='bbox 2193 3453 2423 3512; x_wconf 91' lang='lat' dir='ltr'><strong>iussum</strong></span> <span class='ocrx_word' id='word_1_304' title='bbox 2480 3469 2613 3512; x_wconf 89' lang='lat' dir='ltr'><strong>esse</strong></span> 
     </span>
     <span class='ocr_line' id='line_1_33' title="bbox 315 3548 2617 3630; baseline 0.001 -22"><span class='ocrx_word' id='word_1_305' title='bbox 315 3556 518 3610; x_wconf 86' lang='lat' dir='ltr'><strong>narrat</strong></span> <span class='ocrx_word' id='word_1_306' title='bbox 583 3549 727 3624; x_wconf 87' lang='lat'><strong>(21,</strong></span> <span class='ocrx_word' id='word_1_307' title='bbox 783 3549 1020 3625; x_wconf 78' lang='lat' dir='ltr'><strong>2sqq.).</strong></span> <span class='ocrx_word' id='word_1_308' title='bbox 1113 3551 1311 3629; x_wconf 83' lang='lat' dir='ltr'><strong>itaque</strong></span> <span class='ocrx_word' id='word_1_309' title='bbox 1375 3568 1732 3630; x_wconf 87' lang='lat' dir='ltr'><strong>quamquam</strong></span> <span class='ocrx_word' id='word_1_310' title='bbox 1799 3557 2074 3629; x_wconf 88' lang='lat' dir='ltr'><strong>excerpta</strong></span> <span class='ocrx_word' id='word_1_311' title='bbox 2134 3548 2409 3610; x_wconf 89' lang='lat' dir='ltr'><strong>breuiora</strong></span> <span class='ocrx_word' id='word_1_312' title='bbox 2476 3557 2617 3610; x_wconf 92' lang='lat' dir='ltr'><strong>sunt</strong></span> 
     </span>
     <span class='ocr_line' id='line_1_34' title="bbox 317 3646 2612 3728; baseline -0 -20"><span class='ocrx_word' id='word_1_313' title='bbox 317 3665 491 3726; x_wconf 83' lang='lat' dir='ltr'><strong>quam</strong></span> <span class='ocrx_word' id='word_1_314' title='bbox 540 3646 730 3708; x_wconf 84' lang='lat' dir='ltr'><strong>Taciti</strong></span> <span class='ocrx_word' id='word_1_315' title='bbox 775 3649 1053 3726; x_wconf 87' lang='lat' dir='ltr'><strong>narratio,</strong></span> <span class='ocrx_word' id='word_1_316' title='bbox 1119 3667 1233 3728; x_wconf 89' lang='lat' dir='ltr'><strong>qua</strong></span> <span class='ocrx_word' id='word_1_317' title='bbox 1299 3667 1476 3728; x_wconf 89' lang='lat' dir='ltr'><strong>saepe</strong></span> <span class='ocrx_word' id='word_1_318' title='bbox 1538 3647 1641 3708; x_wconf 87' lang='lat' dir='ltr'><strong>illa</strong></span> <span class='ocrx_word' id='word_1_319' title='bbox 1706 3647 2102 3728; x_wconf 85' lang='lat' dir='ltr'><strong>explicantur,</strong></span> <span class='ocrx_word' id='word_1_320' title='bbox 2166 3646 2348 3709; x_wconf 83' lang='lat' dir='ltr'><strong>multa</strong></span> <span class='ocrx_word' id='word_1_321' title='bbox 2417 3654 2612 3708; x_wconf 89' lang='lat' dir='ltr'><strong>tamen</strong></span> 
     </span>
     <span class='ocr_line' id='line_1_35' title="bbox 319 3743 2617 3825; baseline 0.001 -21"><span class='ocrx_word' id='word_1_322' title='bbox 319 3744 470 3824; x_wconf 90' lang='lat' dir='ltr'><strong>apud</strong></span> <span class='ocrx_word' id='word_1_323' title='bbox 530 3743 700 3806; x_wconf 91' lang='lat' dir='ltr'><strong>illum</strong></span> <span class='ocrx_word' id='word_1_324' title='bbox 761 3751 1003 3824; x_wconf 85' lang='lat' dir='ltr'><strong>restant,</strong></span> <span class='ocrx_word' id='word_1_325' title='bbox 1064 3745 1281 3825; x_wconf 85' lang='lat' dir='ltr'><strong>quibus</strong></span> <span class='ocrx_word' id='word_1_326' title='bbox 1340 3746 1556 3807; x_wconf 86' lang='lat' dir='ltr'><strong>indicia</strong></span> <span class='ocrx_word' id='word_1_327' title='bbox 1618 3745 1971 3807; x_wconf 89' lang='lat' dir='ltr'><strong>Corbulonis</strong></span> <span class='ocrx_word' id='word_1_328' title='bbox 2033 3745 2127 3807; x_wconf 93' lang='lat' dir='ltr'><strong>uel</strong></span> <span class='ocrx_word' id='word_1_329' title='bbox 2189 3747 2617 3806; x_wconf 82' lang='lat' dir='ltr'><strong>confirmentur</strong></span> 
     </span>
     <span class='ocr_line' id='line_1_36' title="bbox 319 3838 2614 3929; baseline 0 -25"><span class='ocrx_word' id='word_1_330' title='bbox 319 3843 414 3904; x_wconf 90' lang='lat' dir='ltr'><strong>uel</strong></span> <span class='ocrx_word' id='word_1_331' title='bbox 450 3842 855 3923; x_wconf 88' lang='lat' dir='ltr'><strong>suppleantur.</strong></span> <span class='ocrx_word' id='word_1_332' title='bbox 930 3843 1097 3904; x_wconf 91' lang='lat' dir='ltr'><strong>uelut</strong></span> <span class='ocrx_word' id='word_1_333' title='bbox 1130 3842 1300 3905; x_wconf 90' lang='lat' dir='ltr'><strong>urbis</strong></span> <span class='ocrx_word' id='word_1_334' title='bbox 1337 3863 1554 3906; x_wconf 90' lang='lat' dir='ltr'><strong>nomen</strong></span> <span class='ocrx_word' id='word_1_335' title='bbox 1586 3838 2005 3929; x_wconf 85' lang='lat' dir='ltr'><strong>(Rhandeam),</strong></span> <span class='ocrx_word' id='word_1_336' title='bbox 2052 3846 2114 3904; x_wconf 92' lang='lat' dir='ltr'><strong>in</strong></span> <span class='ocrx_word' id='word_1_337' title='bbox 2153 3862 2269 3924; x_wconf 84' lang='lat' dir='ltr'><strong>qua</strong></span> <span class='ocrx_word' id='word_1_338' title='bbox 2306 3851 2365 3904; x_wconf 91' lang='lat' dir='ltr'><strong>et</strong></span> <span class='ocrx_word' id='word_1_339' title='bbox 2400 3843 2614 3905; x_wconf 90' lang='lat' dir='ltr'><strong>Paetus</strong></span> 
     </span>
     <span class='ocr_line' id='line_1_37' title="bbox 319 3941 2615 4022; baseline 0.001 -22"><span class='ocrx_word' id='word_1_340' title='bbox 319 3941 584 4003; x_wconf 89' lang='lat' dir='ltr'><strong>inclusus</strong></span> <span class='ocrx_word' id='word_1_341' title='bbox 641 3948 701 4002; x_wconf 90' lang='lat' dir='ltr'><strong>et</strong></span> <span class='ocrx_word' id='word_1_342' title='bbox 753 3948 958 4022; x_wconf 88' lang='lat' dir='ltr'><strong>postea</strong></span> <span class='ocrx_word' id='word_1_343' title='bbox 1005 3961 1038 4002; x_wconf 89' lang='lat' dir='ltr'><strong>a</strong></span> <span class='ocrx_word' id='word_1_344' title='bbox 1084 3941 1402 4022; x_wconf 87' lang='lat' dir='ltr'><strong>Vologaese</strong></span> <span class='ocrx_word' id='word_1_345' title='bbox 1459 3950 1518 4003; x_wconf 94' lang='lat' dir='ltr'><strong>et</strong></span> <span class='ocrx_word' id='word_1_346' title='bbox 1572 3942 1907 4004; x_wconf 88' lang='lat' dir='ltr'><strong>Corbulone</strong></span> <span class='ocrx_word' id='word_1_347' title='bbox 1970 3941 2175 4003; x_wconf 77' lang='lat' dir='ltr'><strong>foedus</strong></span> <span class='ocrx_word' id='word_1_348' title='bbox 2231 3943 2451 4002; x_wconf 81' lang='lat' dir='ltr'><strong>factum</strong></span> <span class='ocrx_word' id='word_1_349' title='bbox 2508 3949 2615 4021; x_wconf 84' lang='lat' dir='ltr'><strong>est,</strong></span> 
     </span>
     <span class='ocr_line' id='line_1_38' title="bbox 319 4038 2613 4120; baseline 0 -20"><span class='ocrx_word' id='word_1_350' title='bbox 319 4047 569 4119; x_wconf 89' lang='lat' dir='ltr'><strong>utroque</strong></span> <span class='ocrx_word' id='word_1_351' title='bbox 627 4038 755 4100; x_wconf 92' lang='lat' dir='ltr'><strong>loco</strong></span> <span class='ocrx_word' id='word_1_352' title='bbox 803 4040 938 4114; x_wconf 86' lang='lat'><strong>(21,</strong></span> <span class='ocrx_word' id='word_1_353' title='bbox 986 4041 1044 4101; x_wconf 87' lang='lat'><strong>1.</strong></span> <span class='ocrx_word' id='word_1_354' title='bbox 1091 4040 1195 4119; x_wconf 86' lang='lat'><strong>23,</strong></span> <span class='ocrx_word' id='word_1_355' title='bbox 1243 4041 1314 4115; x_wconf 90' lang='grc'><strong>2)</strong></span> <span class='ocrx_word' id='word_1_356' title='bbox 1371 4043 1726 4120; x_wconf 85' lang='lat' dir='ltr'><strong>nominauit,</strong></span> <span class='ocrx_word' id='word_1_357' title='bbox 1782 4040 1941 4120; x_wconf 84' lang='lat' dir='ltr'><strong>quod</strong></span> <span class='ocrx_word' id='word_1_358' title='bbox 1994 4040 2233 4102; x_wconf 87' lang='lat' dir='ltr'><strong>Tacitus</strong></span> <span class='ocrx_word' id='word_1_359' title='bbox 2289 4048 2356 4101; x_wconf 93' lang='lat' dir='ltr'><strong>ut</strong></span> <span class='ocrx_word' id='word_1_360' title='bbox 2410 4039 2613 4101; x_wconf 86' lang='lat' dir='ltr'><strong>talium</strong></span> 
     </span>
     <span class='ocr_line' id='line_1_39' title="bbox 323 4133 2619 4224; baseline 0 -26"><span class='ocrx_word' id='word_1_361' title='bbox 323 4155 520 4198; x_wconf 88' lang='lat' dir='ltr'><strong>rerum</strong></span> <span class='ocrx_word' id='word_1_362' title='bbox 585 4144 960 4217; x_wconf 90' lang='lat' dir='ltr'><strong>contemptor</strong></span> <span class='ocrx_word' id='word_1_363' title='bbox 1021 4139 1318 4200; x_wconf 87' lang='lat' dir='ltr'><strong>omiserat.</strong></span> <span class='ocrx_word' id='word_1_364' title='bbox 1334 4133 1386 4224; x_wconf 89' lang='lat'><strong>¹)</strong></span> <span class='ocrx_word' id='word_1_365' title='bbox 1480 4157 1676 4220; x_wconf 91' lang='lat' dir='ltr'><strong>neque</strong></span> <span class='ocrx_word' id='word_1_366' title='bbox 1742 4140 1927 4218; x_wconf 91' lang='lat' dir='ltr'><strong>enim,</strong></span> <span class='ocrx_word' id='word_1_367' title='bbox 2003 4138 2159 4218; x_wconf 91' lang='lat' dir='ltr'><strong>quod</strong></span> <span class='ocrx_word' id='word_1_368' title='bbox 2224 4137 2353 4218; x_wconf 86' lang='lat' dir='ltr'><strong>Egli</strong></span> <span class='ocrx_word' id='word_1_369' title='bbox 2418 4141 2619 4218; x_wconf 82' lang='lat' dir='ltr'><strong>(apud</strong></span> 
     </span>
    </p>
   </div>
   <div class='ocr_carea' id='block_1_3' title="bbox 323 4269 800 4280">
    <p class='ocr_par' dir='ltr' id='par_1_3' title="bbox 323 4269 800 4280">
     <span class='ocr_line' id='line_1_40' title="bbox 323 4269 800 4280; baseline 0 754"><span class='ocrx_word' id='word_1_370' title='bbox 323 4269 800 4280; x_wconf 95' lang='lat' dir='ltr'><strong> </strong></span> 
     </span>
    </p>
   </div>
   <div class='ocr_carea' id='block_1_4' title="bbox 500 4344 2615 4415">
    <p class='ocr_par' dir='ltr' id='par_1_4' title="bbox 500 4344 2615 4415">
     <span class='ocr_line' id='line_1_41' title="bbox 500 4344 2615 4415; baseline 0 -15"><span class='ocrx_word' id='word_1_371' title='bbox 500 4349 552 4415; x_wconf 86' lang='lat'><strong>1)</strong></span> <span class='ocrx_word' id='word_1_372' title='bbox 588 4345 672 4399; x_wconf 92' lang='lat' dir='ltr'><strong>De</strong></span> <span class='ocrx_word' id='word_1_373' title='bbox 710 4344 1072 4415; x_wconf 83' lang='lat' dir='ltr'><strong>expeditione</strong></span> <span class='ocrx_word' id='word_1_374' title='bbox 1100 4345 1430 4401; x_wconf 83' lang='lat' dir='ltr'><strong>Corbulonis</strong></span> <span class='ocrx_word' id='word_1_375' title='bbox 1465 4345 1526 4400; x_wconf 89' lang='lat' dir='ltr'><strong>in</strong></span> <span class='ocrx_word' id='word_1_376' title='bbox 1563 4347 1701 4400; x_wconf 86' lang='lat' dir='ltr'><strong>fines</strong></span> <span class='ocrx_word' id='word_1_377' title='bbox 1731 4345 2079 4400; x_wconf 73' lang='lat' dir='ltr'><strong>Chaucorum</strong></span> <span class='ocrx_word' id='word_1_378' title='bbox 2116 4345 2271 4400; x_wconf 74' lang='lat' dir='ltr'><strong>sacta</strong></span> <span class='ocrx_word' id='word_1_379' title='bbox 2298 4345 2405 4399; x_wconf 88' lang='lat' dir='ltr'><strong>Dio</strong></span> <span class='ocrx_word' id='word_1_380' title='bbox 2440 4351 2527 4414; x_wconf 80' lang='lat'><strong>60,</strong></span> <span class='ocrx_word' id='word_1_381' title='bbox 2547 4351 2615 4400; x_wconf 83' lang='lat'><strong>30</strong></span> 
     </span>
    </p>
   </div>
  </div>
 </body>
</html>
