3234 5034
630 297 714 362 16
1360 299 1437 355 Μ.
1462 295 1786 351 TERENTI
1822 293 2196 350 VARRONIS

808 459 973 550 125².
1022 469 1279 542 Auyust.
1318 468 1395 528 de
1440 469 1561 528 eiu.
1590 467 1648 526 d.
1677 464 1919 524 XVIII
1949 464 2037 523 40
2081 463 2328 525 Frustra
2365 467 2567 544 itaque
2605 465 2918 526 uanissima

625 565 1068 643 praesumtione
1116 566 1391 643 garriunt
1426 562 1672 643 quidam
1710 561 1997 641 dicenteS‚
2035 579 2107 621 cx
2147 580 2263 640 quo
2298 564 2600 643 Aegyptus
2639 564 2918 623 rationem

626 661 893 722 siderum
940 661 1392 742 conprehendit,
1435 659 1695 741 amplius
1744 679 1920 740 quam
1968 667 2207 721 centum
2254 679 2548 722 annorum
2605 660 2768 722 milia
2817 679 2919 723 nu-

621 762 863 820 merari.
939 762 1001 821 in
1057 759 1275 839 quibus
1334 763 1493 822 enim
1548 758 1721 836 librjs
1779 761 1959 819 istum
2015 775 2334 820 numerum
2390 759 2778 839 collegerunt,
2823 762 2922 840 qui

624 876 744 919 non
800 856 1053 919 multum
1110 867 1246 920 ante
1304 877 1595 920 annorum
1656 857 1770 918 duo
1822 855 1984 916 milia
2031 855 2260 918 litteras
2307 859 2589 936 magistra
2636 857 2792 920 Iside
2839 856 2921 917 di·
2948 873 2970 912 ε

625 953 949 1018 dicerunt?
1011 954 1143 1017 Non
1190 959 1349 1018 enim
1394 975 1619 1036 paruus
1668 963 1874 1016 auctor
1912 962 2004 1015 est
2041 957 2102 1015 in
2139 955 2388 1015 historia
2426 955 2628 1034 Varro,
2677 958 2783 1035 qui
2815 955 2924 1016 hoc

624 1052 904 1133 prodidit,
952 1053 1110 1133 quod
1148 1073 1181 1114 a
1218 1053 1557 1116 litterarum
1596 1055 1777 1115 etiam
1817 1051 2156 1114 diuinarum
2193 1055 2447 1114 ueritate
2485 1072 2606 1114 non
2646 1054 2922 1115 dissonat.

811 1145 973 1215 13²².
1020 1157 1275 1228 August.
1315 1154 1393 1213 de
1437 1157 1556 1214 eiu.
1598 1154 1656 1213 d.
1694 1151 1938 1212 XVIII
1965 1153 2006 1210 5
2061 1149 2170 1212 His
2206 1151 2578 1231 temporibus
2618 1171 2724 1212 rex
2761 1153 2922 1232 Argi-

624 1267 839 1310 uorum
886 1251 1029 1330 Apis
1086 1248 1342 1312 nauibus
1399 1259 1781 1312 transuectus
1828 1251 1892 1309 in
1938 1249 2292 1328 Aegyptum,
2341 1268 2477 1310 cum
2526 1248 2612 1310 ibi
2655 1259 2924 1312 mortuus

625 1347 865 1427 fuisset,
923 1348 1112 1410 factus
1169 1357 1262 1409 est
1307 1349 1549 1430 Serapis
1607 1350 1875 1409 omnium
1930 1351 2224 1409 maximus
2279 1349 2702 1428 Aegyptiorum
2766 1348 2922 1410 deus.
2951 1365 2997 1404 ιο

622 1444 895 1507 Nominis
942 1455 1141 1509 autem
1185 1447 1383 1526 huius,
1426 1465 1536 1508 cur
1572 1465 1694 1508 non
1729 1445 1873 1526 Apis
1913 1448 2090 1506 etiam
2127 1453 2265 1526 post
2310 1455 2564 1508 mortem
2611 1446 2720 1509 sed
2757 1447 2924 1509 Sera-

622 1546 717 1624 pis
764 1543 1093 1625 appellatus
1140 1547 1235 1625 sit,
1274 1545 1613 1606 facillimam
1672 1547 1964 1606 rationem
1999 1545 2184 1605 Varro
2231 1544 2506 1606 reddidit.
2573 1547 2713 1625 quia
2769 1547 2922 1606 enim

623 1660 786 1722 arca,
852 1645 915 1704 in
980 1661 1095 1723 qua
1160 1651 1433 1705 mortuus
1498 1645 1767 1723 ponitur,
1830 1641 1987 1722 quod
2053 1660 2260 1703 omnes
2320 1645 2438 1704 iam
2497 1643 2922 1723 sarcophagum

621 1749 855 1819 uocant,
904 1741 1103 1822 σορός
1150 1740 1372 1802 dicitur
1412 1740 1657 1819 Graece,
1705 1750 1766 1801 et
1811 1739 1894 1800 ibi
1943 1759 2081 1802 eum
2127 1743 2406 1802 uenerari
2455 1741 2758 1820 sepultum
2796 1759 2923 1804 coe—

620 1846 851 1918 perant,
905 1841 1256 1920 priusquam
1300 1839 1591 1919 templum
1641 1841 1770 1899 eius
1819 1846 1978 1900 esset
2023 1845 2380 1918 extructum,
2423 1839 2594 1900 uelut
2643 1858 2815 1902 soros
2868 1848 2926 1901 et
2952 1854 2997 1894 ιε

622 1936 766 2016 Apis
814 1935 1054 2016 Serapis
1100 1939 1324 2017 primo,
1374 1936 1589 1998 deinde
1636 1955 1754 1997 una
1803 1936 2026 2016 littera,
2071 1945 2140 1998 ut
2185 1938 2318 1998 fieri
2365 1936 2615 2017 adsolet,
2665 1957 2922 2000 commu·

622 2043 743 2095 tata
782 2034 1023 2115 Serapis
1064 2035 1257 2096 dictus
1296 2044 1405 2096 est.
1453 2043 1514 2097 et
1552 2037 1943 2097 constitutum
1981 2043 2074 2096 est
2120 2037 2300 2097 etiam
2349 2035 2419 2096 de
2468 2034 2588 2117 illo,
2634 2045 2718 2116 ut,
2767 2039 2921 2117 quis·

624 2136 760 2212 quis
815 2151 953 2196 eum
1007 2133 1311 2194 hominem
1369 2135 1554 2195 fuisse
1614 2133 1888 2213 dixisset,
1944 2132 2255 2214 capitalem
2311 2134 2602 2214 penderet
2657 2153 2922 2216 poenam.

622 2238 684 2291 et
729 2233 1010 2310 quoniam
1057 2232 1184 2292 sere
1230 2234 1296 2292 in
1342 2232 1622 2293 omnibus
1667 2231 1924 2312 templiS,
1970 2231 2078 2293 ubi
2123 2231 2470 2294 colebantur
2506 2231 2622 2294 Isis
2658 2241 2720 2294 et
2757 2234 2923 2294 Sera-

619 2330 733 2408 pis,
780 2337 909 2389 erat
955 2331 1133 2390 etiam
1182 2329 1586 2409 simulacrum,
1635 2329 1793 2410 quod
1841 2329 2024 2409 digito
2071 2329 2246 2391 labiis
2292 2333 2567 2410 inpresso
2605 2330 2922 2394 admonere
2947 2355 2996 2394 ευ

618 2425 956 2506 uideretur,
1002 2436 1070 2488 ut
1126 2427 1430 2489 silentium
1488 2429 1687 2509 fieret,
1741 2428 1855 2490 hoc
1906 2427 2244 2507 significare
2291 2428 2452 2489 idem
2489 2427 2673 2490 Varro
2723 2431 2920 2492 existi-

620 2531 761 2602 mat,
806 2531 874 2586 ut
917 2526 1189 2592 homines
1238 2543 1339 2586 eos
1388 2527 1573 2587 fuisse
1619 2533 1939 2589 taceretur.
2004 2525 2108 2588 Ille
2157 2535 2355 2588 autem
2405 2524 2541 2606 bos,
2589 2545 2768 2607 quem
2815 2530 2920 2588 mi-

620 2619 795 2684 rabili
840 2625 1101 2691 uanitate
1151 2623 1397 2704 decepta
1432 2626 1733 2705 Aegyptus
1781 2629 1844 2686 in
1891 2627 2022 2686 eius
2069 2625 2358 2686 honorem
2405 2624 2638 2686 deliciis
2677 2625 2920 2689 affluen-

622 2720 783 2783 tibus
830 2720 1050 2802 alebat,
1097 2725 1377 2802 quoniam
1425 2741 1563 2784 eum
1620 2726 1753 2784 sine
1798 2725 2163 2803 sarcophago
2208 2725 2418 2785 uiuum
2463 2724 2922 2804 uenerabantur,

619 2820 788 2899 Apis,
842 2838 963 2881 non
1011 2819 1251 2900 Serapis
1297 2821 1640 2882 uocabatur.
1698 2840 1816 2902 quo
1861 2821 2016 2882 boue
2063 2830 2298 2883 mortuo
2346 2825 2626 2901 quoniam
2675 2840 2920 2903 quaere·
2946 2847 2994 2886 ιε

619 2915 795 2978 batur
840 2925 903 2978 et
947 2917 1361 2998 reperiebatur
1404 2919 1632 2980 uitulus
1688 2919 1906 2980 coloris
1954 2918 2248 2998 eiusdem,
2299 2919 2413 2981 hoc
2459 2929 2552 2982 est
2597 2919 2747 2982 albis
2794 2924 2920 3001 qui·

618 3014 869 3077 busdam
917 3010 1167 3083 maculis
1214 3017 1493 3078 similiter
1537 3019 1880 3098 insignituS,
1925 3021 2146 3080 mirum
2193 3017 2477 3098 quiddam
2524 3027 2586 3079 et
2631 3018 2920 3081 diuinitus

620 3113 738 3174 sibi
782 3123 1169 3194 procuratum
1216 3133 1349 3176 esse
1396 3114 1736 3177 credebant.

838 3209 1073 3278 August.
1094 3207 1161 3260 de
1186 3224 1230 3262 c.
1254 3209 1305 3262 d.
1329 3207 1555 3262 XVHI
1579 3212 1617 3262 6
1653 3207 1948 3278 Regnante
1975 3209 2128 3279 Argo
2166 3208 2282 3262 suis
2319 3209 2511 3279 coepit
2546 3210 2630 3264 uti
2663 3209 2920 3280 frugibus

694 3286 935 3342 Graecia
972 3289 1031 3340 et
1064 3286 1273 3342 habere
1311 3290 1531 3356 segetes
1568 3287 1630 3341 in
1677 3287 2026 3358 agriculture
2071 3288 2279 3343 delatis
2317 3288 2548 3344 aliunde
2595 3290 2917 3346 seminibus.
2945 3309 2995 3348 so

689 3367 875 3439 Argus
921 3383 1145 3436 quoque
1190 3371 1321 3438 post
1364 3366 1583 3422 obitum
1630 3368 1770 3424 deus
1804 3368 2004 3423 haberi
2043 3367 2245 3438 coepit,
2281 3368 2497 3439 templo
2533 3371 2594 3423 et
2633 3370 2921 3426 sacrificiis

687 3447 1012 3502 honoratus.
1052 3446 1152 3517 qui
1189 3448 1367 3502 honor
1403 3464 1468 3502 eo
1507 3451 1781 3517 regnante
1821 3453 1952 3502 ante
1988 3447 2154 3503 illum
2191 3447 2415 3504 delatus
2448 3452 2537 3504 est
2563 3449 2782 3504 homini
2807 3450 2920 3520 pri-

689 3532 825 3582 uato
874 3530 933 3582 et
978 3526 1281 3581 fulminato
1327 3527 1553 3582 cuidam
1599 3528 1947 3599 Homogyr0‚
1993 3545 2061 3584 eo
2111 3528 2264 3597 quod
2309 3529 2523 3599 primns
2561 3528 2636 3583 ad
2672 3534 2920 3585 aretum

688 3608 864 3662 boues
910 3607 1169 3662 iunxerit.
1210 3640 1277 3649 —

832 3706 874 3743 c.
908 3693 993 3743 12.
1040 3687 1149 3742 Per
1192 3688 1333 3742 haec
1370 3693 1625 3758 tempora.
1662 3689 1814 3760 [post
1852 3691 2214 3745 Deucalionis
2248 3691 2552 3762 diluuium]
2592 3707 2756 3745 sacra.
2793 3695 2922 3745 sunt
2946 3710 2994 3750 ³5

688 3769 953 3823 instituta.
1002 3767 1089 3822 dis
1143 3767 1303 3822 falsis
1361 3785 1395 3823 a
1458 3768 1687 3839 regibus
1752 3769 2049 3838 Graeciae,
2114 3786 2262 3840 quae
2325 3771 2652 3826 memoriam
2717 3770 2921 3826 diluuii

800 3947 897 4002 13.
937 3948 1189 4002 Inte-‘cuit
1224 3949 1579 4018 Augustinus
1614 3947 1974 4004 Varroniano
2009 3950 2281 4019 quaedam
2317 3951 2677 4020 Hieronymo.

799 4025 884 4073 33.
926 4019 1013 4086 Cf.
1047 4019 1225 4074 Varro
1260 4020 1329 4075 de
1362 4036 1407 4074 r.
1436 4037 1483 4074 r.
1513 4019 1591 4073 II
1620 4024 1728 4088 5,4
1773 4036 1907 4074 nam
1953 4020 2027 4076 eb
2073 4021 2181 4075 hoc
2227 4036 2430 4092 pecore
2465 4021 2646 4094 [boue]
2681 4021 2920 4076 Athenis

616 4091 873 4162 Buznges
910 4089 1264 4158 nobilitatus,
1300 4089 1469 4162 Argis
1506 4090 1874 4162 Homogyros.
1924 4092 2046 4148 Via.
2078 4092 2254 4148 Frick
2281 4110 2340 4162 p.
2371 4098 2445 4148 17
2460 4109 2537 4162 sq.

801 4287 917 4374 13,
953 4296 1051 4354 13.
1092 4295 1508 4374 sarchofagum
1533 4315 1573 4370 9
1723 4299 1822 4354 24.
1860 4297 2212 4374 sarchofago
2237 4316 2277 4370 9
2427 4299 2528 4356 33.
2567 4315 2847 4374 omocyro
2877 4317 2918 4372 9
