3234 5034
1333 319 1682 376 SAV'FEIVS
2408 339 2660 388 XXVIIII

358 487 602 548 Claudii
623 479 772 570 (cos,
796 483 1068 568 50s704‚
1093 489 1269 569 paulo
1300 497 1435 550 ante
1467 509 1515 551 a.
1537 485 1796 570 4os714
1825 482 2075 573 mortui)
2099 491 2175 550 de
2206 489 2659 564 Marcellorum,

353 586 660 663 Scipionis
707 587 976 648 Cornelii
1003 579 1153 670 (cos
1182 583 1462 669 52s702,
1495 589 1716 649 mortui
1754 580 2041 672 46s708)
2082 595 2139 648 et
2176 587 2359 647 Fabii
2396 587 2663 648 Maximi

352 676 606 765 (mortui
641 679 919 765 45s709,
957 687 1020 746 in
1068 704 1322 765 quorum
1359 695 1567 765 gentes
1606 686 1723 748 duo
1762 685 1869 746 filii
1910 685 1971 746 L.
2002 683 2238 746 Aemilii
2274 683 2440 744 Pauli
2480 683 2657 764 adop-

349 783 510 843 tione
550 784 781 861 recepti
818 776 1016 867 erant)
1032 778 1083 867 1)
1124 784 1455 846 Fabiorum
1494 793 1553 846 et
1590 786 2001 846 Aemiliorum.
2040 785 2258 860 quibus
2293 785 2469 844 libris
2506 785 2665 844 nihil

349 882 593 941 dulcius
641 899 768 943 esse
801 889 1006 958 potest
1051 886 1155 958 eis,
1201 887 1310 959 qui
1354 887 1627 960 aliquam
1674 885 2070 961 cupiditatem
2124 884 2350 945 habent
2403 885 2662 944 notitiae

350 982 668 1040 clarorum
723 985 1020 1042 uirorum.
1114 979 1277 1060 Opus
1323 981 1526 1042 hercle
1575 988 1704 1043 tum
1751 981 1866 1042 fuit
1920 983 2263 1059 incorrupta
2320 981 2660 1058 integritate

352 1084 411 1136 et
461 1075 766 1156 diligentia
813 1077 1061 1139 litterati
1108 1079 1360 1141 alicuius
1407 1081 1685 1159 hominis,
1724 1098 1873 1159 quae
1917 1080 2145 1139 ciuium
2184 1086 2245 1138 et
2282 1079 2659 1138 inscientiam

352 1174 424 1235 de
471 1177 716 1255 proauis
764 1177 924 1249 (Cic.
963 1180 1051 1238 ad
1084 1179 1206 1240 Att.
1251 1178 1342 1240 VI
1381 1179 1439 1255 1,
1480 1179 1594 1252 17)
1646 1185 1704 1238 et
1750 1177 2055 1239 mendacia
2112 1175 2470 1255 fraudesque
2521 1174 2659 1236 disi-

352 1281 544 1350 ceret,
598 1273 702 1334 sed
752 1273 956 1336 dubito
1012 1293 1086 1336 an
1135 1277 1194 1336 in
1243 1275 1353 1337 hac
1401 1295 1466 1337 re
1516 1277 1782 1338 comitati
1828 1277 2005 1337 Attici
2052 1276 2301 1335 cesserit
2348 1274 2554 1352 religio
2602 1280 2663 1334 et

353 1374 703 1433 constantia.
721 1365 772 1456 ²)
822 1381 986 1434 certe
1027 1372 1222 1453 Nepos
1261 1377 1390 1436 eius
1429 1375 1636 1454 ipsius,
1676 1393 1813 1434 cum
1850 1376 2008 1434 inter
2044 1374 2217 1434 uiuos
2255 1380 2432 1450 esset,
2471 1390 2660 1451 genus

353 1466 450 1529 ‘ab
507 1471 738 1548 origine
795 1470 1004 1532 ultima
1051 1474 1257 1552 stirpis
1303 1469 1624 1534 Romanae'
1675 1479 1946 1551 repetere
1995 1489 2173 1532 ausus
2222 1478 2311 1530 est
2359 1472 2441 1544 (c.
2473 1471 2531 1546 1,
2572 1471 2660 1549 1),

353 1575 559 1647 aperte
617 1567 1006 1650 Pomponem,
1061 1570 1252 1632 filium
1309 1570 1561 1650 Numae,
1619 1573 1790 1631 cuius
1850 1571 2107 1648 imagine
2166 1568 2476 1648 Pomponii
2532 1577 2658 1628 tum

353 1683 570 1726 numos
619 1668 855 1745 signare
904 1667 1188 1749 solebant,
1238 1669 1442 1730 dicens
1492 1671 1845 1743 (Drumann
1900 1667 2259 1745 Vp.1sq.).

535 1763 662 1824 ..ilia
725 1764 903 1826 huius
969 1785 1185 1847 operae
1240 1769 1420 1828 Attici
1483 1769 1739 1846 uestigia
1803 1767 2042 1827 omnino
2106 1764 2265 1825 nulla
2323 1773 2662 1845 supersunt,

353 1861 714 1942 uideturque
780 1865 1019 1924 omnino
1086 1868 1214 1926 eius
1271 1869 1555 1927 memoria
1613 1864 1756 1926 solis
1817 1863 2090 1945 epistulis
2147 1861 2451 1924 Ciceronis
2505 1862 2659 1923 ultra

355 1960 611 2021 alterum
657 1980 712 2040 p.
753 1961 888 2022 Chr.
928 1981 984 2022 n.
1033 1964 1336 2025 saeculum
1382 1972 1703 2044 propagata
1752 1981 1901 2024 esse.
1978 1959 2136 2041 quod
2192 1963 2306 2021 nisi
2354 1962 2437 2020 ita
2485 1967 2661 2041 esset,

355 2058 677 2119 Suetonius
733 2068 793 2120 et
850 2059 920 2120 de
977 2079 1220 2139 gramm.
1265 2059 1346 2123 16
1395 2070 1453 2124 et
1498 2062 1628 2123 Tib.
1670 2057 1705 2122 7
1756 2061 1915 2122 hunc
1961 2060 2221 2122 Atticum
2276 2078 2395 2119 non
2454 2057 2661 2119 defini-

353 2159 544 2218 uisset
600 2157 814 2218 additis
869 2159 1072 2219 uerbis
1130 2155 1242 2221 ‘ad
1293 2179 1465 2237 quem
1521 2169 1665 2222 sunt
1727 2162 2038 2221 Ciceronis
2094 2155 2407 2237 epistulae'
2460 2157 2659 2234 (Reif—

350 2255 672 2332 ferscheid
712 2274 786 2318 m.
827 2257 942 2318 Rh.
983 2258 1116 2318 XV
1138 2277 1206 2336 p.
1247 2259 1424 2333 610).

1278 2490 1720 2564 SAVFEIVS

537 2648 868 2729 Saufeium,
918 2653 1274 2730 praesertim
1329 2671 1466 2712 cum
1522 2653 1653 2712 eius
1712 2651 1979 2713 doctrina
2017 2650 2438 2711 Varronianam
2493 2648 2659 2710 redo-

357 2746 524 2824 leret,
561 2764 700 2808 cum
738 2747 930 2808 Attico
969 2751 1266 2829 coniunxi,
1306 2768 1498 2829 neque
1538 2752 1697 2810 enim
1738 2768 1874 2810 eum
1923 2748 2178 2810 eundem
2216 2754 2392 2826 atque
2422 2745 2485 2806 L.
2517 2747 2659 2808 Sau-

361 2845 542 2905 feium
597 2832 860 2925 equitem
905 2844 1234 2908 Romanum
1283 2847 1580 2928 Atticique
1638 2850 1919 2927 amicum,
1976 2867 2008 2908 a
2065 2845 2351 2907 Cicerone
2406 2845 2541 2906 ideo
2595 2846 2658 2906 in

360 2942 630 3022 epistulis
695 2962 873 3023 saepe
938 2945 1320 3025 appellatum,
1387 2965 1519 3006 esse
1583 2965 1758 3026 posse
1825 2944 2135 3006 abnuerim
2202 2946 2553 3016 (Drumann
2616 2945 2669 3002 V

347 3061 413 3118 p.
453 3040 567 3116 78)
580 3064 605 3115 ,·
651 3043 711 3101 in
749 3040 922 3102 libris
961 3042 1200 3123 quidem
1241 3043 1574 3106 scribendis
1612 3045 1711 3105 hic
1748 3051 2023 3105 uersatus
2062 3049 2153 3103 est
2190 3044 2307 3114 (ad
2339 3042 2461 3102 Act.
2502 3041 2608 3100 ΧῙ
2616 3042 2669 3099 1⁷

362 3139 462 3217 18,
492 3141 570 3212 4,·
607 3141 668 3216 4,
697 3140 770 3214 2)
801 3150 879 3220 et„
898 3141 1232 3221 complures
1269 3159 1456 3203 annos
1495 3141 1691 3204 studio
1728 3140 2134 3221 philosophiae
2173 3139 2386 3200 ductus
2415 3137 2660 3199 Athenis

357 3237 648 3300 habitauit
695 3240 872 3318 (Nep.
910 3244 1030 3302 Att.
1070 3240 1175 3316 12,
1205 3241 1294 3314 3).

869 3489 948 3573 Q.
985 3487 1594 3563 HORTENSIVS
1652 3487 2160 3562 HORTALVS

774 3641 976 3712 (Natus
1015 3659 1067 3698 a.
1103 3644 1364 3716 114,.‘640‚
1403 3661 1514 3698 cos,
1546 3643 1775 3714 69s685‚
1812 3645 1973 3698 mort.
2007 3643 2259 3714 bolma..)

539 3782 688 3842 Cum
719 3779 1024 3842 Ciceronis
1063 3785 1348 3844 memoria
1378 3791 1503 3844 arte
1533 3783 1856 3843 cohaerent
1880 3781 2234 3842 Hortensius
2264 3789 2326 3841 et
2354 3780 2661 3862 LucceiuS,

360 3899 614 3960 quorum
678 3879 846 3941 illum
913 3889 1209 3942 oratorem
1274 3889 1410 3942 ante
1475 3880 1827 3942 Ciceronem
1891 3877 2347 3940 celeberrimum
2413 3881 2660 3959 eiusque

543 4092 594 4158 1)
631 4087 829 4156 Itaque
866 4104 980 4142 non
1017 4105 1244 4144 necesse
1282 4091 1370 4143 eut
1405 4105 1533 4144 eum
1561 4085 1818 4144 Giehorio
1845 4104 1899 4157 p.
1921 4091 2023 4140 237
2054 4088 2185 4156 post
2215 4085 2458 4143 Cornelii
2488 4086 2660 4142 inber-

360 4184 570 4317 possieze
595 4169 1008 4317 θίὸἳοζὲιὲῐίοναηι.
1072 4167 1200 4223 vid.
1241 4169 1311 4223 de
1358 4168 1635 4240 Scipionis
1687 4171 1745 4222 et
1796 4165 1955 4220 Fabii
2009 4165 2345 4238 cognatione
2396 4165 2661 4222 Muenzer

543 4329 598 4400 2)
633 4325 700 4382 V.
731 4325 978 4383 Boiesier
1017 4328 1126 4384 Cic.
1156 4347 1210 4384 u.
1241 4345 1282 4384 ε.
1315 4329 1572 4384 Frewnde
1608 4348 1663 4399 p.
1698 4334 1799 4383 143
1838 4331 2003 4398 (uers.
2033 4325 2255 4398 Germ).
