3234 5034
693 323 826 371 CCX
1183 321 1280 375 DE
1319 321 1783 377 SCRIPTORVM
1820 321 2007 375 VITIS
2048 322 2138 375 ΕΤ
2178 321 2493 377 SCRIPTIS

869 487 1277 551 Rubellium
1334 488 1678 551 Blandum
1734 489 1832 550 bic
1890 507 2109 569 ponere
2168 488 2348 550 malui
2404 508 2581 570 quam
2638 493 2800 551 inter
2845 494 2980 553 scri·

691 596 891 667 ptores
947 590 1155 649 aetatis
1210 589 1586 668 imperatoris
1634 587 1875 667 Tiberii,
1927 606 2063 648 nam
2111 589 2224 650 etsi
2270 588 2368 648 hic
2418 587 2744 650 historicus
2798 599 2983 669 potest

691 685 851 747 idem
889 686 1075 747 tuisse
1115 694 1290 765 atque
1325 688 1378 747 is
1417 685 1695 765 BlanduS,
1733 685 1937 747 rhetor
1970 695 2340 766 praeceptor,
2378 688 2483 766 qui
2519 688 2751 765 primus
2784 684 2981 768 ‘eques

690 783 990 845 Romanus
1047 784 1265 845 Romae
1322 780 1544 845 docuit'
1595 786 1861 857 (Seneca
1917 792 2111 845 contr.
2154 786 2231 845 ΙΙ
2256 785 2464 863 praef.
2504 786 2562 845 5.
2620 785 2700 862 cf.
2742 788 2979 865 Prosop.

692 884 807 943 III
830 900 898 959 p.
931 883 1062 943 136
1099 902 1156 943 n.
1186 881 1320 956 80),
1369 889 1528 942 certa
1577 890 1778 944 tamen
1825 881 2042 943 indicia
2092 881 2323 944 desunt.

871 1079 1017 1141 Item
1091 1081 1331 1141 omnino
1403 1082 1645 1158 ignotus
1710 1086 1800 1140 est
1872 1078 2253 1140 quentius
2316 1074 2758 1163 Martialis¹)‚
2822 1083 2981 1141 cuius

691 1178 972 1239 historiae
1021 1176 1155 1238 lulii
1202 1177 1470 1239 Caesaris
1518 1177 1823 1239 dictatoris
1870 1177 1982 1237 hoc
2030 1175 2222 1237 solum
2270 1177 2424 1258 apud
2472 1177 2781 1239 Sidonium
2818 1178 2981 1259 Apol·

691 1274 941 1336 linarem
1009 1278 1413 1336 testimonium
1479 1275 1767 1337 habemus
1823 1276 2065 1349 (VIIII
2109 1275 2194 1335 14
2254 1274 2353 1353 [ad
2418 1272 2980 1361 BurgundionemJ):

692 1376 932 1435 Eminet
980 1376 1091 1435 tibi
1137 1377 1414 1435 thematis
1461 1376 1845 1435 celeberrimi
1882 1378 2095 1435 uotiua
2131 1375 2478 1450 redhibitio,
2525 1379 2661 1435 laus
2707 1378 2983 1438 uidelicet

679 1475 1064 1550 peroranda,
1128 1491 1310 1549 quam
1373 1475 1678 1547 edideras,
1753 1474 2035 1533 Caesaris
2100 1474 2264 1533 Iulii.
2329 1491 2487 1549 quae
2549 1480 2815 1536 materia
2866 1482 2981 1535 tam

688 1574 954 1647 ¹arandis
1010 1580 1114 1646 est,
1171 1580 1236 1631 ut
1281 1573 1627 1633 studentum
1670 1575 1728 1631 si
1773 1574 1907 1645 quis
1946 1570 2144 1647 fuerit
2190 1573 2292 1631 ille
2339 1576 2800 1649 copiosissimus,
2837 1574 2983 1634 nihil

694 1672 954 1746 amplius
1000 1673 1064 1730 in
1111 1673 1247 1746 ipsa
1285 1672 1503 1731 debeat
1541 1686 1785 1743 cauere,
1832 1686 2013 1744 quam
2050 1686 2129 1729 ne
2163 1671 2318 1744 quid
2350 1674 2550 1730 minus
2596 1674 2781 1733 dicat.
2848 1689 2978 1731 nam

689 1771 747 1829 si
786 1771 1163 1843 omittantur,
1211 1786 1369 1843 quae
1407 1770 1483 1829 de
1521 1769 1715 1828 titulis
1760 1769 2085 1828 dictatoris
2130 1770 2353 1828 inuicti
2394 1774 2632 1847 scripta
2670 1770 2980 1831 Patauinis

691 1874 832 1927 sunt
879 1868 1302 1941 uoluminibus,
1350 1870 1486 1941 quis
1531 1884 1721 1942 opera
1768 1865 2048 1926 Suetonii
2063 1858 2135 1947 ²),
2182 1869 2320 1940 quis
2358 1866 2631 1927 quentia·
2678 1867 2981 1929 Martialis

692 1966 1038 2040 historiam,
1095 1970 1309 2039 quisue
1364 1966 1450 2025 ad
1509 1970 1849 2024 extremum
1902 1964 2082 2023 Balbi
2135 1965 2575 2041 ephemeridem
2631 1964 2827 2043 scindo
2881 1967 2977 2025 ad—

695 2064 1102 2137 aequauerit?
1237 2062 1240 2067 ’

873 2258 988 2319 Pro
1061 2256 1388 2318 Aemilio
1463 2256 1655 2318 Sura
1738 2256 2061 2317 infeliciter
2132 2257 2563 2319 Reifferscheid
2638 2256 2831 2337 (Suet.
2880 2262 2975 2320 rel.

682 2375 749 2436 p.
778 2358 848 2418 X
859 2358 947 2417 VI
962 2361 1078 2432 sq.)
1119 2355 1428 2417 substituit
1455 2355 1780 2416 Mamilium
1810 2355 2023 2416 Suram
2052 2374 2083 2415 a
2114 2355 2305 2415 Plinio
2354 2359 2414 2416 in
2453 2357 2707 2418 naturali
2744 2358 2973 2420 historia

694 2462 939 2534 propter
994 2453 1212 2515 librum
1270 2453 1342 2514 de
1399 2472 1463 2514 re
1520 2456 1751 2532 agraria
1798 2454 2071 2532 citatum,
2127 2452 2391 2515 obtineat
2435 2453 2629 2515 locum
2677 2474 2850 2517 suum
2892 2456 2975 2515 hic

695 2556 953 2632 scriptor
1007 2571 1039 2612 a
1095 2552 1419 2630 glossatore
1479 2560 1686 2613 uetere
1743 2550 1817 2611 ad
1862 2550 2147 2612 Velleium
2205 2551 2541 2632 adscriptus
2606 2572 2797 2634 neque
2862 2556 2977 2614 eius

695 2653 1016 2711 auctoritas
1063 2658 1500 2729 contemnatur,
1547 2651 1652 2730 qui
1700 2649 1957 2710 Ctesiam
2006 2658 2247 2710 secutus
2294 2654 2639 2712 uniuersam
2686 2652 2973 2711 historiam

697 2748 770 2809 ab
817 2767 970 2809 anno
1018 2744 1192 2809 2185
1247 2766 1438 2828 usque
1496 2747 1569 2807 ad
1625 2747 1977 2807 Antiochum
2032 2749 2261 2808 uictum
2311 2740 2473 2831 (190
2520 2768 2569 2809 a.
2610 2744 2773 2833 Chr.)
2822 2767 2973 2827 repe-

697 2854 827 2908 tens
875 2850 934 2907 in
985 2848 1248 2926 quinque
1292 2854 1492 2925 partes
1533 2846 1737 2907 diuisit
1774 2846 2135 2919 (Mommsen
2172 2863 2246 2906 m.
2276 2847 2470 2907 Rhea.
2503 2848 2591 2908 16
2613 2867 2679 2925 p.
2710 2848 2835 2909 282
2860 2864 2971 2921 sqq.

704 2946 954 3007 Trieber
1000 2945 1204 3006 Herm.
1243 2944 1332 3004 27
1363 2963 1431 3022 p.
1469 2945 1604 3005 337
1630 2946 1766 3019 ψῃ).

875 3142 958 3202 De
1033 3140 1352 3219 Valente,
1428 3142 1546 3201 nisi
1620 3140 1779 3201 idem
1858 3148 1950 3201 est
2022 3148 2197 3219 atque
2272 3140 2496 3201 Statius
2561 3141 2769 3203 Valens
2832 3140 2965 3214 (uid.

684 3258 754 3317 p.
797 3245 1079 3317 cmxxx),
1125 3239 1274 3300 nihil
1319 3246 1558 3319 praeter
1603 3238 1715 3299 hoc
1759 3256 1945 3299 unum
1993 3237 2389 3317 fragmentum
2437 3241 2789 3319 accepimus

698 3428 940 3482 maxime
985 3432 1217 3498 propter
1263 3428 1592 3481 citationem
1642 3427 2005 3481 Brunichium
2059 3428 2119 3480 in
2166 3426 2388 3481 ficticiis
2444 3426 2691 3481 Malalae
2736 3426 2825 3483 uel
2864 3425 2969 3479 eim

700 3509 945 3563 auctoris
993 3508 1314 3562 nominibus
1363 3508 1556 3577 posuit
1591 3524 1774 3576 neque
1816 3509 1937 3562 eius
1984 3508 2151 3562 fidem
2188 3508 2422 3562 Bourier
2458 3508 2577 3579 (qui
2622 3508 2769 3562 hunc
2806 3506 2969 3560 locum

701 3606 767 3643 ex
813 3588 1110 3643 Timotheo
1155 3586 1380 3642 fluxisse
1419 3592 1631 3655 censet)
1666 3587 1919 3644 restituit
1954 3588 2010 3659 (l.
2042 3606 2083 3643 s.
2114 3607 2167 3659 p.
2200 3591 2269 3659 8).

882 3673 932 3738 1)
977 3668 1060 3723 De
1107 3668 1356 3723 Reinesii
1402 3668 1723 3723 coniectura.
1770 3669 1923 3739 apud
1967 3670 2329 3723 Ammianum
2374 3668 2545 3724 Marc.
2586 3675 2672 3737 28,
2701 3677 2749 3736 4,
2780 3675 2841 3722 14
2882 3679 2967 3736 pro

699 3749 966 3803 quenale
1003 3750 1320 3803 quentium
1358 3748 1768 3819 interponentis
1806 3768 1859 3803 u.
1890 3767 2061 3819 supra.
2096 3768 2149 3819 p.
2184 3768 2410 3805 cnxxxx.

881 3834 933 3899 2)
973 3828 1227 3884 Caesaris
1266 3830 1695 3884 commentarios
1732 3848 1767 3883 a.
1806 3829 2074 3900 Suetonio
2113 3830 2351 3900 scriptos
2390 3846 2512 3884 esse
2542 3832 2665 3884 tum
2692 3828 2855 3884 etiam
2880 3824 2965 3878 alii

702 3909 965 3965 arbitrati
1003 3912 1148 3965 sunt.

3136 4608 3175 4983 ῌ--ᾼ-ιᾞ-
3171 4528 3174 4589 --,.
3171 4400 3174 4465 ,,-.,
3172 4366 3174 4371 ,
3171 4252 3174 4259 .
