3234 5034
1268 328 1614 386 EngPLA
2499 325 2587 395 33

465 492 633 562 22²⁸.
687 499 843 562 Ptin.
881 517 939 559 n.
978 500 1035 560 lz.
1072 499 1381 560 XXXIII
1420 499 1553 559 146
1616 497 1928 559 Cornelius
1973 496 2172 577 Nepos
2227 497 2410 559 tradit
2453 505 2588 559 ante

286 596 483 658 Sullae
531 597 846 657 uictoriam
897 596 1012 657 duo
1058 603 1292 684 tantum
1334 596 1593 658 triclinia
1639 595 1859 658 Romae
1906 596 2092 658 fuisse
2137 604 2434 676 argentea.

464 689 632 757 23³2.
682 695 839 756 Ptin.
868 714 926 755 η.
954 697 1013 756 h.
1036 695 1300 756 XXXV
1331 695 1418 754 16
1463 695 1700 756 Primus
1737 693 1949 755 inleuit
1977 712 2080 755 eas
2112 694 2358 772 [lineas]
2392 694 2589 756 colore

282 801 489 872 testae,
526 800 595 854 ut
631 793 849 873 ferunt,
888 795 1063 855 tritae
1101 791 1443 872 Ecphantus
1480 792 1840 855 Corinthius,
1904 793 2066 855 hunc
2103 792 2312 854 eodem
2348 793 2590 854 nomine

234 913 257 952 5
284 891 465 952 alium
526 891 740 971 fuisse,
801 910 977 971 quam
1037 891 1220 952 tradit
1279 890 1591 953 Cornelius
1652 890 1850 972 Nepos
1909 899 2182 953 secutum
2237 893 2304 952 in
2363 890 2590 952 ltaliam

282 989 681 1069 Damaratam,
727 988 1038 1069 Tarquinii
1084 989 1273 1050 Prisci
1334 991 1495 1068 regis
1552 988 1802 1050 Romani
1861 997 2112 1069 patrem,
2171 990 2498 1068 fugientem
2556 1007 2589 1049 a

283 1087 568 1148 Corintho
616 1089 852 1167 tyranni
897 1089 1149 1148 iniurias
1196 1087 1432 1166 Cypseli
1478 1105 1615 1149 mox
1664 1086 2025 1148 docebimus,

464 1179 633 1249 24⁸⁸.
682 1186 839 1247 Ptin.
870 1205 929 1246 n.
956 1189 1013 1246 h.
1044 1187 1345 1246 XXXVI
1372 1185 1459 1246 48
1503 1185 1772 1247 Primum
1818 1185 2038 1246 Romae
2082 1187 2344 1264 parietes
2391 1193 2590 1246 crusta

284 1285 600 1344 marmoris
647 1285 957 1362 operuisse
1004 1291 1159 1346 totos
1207 1282 1458 1345 domuus
1508 1301 1650 1346 suae
1695 1285 1760 1343 in
1798 1283 1995 1345 Caelio
2039 1291 2240 1345 monte
2279 1282 2590 1344 Cornelius

212 1405 259 1444 ιο
286 1381 483 1461 Nepos
529 1381 710 1442 tradit
755 1380 1133 1460 Mamurram,
1180 1381 1413 1444 Formis
1456 1389 1664 1443 natum
1719 1384 1981 1461 equitem
2025 1381 2375 1461 Romanum,
2418 1400 2587 1462 prae·

286 1480 507 1540 fectum
556 1479 789 1540 fabrum
828 1479 889 1540 C.
922 1479 1191 1541 Caesaris
1236 1481 1299 1540 in
1339 1479 1541 1558 Gallia,
1588 1499 1665 1540 ne
1713 1478 1857 1560 quid
1900 1478 2238 1558 indignitati
2287 1480 2442 1542 desit
2486 1478 2590 1541 tali

286 1586 529 1639 auctore
567 1579 813 1639 inuenta
860 1596 941 1638 re.
1026 1577 1125 1638 hic
1172 1596 1429 1658 namque
1476 1585 1568 1640 est
1614 1577 1912 1638 Mamurra
1959 1577 2172 1638 Catulli
2210 1578 2588 1640 Vei-oniensis

286 1675 653 1736 carminibus
718 1679 1054 1756 proscissus
1062 1723 1081 1755 ‚
1146 1695 1350 1756 quem,
1406 1685 1473 1736 ut
1536 1693 1635 1737 res
1696 1683 1812 1754 est,
1869 1674 2078 1736 domus
2132 1677 2324 1755 ipsius
2370 1677 2588 1738 clarius

286 1793 461 1853 quam
528 1773 793 1835 Catullus
860 1772 1008 1835 dixit
1072 1773 1291 1835 habere
1356 1772 1646 1854 quidquid
1718 1773 2029 1835 habuisset
2093 1781 2318 1836 comata
2384 1773 2586 1835 Gallia.
2607 1778 2728 1841 2953

281 1933 406 1995 post
441 1927 679 1982 Romam
723 1929 1003 1983 conditam
1052 1929 1253 1983 Graeci
1298 1929 1646 1997 Romanique
1689 1929 1950 1984 inlustres
1985 1930 2104 1984 uiri
2137 1929 2426 1998 floruerint
2461 1935 2590 1983 ante

284 1999 581 2054 seeundum
617 1999 813 2054 bellum
854 1999 1413 2071 Uarthayinieneium’
1456 2001 1784 2069 inscriptum
1816 2017 1884 2056 ex
1921 2001 2080 2056 libris
2113 2001 2384 2056 chronicis
2415 2017 2472 2056 se
2497 2018 2588 2056 a·

286 2072 539 2139 carpsisse
584 2071 791 2126 adserit
824 2073 1108 2140 ipsamque
1149 2071 1459 2127 Gomwzium
1496 2077 1577 2128 ter
1614 2071 1680 2153 (5
1717 2075 1767 2128 3.
1796 2076 1852 2125 8.
1879 2075 1978 2140 24)
2016 2073 2266 2140 citauit):
2318 2072 2455 2126 Post
2490 2089 2588 2126 an-

285 2159 419 2195 num
458 2141 662 2196 deinde
699 2141 856 2196 urbis
894 2143 1157 2197 conditae
1193 2141 1814 2212 quadringentesimum
1860 2141 1978 2197 fere
2015 2146 2073 2197 et
2109 2143 2588 2213 septuagesimum

17 2183 20 2346 ,
284 2211 501 2266 bellum
546 2229 675 2266 cum
718 2229 852 2284 rege
900 2213 1073 2283 Pyrro
1118 2215 1405 2284 sumptum
1443 2217 1545 2268 est.
1611 2229 1680 2267 ea
1725 2216 2064 2284 tempestate
2101 2214 2377 2284 Epicurus
2415 2214 2588 2270 Athe-

17 2347 20 2368 j
284 2283 495 2338 niensis
542 2287 603 2338 et
646 2285 796 2339 Zeno
842 2283 1105 2340 Citiensis
1154 2285 1479 2356 philosophi
1526 2284 1776 2340 celebres
1823 2287 1986 2340 erant
2030 2288 2090 2341 et
2133 2304 2186 2356 q.
2226 2304 2268 2341 s.
2319 2288 2590 2344 Muemer

324 2399 336 2409 .
368 2358 493 2409 325.

17 2373 20 2480 l
280 2372 323 2424 p
464 2425 564 2481 22.
604 2428 915 2496 Respondet
948 2429 1079 2482 huic
1114 2429 1226 2482 loco
1262 2429 1352 2510 hie
1387 2429 1451 2482 in
1486 2429 1675 2511 indice·
1705 2429 1868 2483 libri.-
1903 2427 2276 2510 Frugalitatis
2315 2429 2588 2497 antiquae

17 2481 20 2608 ἶ
283 2498 1220 2640 ἒὲαῗῗὲἒᾝῗέἒῖῥοὲἧίἓὲ
1255 2498 2589 2642 ἓῗξῖἓῖῗιὲθοὲἒᾱῖῗέἔὲ”“ᾂιέὲῗὲωέερὲἔ.ῗῗ

284 2643 454 2712 uulyo
490 2641 699 2711 Nepoti
732 2641 1013 2712 adscripta
1050 2643 1385 2698 Fenestellae
1424 2642 1519 2709 (fr.
1549 2645 1650 2709 25)
1687 2643 1933 2698 reddidit
1963 2645 2230 2699 Muenzer
2259 2661 2316 2713 p.
2348 2647 2458 2698 345
2475 2661 2585 2714 sqq.

288 2713 369 2779 Of.
400 2713 552 2767 Ptin.
583 2717 673 2780 33,
715 2717 819 2768 144
862 2713 1063 2768 Lectos
1111 2729 1245 2768 uero
1290 2712 1404 2766 iam
1448 2713 1668 2782 pridem
1713 2713 2014 2768 mulierum
2057 2717 2208 2770 totos
2255 2713 2461 2784 operiri
2499 2731 2587 2768 ar-

283 2787 472 2908 gento,
511 2784 792 2852 quaedam
829 2787 889 2838 et
922 2784 1191 2852 triclinia,
1223 2784 1428 2852 quibus
1458 2786 1754 2855 argentum
1785 2784 2072 2839 addidisse
2101 2785 2316 2856 primus
2341 2785 2588 2842 traditur

314 2853 566 2908 'amilius
612 2855 794 2910 Pollio
843 2873 1016 2924 eques
1063 2856 1378 2924 Romanus,
1424 2872 1536 2910 non
1582 2859 1648 2910 ut
1694 2856 1938 2926 operiret
1983 2860 2086 2911 aut
2119 2855 2354 2911 Deliaca.
2399 2857 2587 2926 speeie

283 2925 497 2980 faceret
542 2928 645 2981 sed
679 2926 993 2993 Punicana;
1042 2929 1241 2982 eadem
1286 2929 1345 2981 et
1390 2943 1591 2982 aureos
1628 2927 1766 2982 fecit
1807 2944 1912 2982 nec
1948 2927 2126 2982 multo
2162 2933 2294 2998 post
2331 2929 2584 3000 argentei

283 2997 545 3052 Deliacos
591 2998 803 3053 imitati
850 3002 997 3053 sunt.
1072 3013 1219 3068 quae
1265 2999 1456 3053 omnia
1502 2997 1758 3068 expiauit
1801 2998 2015 3053 bellum
2059 2998 2228 3054 ciuile
2275 2999 2584 3054 Sullanum.

284 3073 337 3136 9,
366 3073 441 3124 39
477 3068 851 3124 Testudinum
897 3070 1195 3139 putamina
1240 3086 1430 3124 secare
1468 3069 1525 3123 in
1563 3069 1806 3125 laminas
1842 3070 2129 3139 lectosque
2166 3073 2226 3126 et
2251 3071 2586 3141 repositoria

283 3139 373 3194 his
410 3139 619 3196 uestire
658 3139 936 3195 Caruilius
974 3141 1155 3195 Pollio
1192 3140 1458 3196 instituit.

464 3210 565 3267 28.
600 3213 728 3268 Hoc
761 3213 835 3280 fr.
867 3213 1043 3268 Halm
1070 3230 1130 3283 p.
1161 3217 1269 3268 124
1314 3230 1382 3266 ex
1427 3213 1583 3267 libris
1627 3213 1694 3268 de
1728 3214 1873 3268 uiris
1907 3214 1986 3268 ill.
2015 3215 2222 3283 repetit.
2251 3247 2321 3256 -
2357 3214 2584 3286 Signifi-

282 3285 437 3338 eauit
472 3285 703 3338 Plinius
744 3285 892 3340 hunc
937 3285 1112 3339 locum
1156 3285 1393 3340 eiusdem
1440 3284 1571 3340 libri
1603 3285 1648 3356 §¹
1677 3289 1811 3340 152:
1857 3283 2000 3339 Sunt
2035 3285 2134 3354 qui
2171 3286 2231 3338 in
2270 3285 2436 3340 Samo
2472 3285 2586 3355 pri-

283 3371 417 3481 32⁸.
443 3354 1327 3497 ἓῗεῗιῖἲὲᾱὲἒῖῗὲἲιέἓῗὲἷὲἓὲ
1354 3355 1746 3480 ¹3³3}ssssss
1765 3355 2586 3499 ᾞὲξὲᾱὲἔᾞέἑζάἶῖὶῖἒὶὲο

1326 3470 1340 3496 ‚
2562 3460 2584 3470 -

282 3498 499 3569 iugum,
536 3498 635 3566 qui
674 3497 733 3551 in
762 3497 988 3552 Etruria
1013 3496 1380 3566 Tarquinium
1418 3513 1608 3567 regem
1651 3498 1849 3568 populi
1883 3499 2126 3553 Romani
2203 3499 2376 3565 enuit,
2415 3499 2584 3553 comi-

284 3572 433 3624 tatos
482 3569 703 3624 fictores
748 3568 1020 3636 Euchira,
1059 3569 1331 3638 Diopum,
1369 3569 1796 3640 Eugrammum,
1845 3569 1918 3624 ab
1964 3570 2036 3624 iis
2072 3570 2160 3625 Ita
2184 3570 2273 3625 iae
2314 3571 2584 3625 traditam

282 3639 579 3710 plasticen.
638 3641 762 3695 Via.
786 3642 1055 3696 Muenner
1087 3641 1275 3696 Herm.
1297 3645 1388 3708 30,
1418 3657 1477 3709 p.
1500 3645 1625 3696 543.
1685 3641 1770 3707 Cf.
1794 3642 1904 3698 Cic.
1925 3641 1990 3696 de
2016 3659 2074 3696 re
2101 3659 2162 3711 p.
2184 3645 2262 3697 ΙΙ
2282 3648 2370 3711 19,
2399 3647 2485 3698 34.

464 3783 582 3871 23,
634 3794 689 3851 3.
737 3793 974 3851 inuenit
1018 3791 1179 3852 codd.
1210 3811 1313 3852 em.
1343 3793 1556 3866 Haupt
1663 3793 1888 3854 colores
1925 3795 2083 3853 codd.
2103 3798 2344 3868 praeter
2371 3794 2582 3856 Bamb.

17 3813 26 4000 b
286 3884 345 3939 4.
388 3875 601 3961 tritae]
646 3880 821 3958 Silua
862 3882 1075 3942 tiistae
1122 3882 1245 3942 eod.
1275 3874 1516 3941 Bamb.¹
1745 3882 2093 3959 Ecphautus
2143 3883 2404 3944 0.Ja1m
2450 3885 2580 3960 eph.

286 3969 497 4030 Bamb.
544 3970 737 4048 eleph.
774 3973 885 4032 alii
928 3971 1091 4032 codd.
1214 3972 1465 4031 eundem
1502 3971 1741 4030 nomine
1780 3973 1900 4032 alio
1935 3971 2166 4034 Schultz
2294 3975 2352 4032 5.
2401 3993 2582 4050 quam

17 4003 22 4162 ι
289 4077 461 4134 quem
496 4061 621 4120 Ian
798 4063 859 4119 in
906 4060 1092 4120 Italia
1128 4079 1163 4128 ς

464 4140 583 4228 24,
632 4150 691 4210 8.
738 4150 933 4209 frusta
978 4150 1137 4210 Riec.
1200 4149 1424 4209 frustra
1474 4150 1635 4210 Voss.
1821 4154 1919 4210 11.
1965 4150 2246 4210 februum
2282 4147 2580 4227 B(amb.)¹

459 4237 763 4317 indignati
807 4239 969 4299 codd.
997 4243 1237 4314 praeter
1283 4238 1344 4298 B
1570 4241 1670 4299 12.
1717 4259 2022 4300 marmure
2065 4240 2228 4301 eodd.
2245 4247 2485 4316 praeter
2522 4242 2583 4302 B

290 4329 469 4387 catuli
514 4328 576 4388 B

390 4446 511 4487 Hist.
540 4447 670 4488 Rom.
700 4446 781 4487 rel.
808 4447 881 4498 11,
910 4446 980 4486 ed.
1010 4447 1190 4486 Peter.
2117 4435 2151 4483 3
