3234 5034
1322 289 1654 345 ΠΑΡΘΠΜ
2504 289 2633 354 145

513 448 630 520 18.
676 468 770 516 Ex
807 467 1018 516 LIBRO
1057 468 1132 516 vl
1177 455 1378 533 δτι-μὴ.
1409 456 1563 534 Byz.
1589 473 1637 517 ε.
1665 473 1724 518 ιι.
1748 473 1818 533 p.
1852 455 1981 518 705
2016 449 2397 540 Ὠβαρηνοί,
2432 451 2633 540 μέρος

319 547 669 635 Ἀρμενίας
711 553 1198 635 παρακείμενον
1241 551 1440 636 Κύρῳ
1479 556 1765 640 ποταμῷ,
1803 549 1985 628 ὅστις
2021 550 2345 638 Εὐφράτῃ
2382 557 2632 637 παραλ-

329 651 546 732 λήλως
615 645 768 734 ἔχει.
849 647 1173 734 μέμνηται
1245 646 1306 713 δ’
1360 648 1584 714 αὐτῶν
1646 649 1758 714 καὶ
1831 649 2264 734 Κουάδρατος
2326 647 2402 715 ἐν
2464 648 2631 738 ἕκτῳ

332 749 736 831 Παρθικῶνε
783 747 1007 832 ’Παρὰ
1053 743 1128 812 δὲ
1174 746 1382 834 Κύρῳ
1427 755 1697 836 ποταμῷ
1725 744 2091 834 Ὠβαρηνοί
2121 771 2190 813 τε
2228 746 2339 813 καὶ
2364 746 2629 832 Ὠτηνοὶ

273 869 298 910 5
327 842 664 929 νέμονται,
709 845 877 930 μέγα
918 843 1120 931 μέρος
1155 842 1491 931 Ἀρμενίας
1540 843 1777 922 δντες.’

514 940 628 1011 19.
693 960 789 1008 nx
834 960 1045 1009 Lumo
1092 961 1194 1007 vn
1259 948 1462 1025 steph.
1501 948 1657 1026 Byz.
1702 967 1750 1010 ε.
1797 965 1856 1009 ιι.
1890 967 1959 1026 p.
2005 947 2138 1010 308
2224 948 2629 1029 Θελαμοῦζα,

327 1042 666 1128 φρούριον
727 1052 843 1128 τῆς
899 1039 1056 1128 παρ’
1106 1041 1478 1126 Εὐφράτην
1513 1040 1849 1128 Ἀραβίας,
1914 1043 2003 1120 ὡς
2058 1043 2495 1128 Κουάδρατος
2554 1043 2628 1108 έν

326 1143 704 1226 Παρθικῶν
749 1138 1014 1228 ἑβδόμῃ.
1086 1141 1162 1205 τὸ
1209 1138 1486 1206 ἐθνικὸν
1537 1143 2039 1222 Θελαμουζαῑος.

505 1237 618 1304 20.
665 1255 762 1303 Ex
797 1254 1011 1303 Lumo
1050 1255 1178 1304 vm
1225 1243 1425 1319 steph.
1465 1243 1618 1320 Byz.
1656 1261 1704 1304 ε.
1743 1261 1800 1304 ιι.
1826 1261 1894 1320 p.
1926 1242 2057 1302 194
2114 1240 2391 1322 Γάζακα,
2437 1241 2628 1316 πόλις

246 1362 300 1402 10
324 1338 602 1420 μεγίστη
647 1346 763 1422 τῆς
809 1338 1100 1420 Μηδίας,
1145 1337 1237 1413 ὡς
1285 1336 1720 1422 Κουάδρατος
1765 1334 1840 1402 ἐν
1884 1335 2100 1425 ὀγδόῳ
2148 1341 2538 1420 Παρθικῶν.

504 1431 618 1500 21.
669 1439 871 1516 Steph.
909 1439 1064 1516 Byz.
1099 1457 1148 1499 ε.
1187 1457 1246 1500 ιι.
1270 1456 1340 1515 p.
1378 1438 1511 1500 437
1585 1435 1949 1519 Μασχάνη,
2011 1436 2201 1512 πόλις
2264 1438 2431 1519 πρὸς
2492 1447 2629 1502 τῶν

324 1537 681 1616 Σκηνιτῶν
722 1531 1034 1619 Ἀράβων.
1111 1532 1544 1618 Κουάδρατος
1589 1531 1806 1621 ὀγδόῳ
1854 1538 2247 1619 Παρθικῶν.
2319 1535 2393 1598 τὸ
2443 1531 2627 1600 ἐθνι-

321 1631 444 1696 κὸν
493 1633 916 1715 Μασχανεύς.

503 1726 614 1796 22.
662 1746 757 1794 Ex
793 1746 1005 1795 LIBRO
1043 1746 1118 1794 11
1165 1733 1366 1810 Steph.
1406 1733 1560 1812 Byz.
1595 1752 1645 1794 ε.
1683 1750 1742 1794 ιι.
1776 1752 1845 1810 p.
1883 1732 2011 1795 581
2079 1732 2389 1815 Σόλυμα,
2434 1732 2628 1807 πόλις

243 1853 294 1893 ιι
309 1825 695 1912 Ἀσσυρίων,
749 1829 910 1910 μετὰ
968 1830 1091 1912 τὴν
1146 1829 1397 1893 ἅλωσιν
1449 1836 1572 1894 τοῦ
1626 1837 1797 1892 ναοῦ
1852 1837 1975 1893 τοῦ
2030 1827 2104 1893 έν
2141 1826 2627 1914 Ἱεροσολύμοις

318 1932 690 2008 κτισθεῖσα,
765 1925 856 2002 ὡς
933 1926 1362 2010 Κουάδρατος
1435 1924 1645 2012 ένάτῳ
1722 1929 2111 2012 Παρθικῶν.
2203 1926 2279 1992 τὸ
2346 1926 2627 1993 έθνικὸν

328 2025 742 2108 Σολυμηνός.

499 2118 615 2187 23.
664 2126 866 2203 Steph.
905 2127 1060 2203 Byz.
1096 2143 1143 2186 s.
1180 2143 1241 2187 ιι.
1265 2143 1335 2203 p.
1372 2126 1504 2188 593
1565 2124 1918 2207 Συρβανή,
1964 2132 2167 2208 νῆσος
2222 2122 2296 2188 ἐν
2348 2133 2441 2212 τῷ
2490 2124 2621 2188 Εὐ-

319 2220 570 2306 φράτῃ,
625 2219 714 2296 ὡς
761 2220 1198 2306 Κουάδρατος
1253 2219 1464 2308 ἐνάτῳ
1512 2224 1903 2304 Παρθικῶν.
1984 2224 2059 2287 τὸ
2119 2221 2396 2288 ε’θνικὸν
2444 2227 2621 2309 Συρ-

239 2343 294 2383 so
323 2320 634 2404 βανηνός.

499 2413 618 2483 24.
695 2419 896 2497 Steph.
935 2421 1088 2498 Byz.
1124 2438 1171 2482 s.
1209 2437 1268 2482 u.
1296 2439 1366 2498 p.
1406 2421 1538 2481 623
1639 2420 2155 2502 Τιγρανόκερτα,
2238 2418 2621 2504 οὐδετέρως,

318 2517 514 2592 πόλις
583 2517 751 2598 πρὸς
812 2513 1187 2600 Ἀρμενίαν,
1263 2514 1389 2580 ἀπὸ
1466 2516 1801 2600 Τιγράνου
1875 2516 2196 2599 βασιλέως
2260 2515 2621 2603 Ἀρμενίοις.

319 2613 755 2698 Κουάδρατος
800 2609 1037 2698 ἐνάτῳ·
1087 2611 1244 2676 ’Καὶ
1291 2611 1505 2701 ᾤκησε
1549 2615 1631 2676 τὰ
1687 2616 2196 2699 Τιγρανόκερτα·
2242 2615 2317 2679 τὸ
2368 2614 2428 2678 δ’
2482 2613 2621 2680 ἐστὶ

317 2721 396 2797 τῇ
473 2713 896 2796 Παρθυαίων
960 2719 1153 2794 φωνῇ
1227 2711 1791 2795 Τιγρανούπολις.’
1874 2713 1950 2776 τὸ
2023 2711 2301 2778 ἐθνικὸν
2384 2717 2619 2799 Τιγρα-

235 2833 288 2874 25
316 2807 645 2894 νοκέρται.

497 2905 616 2974 25.
664 2923 759 2971 Ex
796 2923 1020 2972 mes
1057 2921 1380 2971 INCERTIS
1431 2911 1631 2989 Steph.
1669 2911 1823 2988 Byz.
1860 2931 1907 2973 s.
1944 2932 2003 2973 u.
2033 2931 2101 2990 p.
2141 2912 2271 2974 172
2346 2912 2619 2995 Βόγχαι,

315 3001 523 3082 ἔθνος
588 3015 726 3081 τοῖς
792 3007 856 3068 Κ
855 3017 1170 3090 αρρηνοῖς
1232 3010 1743 3090 προσκείμενον,
1806 3005 2015 3088 μέσον
2079 3006 2443 3092 Εὐφράτου
2508 3009 2616 3073 καὶ

319 3103 556 3188 Κύρου
599 3113 921 3186 ποταμοῦ,
967 3104 1058 3178 ὡς
1103 3103 1553 3187 Κουάδρατος.

495 3349 594 3404 18.
631 3350 786 3404 Idem
820 3351 892 3418 fr.
933 3350 1290 3418 (continuans
1323 3350 1395 3417 fr.
1429 3355 1526 3418 16)
1561 3368 1604 3406 ε.
1634 3367 1689 3404 ιι.
1737 3348 1937 3422 Ὼτηνή
1965 3369 2024 3422 p.
2058 3356 2167 3407 713
2205 3353 2267 3408 τὸ
2308 3353 2545 3409 ἐθνικὸν
2582 3353 2611 3408 ὁ

314 3421 522 3484 αὐτὸς
559 3420 622 3476 ἐν
657 3426 734 3495 τῷ
765 3421 1031 3494 δευτέρῳ·
1091 3421 1233 3490 Περὶ
1270 3419 1331 3476 δὲ
1374 3427 1564 3491 Κῦρον
1600 3423 1857 3492 ποταμὸν
1894 3427 2005 3478 κτλ.

499 3652 614 3740 18,
654 3663 712 3720 4.
749 3654 1140 3742 ’.Ωβαρυνῖται
1175 3658 1274 3720 καὶ
1301 3662 1363 3721 R
1397 3655 1746 3740 Ὠβαρνίται
1782 3665 1882 3724 καὶ
1913 3665 1970 3724 V
2002 3655 2387 3745 Ὠβαρηνῖται
2418 3665 2479 3725 ,Δ
2508 3683 2613 3726 em.

314 3750 564 3809 Holsten
736 3743 982 3830 ’.sznvol
1017 3751 1155 3810 libr-2·
1192 3769 1295 3809 em.
1327 3751 1637 3826 Xylcmder

501 3831 616 3919 19,
665 3841 722 3898 8.
768 3845 1152 3921 παρθενικῶν
1181 3841 1300 3902 RV

495 3922 608 4008 20,
659 3931 715 3988 9.
764 3931 1022 4002 Γαζακαι
1049 3929 1106 3988 V
1254 3931 1354 3989 10.
1401 3934 1786 4010 παρθενικῶν
1812 3931 2013 3990 Peru-3.
2044 3937 2389 4012 παρθενιῶν
2418 3935 2609 3992 Palae.

492 4010 612 4097 21,
665 4023 762 4078 11.
809 4017 958 4096 πρὸς
1004 4017 1112 4077 del.
1141 4019 1411 4077 Memeke
1593 4021 1694 4079 12.
1744 4022 2141 4102 Παρθενικῶν
2170 4023 2297 4080 RV

495 4099 613 4187 24,
665 4110 766 4168 21.
812 4107 982 4180 πόλις
1027 4105 1348 4186 οὐδετέρως
1384 4109 1524 4168 libri
1706 4113 1807 4168 23.
1858 4103 2028 4192 ᾤκισε
2058 4111 2325 4171 Meineke

490 4189 610 4277 25,
659 4199 761 4257 26.
808 4195 1063 4277 Βόγχναι
1112 4197 1422 4272 Xylander
1648 4200 1749 4258 27.
1796 4199 2227 4277 παρακείμενον
2268 4201 2393 4260 AV

313 4287 415 4346 28.
461 4286 672 4368 Κάρρα
709 4286 1042 4346 ΒοοΙιανὺωε

417 4405 539 4444 nint.
569 4405 694 4445 Rom.
725 4405 806 4444 tol.
825 4405 891 4456 11,
917 4404 986 4444 od.
1015 4404 1199 4444 Potor.
2112 4392 2179 4441 10
