3234 5034
645 359 940 407 Lxxxxn
1146 337 1243 392 DE
1282 336 1748 392 SCRIPTORVM
1788 335 1974 390 vi'rls
2013 335 2106 389 ΕΤ
2146 334 2462 390 SCRIPTIS

643 505 883 566 Catonis
930 507 991 564 in
1040 505 1313 567 Caesaris
1360 502 1692 584 perfidiam,
1733 523 1852 584 qua
1887 503 2162 582 Vsipetes
2201 513 2262 563 et
2297 501 2626 564 Tencteros
2665 502 2964 580 fefellerit,

640 602 985 664 inuehentis
1038 610 1175 664 τῶν
1228 623 1329 675 τις
1383 598 1850 682 συγγραφέων,
1895 611 2102 681 postea
2149 600 2370 662 Caesar
2416 603 2544 680 ipse
2593 603 2760 674 (bell.
2809 602 2964 662 Gall.

604 767 609 770 ,
644 701 745 761 IV
776 700 882 775 13,
910 701 1001 778 4),
1030 699 1534 779 Plutarchumque
1574 701 1638 760 in
1673 701 1798 761 uita
1836 698 2000 760 Caes.
2033 703 2114 771 (c.
2145 699 2282 776 22),
2323 697 2423 759 ubi
2469 707 2608 778 post
2645 698 2964 760 Caesarem

642 796 941 860 Tanusius
1006 796 1293 858 Geminus
1343 798 1452 875 (cf.
1510 799 1719 858 Coton.
1765 799 1913 858 l’te'c.
1951 799 2086 871 51).
2181 799 2474 876 sequitur,
2533 805 2598 858 ut
2661 796 2736 858 ad
2801 796 2964 858 illam

642 895 1043 957 laudationem
1102 895 1373 957 Caesaris
1431 905 1730 974 reuertar,
1777 895 1851 955 ab
1897 905 2154 974 utroque
2211 913 2330 956 non
2387 897 2584 974 ipsum
2641 893 2964 956 Caesarem

644 997 979 1073 inspectum
1020 1011 1153 1054 esse
1192 993 1299 1054 sed
1336 993 1519 1055 alium
1566 992 1864 1072 quendam
1911 1001 2214 1054 auctorem
2251 993 2639 1071 neglegenter
2675 1012 2746 1053 eo
2783 1011 2964 1054 nsum

644 1101 821 1172 atque
878 1092 1345 1172 reprehensione
1401 1091 1645 1170 Pompei
1701 1098 1768 1152 ut
1824 1091 1992 1152 illum
2057 1093 2394 1152 nominaret
2453 1089 2796 1152 adductum.
2873 1093 2966 1152 sic

643 1198 843 1251 autem
897 1189 996 1250 uel
1050 1190 1259 1250 ultima
1316 1191 1549 1268 species
1605 1189 1796 1249 Asinii
1853 1188 1925 1250 ab
1982 1190 2071 1249 eis
2125 1189 2274 1268 ipsis
2328 1207 2522 1268 usque
2579 1187 2654 1248 ad
2713 1188 2962 1250 caedem

643 1286 917 1348 Caesaris
972 1286 1223 1348 adhibiti
1277 1285 1645 1365 dissoluitur,
1693 1305 1844 1366 quae
1903 1289 2199 1348 sententia
2245 1285 2514 1366 Wijnnii,
2561 1285 2964 1365 wichmanni,

641 1384 857 1446 Rankii
905 1378 1039 1468 (qui
1098 1392 1295 1446 tamen
1342 1384 1662 1446 admodum
1710 1392 1882 1445 caute
1929 1382 2234 1463 iudicauit,
2282 1386 2512 1446 Hister.
2553 1389 2722 1446 uniu.
2764 1385 2882 1445 III
2921 1387 2966 1445 2

627 1501 697 1560 p.
734 1484 871 1544 226
895 1477 1073 1566 sqq),
1120 1481 1526 1544 Kornemanni
1541 1476 1609 1566 ¹),
1659 1481 1910 1544 aliorum
1957 1483 2168 1542 fuerat.

822 1579 941 1641 Sed
980 1599 1111 1641 eam
1148 1583 1267 1641 iam
1304 1589 1441 1640 ante
1480 1598 1574 1640 me
1614 1579 1788 1641 multi
1825 1578 2335 1660 improbauerunt,
2373 1578 2656 1660 Thouret,
2685 1579 2963 1660 Judeich,

644 1678 937 1758 Vollgrafl‘,
976 1677 1043 1738 Ο.
1074 1677 1139 1738 Ε.
1170 1677 1458 1757 Schmidt,
1498 1677 1562 1741 C.
1593 1677 1792 1757 Vogel,
1829 1677 1930 1738 alii
1961 1680 2116 1751 (uid.
2149 1679 2398 1739 Schanz
2440 1672 2541 1738 11¹
2560 1697 2629 1756 p.
2669 1679 2805 1758 24),
2853 1681 2960 1758 qui

642 1774 885 1857 quidem
940 1777 1159 1856 partim
1216 1775 1527 1837 Strabonis
1583 1778 2044 1836 commentarios
2101 1774 2330 1837 medios
2388 1777 2574 1837 fuisse
2623 1779 2782 1838 inter
2827 1779 2962 1838 Asi-

640 1877 809 1936 nium
858 1883 920 1935 et
965 1875 1297 1953 Appianum
1346 1873 1848 1953 Plutarchumque
1907 1875 2194 1952 suspicati
2240 1880 2406 1952 sunt,
2455 1873 2516 1934 id
2563 1874 2748 1954 quod,
2795 1883 2964 1954 post-

642 1991 821 2052 quam
886 1974 1125 2051 copiosa
1192 1971 1589 2051 disputatione
1656 1970 1794 2032 Otto
1851 1973 2155 2045 (Quae-stt.
2195 1973 2399 2034 Strab.
2441 1973 2613 2034 Slud.
2653 1973 2818 2050 Lips.
2857 1974 2974 2033 XI

628 2089 697 2148 p.
738 2072 899 2142 245)
950 2070 1207 2131 euicisse
1262 2067 1379 2130 sibi
1432 2072 1601 2130 uisus
1669 2079 1785 2148 est,
1842 2069 2032 2130 firmis
2089 2071 2458 2148 argumentis
2521 2069 2968 2148 redarguerunt

643 2167 1025 2230 Kornemann
1053 2171 1089 2228 l.
1110 2185 1157 2228 S.
1172 2185 1241 2244 p.
1272 2169 1406 2228 566
1420 2185 1547 2244 sqq.
1580 2175 1641 2228 et
1669 2167 1968 2228 Schwartz
1998 2170 2092 2228 P.-
2114 2169 2282 2228 Wiss.
2295 2168 2374 2228 II
2380 2186 2449 2245 p.
2474 2168 2603 2228 235
2619 2185 2746 2244 sqq.
2788 2171 2962 2247 equi·

644 2265 779 2327 dem
828 2264 901 2326 de
948 2273 1113 2326 certo
1162 2273 1403 2326 auctore
1452 2264 1890 2345 desperandum
1947 2284 2080 2326 esse
2137 2267 2346 2326 censui
2393 2267 2658 2343 satisque
2705 2265 2963 2344 habebo,

641 2370 805 2425 utro
852 2381 1181 2424 sermone
1228 2382 1376 2424 usus
1416 2371 1593 2442 esset,
1634 2363 2092 2424 demonstrasse.
2157 2381 2294 2424 nam
2343 2362 2416 2424 de
2465 2362 2623 2424 dicto
2669 2362 2770 2424 illo
2809 2363 2962 2424 Cae-

643 2463 796 2522 saris
825 2460 1127 2522 Pharsalio
1158 2461 1266 2538 (fr.
1284 2461 1354 2535 2)
1405 2461 1618 2522 Τοῦτο
1651 2455 2121 2541 ἐβουλήθησαν
2149 2460 2316 2522 addit
2342 2461 2696 2522 Plutarchus
2734 2461 2964 2523 Ταῦτά

642 2572 808 2639 φησι
859 2557 1175 2621 Πολλίων
1210 2553 1487 2631 Ἀσίνιος
1532 2555 1615 2621 τὰ
1659 2555 1916 2638 ῥήματα
1955 2552 2302 2638 Ῥωμαϊστὶ
2355 2554 2480 2639 μὲν
2535 2553 2960 2640 ἀναφθέγξα·

642 2659 809 2718 σθαι
836 2654 955 2718 τὸν
983 2654 1288 2736 Καίσαρα
1318 2689 1422 2735 —,
1442 2650 1820 2736 Ἑλληνιστὶ
1849 2650 1909 2717 δ’
1947 2650 2058 2717 ὑπ’
2095 2652 2305 2718 αὐτοῦ
2335 2651 2738 2737 γεγράφθαι.
2805 2656 2962 2718 haec

642 2763 841 2816 tamen
908 2772 1047 2815 cum
1112 2755 1261 2833 ipsis
1316 2755 1702 2833 testimoniis,
1767 2753 1984 2832 quibus
2042 2753 2250 2815 Latine
2306 2757 2624 2833 scripsisse
2680 2754 2961 2816 Asinium

642 2860 901 2931 constat,
956 2860 1221 2932 pugnant
1268 2870 1462 2930 neque
1510 2851 1836 2931 quidquam
1883 2851 2206 2913 Suetonius
2253 2854 2408 2924 (uid.
2449 2855 2592 2913 adn.
2633 2854 2720 2913 ad
2755 2853 2840 2930 fr.
2882 2855 2960 2927 2)

642 2949 804 3010 ualet
861 2947 1008 3009 ‘Hoc
1062 2945 1407 3010 uoluerunt'
1464 2949 1547 3010 ad
1600 2949 1900 3010 uerbum
1958 2968 2094 3012 eum
2154 2950 2377 3011 dixisse
2435 2949 2730 3030 referenS,
2795 2951 2962 3029 quod

644 3065 763 3108 non
802 3047 873 3108 ad
914 3045 1205 3108 Graecum
1245 3047 1642 3128 Latinumque
1685 3065 2022 3108 sermonem
2061 3047 2170 3108 sed
2207 3047 2280 3108 ad
2330 3047 2698 3128 diligentiam
2745 3066 2962 3109 nume-

644 3163 897 3224 rumque
953 3144 1274 3206 uerborum
1330 3139 1674 3229 pertinet.²)
1759 3147 1922 3224 atqui
1979 3144 2194 3206 Snidas
2241 3146 2353 3218 (II
2379 3147 2422 3205 2
2454 3164 2523 3223 p.
2562 3145 2726 3218 387)
2773 3147 2960 3208 etiam

642 3242 825 3304 alium
880 3242 1151 3302 Asinium
1209 3242 1533 3304 Pollionem
1590 3251 1925 3321 enumerat,
1983 3261 2161 3322 quem
2218 3243 2662 3304 Trallianum
2715 3253 2966 3322 praeter

644 3340 755 3401 alia
804 3341 1121 3418 scripsisse
1168 3339 1350 3401 tradit
1407 3337 1579 3420 ‘moi
1635 3346 1758 3402 τοῦ
1815 3337 2146 3421 ἐμφυλίου
2191 3347 2308 3421 τῆς
2343 3335 2590 3421 Ῥώμης
2634 3337 2964 3421 πολέμου,

643 3435 725 3500 ὃν
786 3431 1199 3516 ἐπολέμησαν
1257 3435 1515 3515 Καῖσάρ
1570 3457 1642 3498 τε
1697 3436 1808 3500 καὶ
1858 3433 2248 3517 Πομπήϊος’.
2322 3438 2482 3500 hunc
2533 3446 2732 3500 tamen
2787 3439 2962 3500 Tral-

645 3536 867 3597 lianum
906 3554 939 3596 a
976 3534 1289 3596 Plutarcho
1337 3552 1454 3597 non
1503 3553 1637 3598 esse
1677 3537 2074 3615 significatum
2125 3553 2197 3596 ex
2245 3554 2314 3596 eo
2363 3536 2747 3617 intellegitur,
2793 3538 2964 3617 quod

644 3643 741 3650 ·-—--
753 3641 1129 3650 ———·--—--

825 3693 877 3759 1)
918 3688 979 3744 O.
1012 3687 1266 3744 Basineri
1310 3689 1662 3760 Quaestione-e
1698 3690 2067 3744 Caesarianae
2095 3691 2134 3743 Ι
2167 3689 2396 3744 Moscau
2439 3694 2576 3743 1888
2619 3689 2762 3744 mihi
2791 3689 2964 3761 igno-

641 3775 737 3825 tae
774 3771 923 3825 sunt.

822 3853 877 3919 2)
918 3848 1045 3904 vid.
1077 3849 1188 3905 Cic.
1229 3849 1299 3903 de
1339 3847 1451 3903 diu.
1482 3848 1509 3902 1
1546 3855 1634 3916 44,
1664 3853 1732 3902 99
1779 3850 2052 3904 somnium
2097 3851 2326 3917 πιέν-ἑῇσι
2361 3851 2439 3904 ad
2474 3850 2701 3905 uerbum
2736 3867 2860 3904 cum
2901 3869 2967 3906 re

641 3934 971 3988 conmissa.
1012 3930 1083 3985 de
1120 3930 1212 3983 fin.
1242 3929 1267 3982 1
1296 3935 1347 3995 2,
1368 3935 1401 3983 4
1437 3930 1674 3997 fabellas
1702 3929 1946 3984 Latinas
1972 3930 2049 3984 ad
2082 3931 2310 3984 uerbum
2339 3947 2366 3984 e
2397 3930 2626 3985 Graecis
2653 3947 2964 4000 expressas.

642 4013 795 4066 Suet.
826 4010 981 4066 Caes.
1012 4016 1081 4066 65
1118 4011 1279 4064 cuius
1314 4027 1381 4063 ex
1418 4011 1666 4064 oratione
1713 4040 1778 4049 —-
1828 4009 1905 4062 ad
1951 4010 2178 4064 uerbum
2219 4011 2496 4066 nonnulla
2550 4011 2838 4066 transtulit
2895 4012 2968 4066 iu

642 4092 1048 4148 diuinationem
1091 4107 1267 4146 mm.
1331 4091 1475 4159 Aug.
1517 4094 1585 4143 89
1629 4097 1922 4158 praecepta
1970 4097 2018 4144 et
2069 4091 2317 4159 exempla
2356 4123 2422 4130 —-
2469 4091 2547 4145 ad
2587 4091 2818 4146 uerbum
2863 4109 2964 4147 ex-

642 4179 829 4241 cerpta
866 4203 933 4211 —
970 4171 1231 4226 mittebat.
1264 4201 1329 4210 —-
1360 4169 1439 4224 Vt
1475 4168 1618 4222 illud
1657 4168 1899 4236 dictum,
1937 4169 2022 4224 ita.
2057 4169 2235 4223 etiam
2275 4171 2444 4225 ‘iacta
2481 4171 2606 4226 alea
2642 4171 2774 4225 esto'
2818 4170 2966 4226 Sue-

642 4250 832 4307 tonius
890 4249 1044 4305 Caes.
1086 4257 1155 4304 32
1201 4249 1286 4303 ita
1330 4247 1693 4314 memorauit,
1741 4252 1830 4318 ut,
1879 4267 2006 4303 cum
2043 4249 2255 4304 Graece
2292 4249 2356 4303 id
2397 4249 2773 4304 exclamatum
2829 4267 2966 4309 esse

642 4335 796 4387 eerto
834 4330 1101 4386 sciremus
1142 4331 1283 4397 (add.
1322 4331 1481 4396 infra
1510 4347 1571 4398 p.
1601 4335 1725 4398 sq),
1762 4333 1956 4384 tamen
1991 4329 2080 4384 bis
2120 4330 2358 4384 adderet
2395 4331 2642 4400 ‘inquit'.
