3234 5034
1183 324 1240 377 L.
1272 320 1620 377 LVCCEIVS
2378 346 2547 393 xxxi

277 491 446 549 ceroni
498 509 634 551 esse
693 490 1034 568 uidebatur,
1093 493 1194 569 qui
1253 491 1548 551 desiderio
1597 510 1703 551 suo
1754 491 2147 569 satisfaceret,
2196 496 2545 572 praesertim

277 606 388 647 eum
438 595 604 649 antea
665 589 1280 651 commendationibus
1337 591 1462 651 suis
1521 593 1637 660 (ad
1684 590 1831 666 sam.
1872 590 2051 651 XIII
2090 592 2191 651 41.
2234 592 2346 663 42)
2394 590 2545 651 hene

275 684 334 745 de
367 704 428 745 eo
461 689 717 747 meritus
756 694 932 765 esset,
983 694 1236 767 notaque
1287 696 1371 747 est
1423 687 1695 767 epistula,
1744 706 1918 767 quam
1968 707 2015 747 a.
2055 683 2310 767 56s698
2358 688 2428 749 de
2478 709 2546 750 eo

271 786 476 862 negotio
523 784 600 845 ad
649 803 786 846 eum
836 784 1000 846 dedit
1045 788 1162 857 (ad
1199 786 1348 863 fam.
1393 787 1448 845 Γ
1477 787 1608 863 12),
1659 804 1809 865 quae
1855 787 1973 864 ipsi
2018 794 2083 846 ut
2133 782 2329 847 ‘ualde
2370 786 2544 847 hella’

269 882 768 943 uehementissime
815 882 1038 962 placuit
1085 886 1200 954 (ad
1236 887 1354 944 Att.
1400 885 1438 943 Ῑ
1445 884 1500 941 1⁷
1529 886 1586 959 6,
1617 878 1773 967 4).¹)
1843 885 2122 945 nimirum
2163 884 2371 945 Cicero
2412 904 2544 945 cum

269 980 460 1055 gloriae
515 999 660 1041 suae
719 979 1162 1059 amplificandae
1220 1000 1394 1041 causa
1453 1000 1660 1041 omnes
1716 983 1998 1041 historiae
2058 984 2314 1042 rationes
2378 991 2545 1043 antea

268 1078 630 1157 exhausisset,
679 1087 804 1139 tum
852 1081 1232 1140 inimicorum
1279 1079 1541 1158 pertidia,
1589 1079 1843 1158 insidiis,
1879 1080 2213 1159 proditione
2255 1083 2547 1159 superatis

268 1184 312 1235 et
365 1180 524 1256 quasi
583 1176 883 1256 triumpho
949 1180 1010 1237 in
1079 1176 1287 1237 urbem
1352 1177 1634 1237 reductus
1701 1180 1995 1256 egregiam
2063 1178 2176 1238 sibi
2242 1180 2546 1239 materiam

266 1276 623 1354 suppeditare
661 1275 979 1336 uidebatur
1016 1278 1301 1335 uarietate
1341 1296 1512 1336 casus
1553 1277 1645 1335 sui
1690 1278 1915 1335 animos
1961 1276 2268 1335 hominum
2309 1276 2547 1337 tenendi

268 1365 446 1446 (nihil
485 1381 580 1434 est
629 1375 786 1433 enim
835 1376 1029 1452 aptius
1078 1373 1149 1433 ad
1197 1372 1645 1434 delectationem
1695 1374 1933 1433 lectoris
1982 1394 2155 1453 quam
2215 1382 2545 1453 temporum

265 1474 564 1539 uarietates
602 1472 990 1550 fortunaeque
1028 1470 1499 1532 uicissitudines'
1529 1468 1577 1549 §⁶
1606 1465 1677 1555 4)
1718 1470 2179 1551 hortabaturque
2210 1472 2547 1538 Lucceium,

265 1576 319 1628 ut
353 1566 404 1629 ‘a
440 1572 741 1649 principio
779 1571 1206 1630 coniurationis
1253 1588 1442 1649 usque
1490 1569 1560 1629 ad
1611 1569 1866 1629 reditum
1916 1565 2124 1630 suum'
2158 1572 2340 1630 uitam
2382 1590 2546 1631 suam

265 1686 290 1726 a
327 1686 547 1729 summa
587 1667 759 1728 laude
797 1687 907 1747 per
943 1670 1328 1746 grauissimas
1365 1668 1552 1728 moles
1599 1668 2004 1729 molestiarum
2055 1676 2110 1727 et
2161 1670 2546 1747 asperitatum

265 1765 326 1824 ad
369 1766 626 1827 fructum
673 1768 777 1825 otii
825 1774 1177 1845 pertexeret.
1245 1785 1356 1845 qua
1407 1765 1643 1845 quidem
1694 1768 1753 1826 in
1806 1784 1867 1825 re
1916 1765 2247 1826 confidebat
2295 1768 2549 1826 amicum

266 1882 447 1925 rerum
494 1863 766 1924 ciuilium
816 1866 1061 1924 scientia
1111 1864 1374 1924 adiutum
1425 1872 1483 1923 et.
1530 1883 1737 1924 causas
1787 1882 1985 1924 rerum
2030 1882 2317 1924 nouarum
2361 1882 2549 1924 reme-

267 1961 458 2041 diaque
515 1961 1026 2023 incommodorum
1086 1962 1514 2041 explicaturum
1579 1970 1640 2021 et
1696 1962 2197 2041 reprehensurum
2256 1980 2347 2041 ea,
2400 1982 2549 2041 quae

265 2060 640 2139 uituperanda
689 2060 947 2137 duceret,
997 2078 1146 2138 quae
1191 2059 1512 2140 placerent,
1563 2056 1952 2139 ‘exponendis
2000 2057 2350 2120 rationihus'
2393 2080 2550 2121 com·

265 2157 638 2234 probaturum
705 2161 1074 2237 maximeque
1139 2166 1478 2217 notaturum
1546 2160 1924 2217 inimicorum
1997 2157 2282 2218 fraudem.
2387 2176 2550 2237 sper-

265 2254 499 2316 nebatur
546 2258 731 2335 igitur
777 2252 944 2315 ‘ordo
993 2255 1289 2315 annalium
1339 2259 1506 2334 quasi
1556 2259 2000 2316 enumeratione
2041 2252 2349 2315 fastorum'
2390 2255 2551 2316 odio-

265 2372 372 2431 suS,
417 2353 840 2433 expectabatur
895 2353 1084 2414 fabula
1133 2350 1280 2414 ‘toto
1337 2354 1581 2413 Isocrati
1630 2350 2047 2437 μυροθηκίῳ’
2098 2353 2348 2415 condita.
2432 2354 2549 2413 Hac

265 2454 626 2529 potissimum
675 2472 846 2512 causa
894 2438 1174 2511 inductus
1221 2452 1540 2512 Lucceium
1589 2452 1846 2530 rogabat,
1893 2459 1955 2512 ut
2006 2454 2244 2511 omissis
2285 2454 2345 2511 in
2384 2471 2551 2531 prae·

265 2568 389 2608 sens
443 2550 693 2629 reliquis
752 2550 955 2629 rebus,
1013 2568 1159 2629 quas
1207 2569 1454 2609 orsurus
1502 2558 1653 2629 erat,
1710 2549 1943 2610 hostilia
1993 2558 2352 2629 externaque
2401 2549 2552 2610 bella

264 2667 290 2705 a
334 2648 494 2707 ciuili
542 2649 948 2708 coniuratione
997 2650 1311 2725 seiungere
1359 2647 1582 2725 mallet,
1634 2650 1669 2707 i.
1711 2667 1757 2708 e.
1797 2666 1981 2708 unum
2032 2668 2179 2727 opus
2235 2656 2437 2708 totum·
2481 2647 2550 2708 ad

266 2764 418 2805 suam
467 2745 700 2806 laudem
749 2744 1113 2825 gloriamque
1164 2745 1449 2825 dirigeret
1497 2745 1725 2805 fabulae
1773 2744 2004 2823 legibus
2051 2746 2388 2807 obsecutus,

427 2842 834 2923 Rescripserat
895 2842 994 2903 ille
1051 2862 1114 2903 se
1173 2845 1466 2904 facturum
1526 2847 1641 2917 (ad
1684 2846 1804 2905 Att.
1846 2835 1947 2905 I'V
1978 2846 2035 2917 (5,
2067 2844 2155 2923 4),
2213 2845 2551 2903 cohortatus

265 2958 388 3001 eum
436 2949 527 3002 est
573 2943 802 3001 Atticus
851 2943 984 3012 (IV
1014 2944 1072 3017 9,
1103 2942 1190 3021 2),
1240 2960 1392 3001 anno
1439 2950 1576 3021 post.
1614 2942 1823 3002 Cicero
1862 2942 1934 3002 ad
1973 2961 2108 3002 eum
2149 2961 2256 3021 per
2292 2943 2551 3002 Atticum

265 3035 539 3118 ‘librum’,
586 3040 1041 3100 commentarios
1099 3058 1298 3101 rerum
1347 3041 1629 3117 omnium,
1685 3049 1753 3099 ut
1796 3040 2055 3117 uidetur,
2104 3058 2253 3118 quos
2302 3059 2365 3099 se
2414 3058 2550 3099 con-

265 3139 546 3198 fecturum
603 3157 736 3198 esse
793 3136 1092 3217 pollicitus
1159 3145 1309 3216 erat,
1367 3140 1529 3198 misit
1586 3141 1703 3211 (ad
1739 3139 1887 3216 fam.
1931 3140 1983 3196 Γ
2018 3139 2118 3212 12,
2151 3138 2251 3198 10.
2302 3141 2388 3198 ad
2432 3140 2551 3198 ΑΗ.

267 3236 362 3293 JV
392 3237 492 3305 11,
523 3236 607 3310 2).
686 3235 872 3296 defuit
927 3244 1123 3296 tamen
1181 3236 1470 3297 Lucceius
1527 3238 1655 3297 eius
1701 3236 2019 3314 uoluntati,
2070 3255 2264 3315 neque
2312 3238 2552 3295 omnino

265 3332 497 3409 posthac
543 3336 672 3394 eius
721 3336 809 3394 rei
856 3336 1078 3393 mentio
1128 3336 1207 3411 tit,
1257 3353 1330 3393 ne
1379 3336 1439 3393 in
1479 3333 1697 3394 litteris
1737 3334 1994 3412 quidem,
2042 3354 2188 3413 quas
2228 3354 2257 3393 a
2295 3328 2551 3411 45s709

265 3437 390 3507 post
435 3429 658 3493 Tulliae
707 3440 961 3492 mortem
1008 3435 1166 3491 inter
1212 3450 1274 3491 se
1325 3430 1617 3492 dederunt.
1657 3434 1773 3502 (ad
1810 3432 1957 3509 sam.
2004 3434 2054 3491 Γ
2089 3434 2399 3510 13--15),
2441 3434 2551 3492 etsi

265 3527 585 3590 studiorum
643 3532 896 3590 societas
945 3532 1122 3591 etiam
1177 3538 1298 3590 tum
1349 3548 1448 3589 eos
1497 3532 1803 3590 coniunxit
1852 3533 1885 3603 (
1905 3532 1951 3589 Γ
1988 3532 2089 3606 13,
2119 3531 2209 3602 4).
2277 3529 2443 3589 locus
2492 3532 2551 3589 in

265 3628 346 3686 eis
391 3626 504 3687 suit.
545 3628 828 3689 historiae
875 3627 1439 3705 commemorandae,
1489 3630 1540 3687 si
1587 3628 1855 3687 confecta
1912 3636 2085 3687 esset..
2161 3630 2403 3688 omnino
2452 3626 2553 3688 ob-

265 3722 512 3784 litterata
557 3744 689 3786 esse
738 3743 835 3785 res
879 3726 1124 3787 uidetur
1167 3726 1424 3787 tumultu
1473 3724 1611 3786 belli
1662 3720 1942 3809 ciuiliS.²)

445 4010 495 4063 1)
532 4002 814 4057 Laudauit
851 4004 1148 4057 Lucceium
1185 4003 1376 4057 Cicero
1422 4003 1595 4057 etiam
1641 4022 1763 4057 cum
1806 4002 2056 4056 Caelium
2096 4002 2423 4057 defenderet
2460 4006 2553 4073 (m.

271 4084 394 4151 Apr.
427 4084 672 4155 56J698)‚
713 4090 775 4137 ut
821 4083 1103 4137 hominem
1151 4084 1566 4138 sanctissimum
1607 4087 1777 4151 atque
1815 4082 2256 4153 integerrimum,
2298 4082 2555 4137 humani-

268 4164 398 4229 tate,
440 4164 654 4231 studim,
693 4163 909 4218 artibus
947 4166 1118 4232 atque
1157 4164 1413 4218 doctrina
1450 4163 1730 4233 insignem
1770 4168 1833 4228 (c.
1868 4170 1952 4228 21,
1986 4170 2069 4217 52.
2109 4180 2153 4217 c,
2186 4169 2270 4225 22.
2303 4164 2409 4233 54).

445 4248 498 4313 2)
548 4244 630 4298 De
688 4244 966 4301 Catilinae
1016 4244 1401 4299 coniuratione
1457 4262 1506 4298 a.
1554 4244 1672 4299 fere
1720 4250 1787 4297 60
1802 4244 1930 4301 ,ι’694
1983 4243 2273 4313 scripsisse.
2328 4242 2557 4299 uidetur

270 4322 317 4374 H
329 4324 563 4377 erodes
602 4324 826 4393 aliquis,
866 4325 936 4380 de
973 4341 1084 4393 quo
1115 4324 1305 4378 Cicero
1344 4324 1418 4378 ad
1448 4325 1562 4377 Att.
1583 4324 1634 4377 ΙΙ
1666 4332 1714 4389 ’2,
1736 4331 1793 4378 2:
1840 4324 2097 4389 Heraclea,
2134 4325 2184 4377 si
2218 4324 2373 4379 homo
2410 4333 2559 4393 esset,
