3234 5034
1043 297 1153 352 CN.
1191 295 1540 352 DOMITIVS
1580 295 1913 353 CORBVLO
2392 317 2625 366 CXXXV

499 467 692 547 Atque
730 466 959 529 Plinius
997 466 1237 546 quidem
1274 467 1466 527 maior
1504 466 1612 544 (fr.
1645 467 1700 527 1.
1740 466 1800 528 3.
1838 467 1910 541 4)
1948 467 2139 546 ipsius
2178 465 2372 528 studio
2412 464 2484 527 ad
2522 483 2625 526 eos

321 564 617 627 deductus
664 574 810 644 erat,
857 567 1134 646 quoniam
1181 583 1231 625 a.
1269 561 1353 626 47
1361 560 1391 647 s
1397 560 1529 626 800
1583 563 1695 626 sub
1752 583 1821 626 eo
1868 565 1929 626 in
1979 563 2293 626 Germania
2337 564 2625 626 militasse

314 663 594 746 uidetur3
642 661 994 744 ‘proximus'
1045 665 1102 725 ei
1149 671 1356 724 auctor
1413 664 1525 724 l'uit
1577 665 1641 724 in
1698 662 1953 724 naturali
1998 663 2245 726 historia
2303 662 2375 724 de
2420 663 2625 724 Arme-

315 764 456 824 niae
503 762 906 843 descriptione
954 763 1062 840 (fr.
1101 762 1161 823 3.
1199 756 1348 847 4).¹)
1435 762 1576 822 hinc
1624 765 2079 824 commentarios
2117 771 2252 823 ante
2298 781 2347 824 a.
2390 757 2627 844 77s830

313 860 418 922 uel
467 857 706 943 79s832
765 861 954 923 editos
1011 879 1144 923 esse
1197 868 1458 941 apparet.
1548 879 1665 941 quo
1722 869 1919 923 tamen
1974 869 2241 942 tempore
2297 862 2624 941 scripserit,

318 961 662 1042 nescimus3
709 963 896 1022 otium
941 959 1182 1040 quidem
1227 967 1364 1040 post
1413 979 1464 1020 a.
1506 954 1745 1041 63s816
1804 961 1858 1020 ei
1906 961 2207 1041 suppetiit,
2267 967 2404 1041 post
2448 977 2625 1040 quem

313 1057 476 1138 apud
523 1058 796 1120 Tacitum
843 1060 904 1120 in
951 1058 1313 1120 obliuionem
1359 1060 1542 1120 uenit.

503 1156 746 1218 Summa
783 1165 980 1219 autem
1019 1158 1292 1219 cautione
1331 1165 1458 1218 erat
1494 1176 1659 1237 usuS,
1698 1160 1751 1218 si
1780 1177 1811 1218 a
1841 1158 2044 1218 Tacito
2073 1158 2203 1218 eius
2232 1157 2397 1219 filum
2427 1165 2623 1218 reten-

317 1263 448 1317 tum
498 1274 632 1317 esse
679 1274 916 1317 sumere
964 1255 1131 1338 licet3
1179 1275 1316 1317 nam
1363 1258 1578 1336 omnia,
1616 1274 1768 1336 quae
1816 1259 2083 1336 gesserat
2118 1255 2454 1335 gerendaue
2492 1275 2622 1318 sus-

313 1362 580 1435 ceperat,
627 1352 700 1415 ad
747 1356 1166 1434 imperatorem
1215 1354 1532 1416 reuocabat
1578 1373 1834 1435 eumque
1880 1355 2137 1416 honores
2175 1357 2346 1435 quasi
2392 1354 2623 1417 debitos

312 1454 668 1534 percepisse
733 1451 1028 1514 referebat
1044 1447 1115 1537 ²),
1179 1461 1248 1514 ut
1311 1471 1613 1515 rumorem
1687 1453 1851 1533 uulgi
1925 1455 2103 1514 etiam
2175 1455 2623 1535 usurpationem

309 1553 560 1632 imperii
607 1550 680 1612 ab
727 1570 798 1612 eo
845 1553 1142 1631 sperantis
1190 1553 1338 1626 (Dio
1387 1553 1490 1631 62,
1538 1553 1642 1631 19,
1690 1554 1732 1612 4
1742 1574 1767 1624 ;
1812 1552 1917 1628 23,
1956 1553 2026 1628 6)
2075 1559 2389 1614 auerteret.
2484 1570 2622 1613 con-

311 1649 519 1711 silium
565 1651 752 1729 igitur
795 1649 1010 1712 edendi
1057 1649 1174 1712 sibi
1217 1657 1624 1730 proposuerat.
1718 1652 2025 1729 quaeritur
2079 1657 2303 1730 tamen,
2359 1669 2502 1712 num
2560 1651 2625 1712 hi

313 1750 734 1812 commentarii
789 1750 916 1810 suis
972 1748 1296 1810 uirtutibus
1345 1751 1566 1810 seruati
1613 1747 1967 1810 Corbulonis
2012 1749 2257 1827 gloriam
2305 1749 2621 1829 amplifica-

311 1855 438 1909 tam
497 1857 558 1910 et
615 1855 846 1908 auctam
903 1848 1383 1927 propagauerint.
1479 1845 1593 1908 filia
1643 1848 1800 1908 enim
1848 1849 1978 1908 eius
2018 1856 2146 1909 erat
2178 1846 2431 1909 Domitia
2470 1847 2619 1909 Lon-

311 1949 452 2026 gina
494 1948 776 2023 (Ptosop.
816 1947 978 2023 Hp.
1008 1946 1097 2006 26
1132 1965 1191 2006 n.
1223 1947 1402 2024 156),
1451 1963 1600 2024 quae
1646 1947 1993 2024 imperatori
2039 1945 2369 2007 Domitiano
2417 1949 2622 2026 nupsit

311 2044 607 2124 foedaque
655 2061 762 2104 sua
807 2043 1046 2123 flagitia,
1095 2062 1232 2106 cum
1270 2042 1468 2105 caedis
1505 2045 1705 2104 mariti
1752 2045 1988 2104 conscia
2034 2052 2211 2123 esset,
2258 2044 2413 2124 apud
2452 2063 2619 2106 sena·

311 2152 442 2204 tum
499 2141 876 2204 oblitterasse
921 2141 1182 2222 uidetur,
1229 2150 1292 2203 et
1335 2159 1554 2222 genere
1601 2160 1710 2203 suo
1756 2149 2043 2222 patreque
2092 2141 2423 2204 Corbulone
2468 2143 2621 2205 mul-

315 2250 448 2302 tum
521 2239 772 2320 gloriata
845 2248 953 2319 est,
1025 2247 1094 2302 ut
1167 2242 1344 2302 etiam
1415 2242 1480 2300 in
1553 2240 1726 2302 titulo
1790 2240 1954 2302 aedis
2019 2240 2221 2303 Gabiis
2286 2249 2621 2304 exstructae

315 2359 366 2400 a.
431 2334 734 2421 140s893
807 2340 938 2400 eius
1013 2337 1132 2400 filia
1208 2338 1507 2400 diceretur
1572 2340 1669 2414 (0.
1719 2341 1768 2400 I.
1817 2340 1883 2400 L.
1932 2341 2103 2402 XIV
2136 2341 2361 2415 2795).
2471 2343 2623 2402 uixit

313 2446 520 2500 autem
566 2455 759 2518 usque
815 2437 888 2498 ad
945 2455 1166 2500 annum
1219 2439 1533 2499 minimum
1587 2433 1883 2518 126s879.
1976 2440 2063 2498 sic
2117 2441 2302 2517 igitur
2354 2456 2474 2500 non
2529 2447 2622 2501 est

311 2538 538 2598 mirum
593 2535 751 2617 quod
806 2536 1108 2598 Tacitus
1165 2537 1620 2598 commentarios
1677 2534 2027 2597 Corbulonis
2083 2539 2387 2616 cognouit,
2442 2555 2620 2618 quem

311 2635 389 2696 ab
455 2653 527 2696 eo
592 2652 691 2696 res
755 2637 816 2695 in
880 2635 1158 2696 Armenia
1223 2642 1418 2715 gestas
1485 2634 1861 2697 describente
1935 2653 2055 2696 non
2120 2634 2309 2696 solum
2376 2637 2620 2697 citatum

312 2733 425 2810 (fr.
465 2734 536 2807 2)
585 2733 692 2794 sed
739 2734 916 2794 etiam
961 2735 1026 2794 in
1073 2753 1250 2794 usum
1287 2741 1563 2795 uocatum
1612 2752 1745 2794 esse
1790 2733 1889 2795 uel
1928 2751 1998 2794 ex
2038 2735 2125 2796 eis
2162 2743 2422 2813 apparet,
2470 2753 2619 2815 quae

313 2849 494 2911 supra
543 2829 788 2892 annales
835 2834 1025 2894 secuti
1073 2831 1574 2894 adumbrauimus.
1666 2851 1802 2894 nam
1849 2833 2056 2894 omnes
2114 2830 2185 2893 ad
2234 2834 2430 2911 ipsum
2478 2831 2617 2893 Cor-

311 2928 596 2991 bulonem
645 2931 891 3009 eiusque
939 2929 1172 2992 laudem
1217 2933 1535 3010 pertinent.
1603 2949 1762 2992 nunc
1809 2933 1987 2992 etiam
2032 2931 2145 2991 hoc
2192 2929 2341 2992 addo
2390 2930 2617 2992 cladem

313 3035 620 3108 acceptam
667 3027 778 3090 soli
824 3028 1033 3088 Paccio
1080 3028 1267 3090 Orfito
1316 3030 1552 3092 crimini
1601 3028 1796 3091 datam
1836 3047 1986 3110 esse,
2034 3031 2136 3108 qui
2176 3031 2439 3109 rupisset
2476 3028 2616 3091 Cor-

313 3273 608 3338 acci-netus,
663 3279 826 3341 atque
881 3272 1074 3338 alium,
1129 3274 1264 3342 quia
1310 3274 1552 3344 puqione
1597 3279 1815 3328 tantum
1859 3273 2135 3329 accinctus
2186 3275 2408 3342 foderet,
2455 3282 2619 3330 morte

307 3353 552 3422 punitos.
609 3369 750 3421 quae
777 3352 956 3407 nimia
983 3359 1034 3408 et
1067 3354 1332 3408 incertum
1359 3371 1438 3409 an
1473 3354 1616 3421 falso
1654 3355 1803 3410 iacta
1838 3355 2105 3426 originem
2140 3361 2321 3409 tamen
2356 3372 2384 3408 e
2418 3356 2618 3410 seueri-

313 3438 422 3487 tate
475 3432 638 3488 ducis
691 3438 936 3500 traxere5
989 3435 1362 3506 intentumque
1415 3441 1466 3489 et
1518 3435 1737 3506 maynic
1786 3435 1997 3491 delictis
2032 3435 2422 3490 inexorabilem
2457 3436 2616 3504 scias,

311 3513 404 3568 cui
457 3518 676 3568 tantum
727 3515 1043 3582 asperitatis
1098 3516 1262 3570 etiam
1316 3515 1587 3570 aduersus
1644 3517 1792 3570 leuia
1846 3515 2187 3583 credebatur)
2235 3531 2419 3584 neque
2473 3513 2616 3569 illud

313 3592 526 3648 bellum
571 3591 658 3647 ita
711 3597 924 3660 narrat,
981 3596 1046 3648 ut
1101 3594 1176 3648 ad
1231 3593 1407 3663 ipsius
1463 3595 1896 3651 commentarios
1942 3596 2247 3650 trahamur.
2315 3595 2484 3650 cardo
2536 3595 2615 3650 rei

313 3678 574 3729 uersatur
627 3673 687 3727 in
744 3690 899 3743 uoce,
950 3691 1065 3742 qua
1119 3673 1193 3729 ab
1240 3673 1580 3744 imperatore
1622 3674 1859 3730 Claudio
1907 3675 1987 3729 cis
2024 3675 2283 3730 Rhenum
2320 3678 2617 3731 reuocatus

315 3753 658 3810 exclamauit
689 3753 918 3809 ‘Beatos
947 3755 1233 3824 quondam
1271 3755 1440 3809 duces
1469 3755 1794 3809 Romanos’.
1850 3754 1930 3809 Cf.
1963 3757 2026 3810 A.
2056 3755 2451 3810 Imendoerffer
2484 3757 2614 3811 Bei-

313 3839 462 3907 tra'qe
499 3851 602 3890 zur
643 3835 1050 3906 Quellenkoemde
1086 3837 1182 3891 der
1216 3837 1364 3892 socha
1409 3837 1599 3892 letzten
1638 3837 1857 3891 Racher
1903 3838 1999 3891 der
2035 3837 2297 3891 Annalen
2342 3838 2436 3892 des
2488 3839 2612 3892 Tac.

316 3914 526 3985 (Progr.
553 3914 726 3984 primi
761 3933 950 3986 gymn.
979 3916 1220 3971 Bruenn.
1254 3921 1390 3971 1891
1429 3935 1483 3987 p.
1515 3921 1546 3970 8
1569 3917 1688 3986 sq.).

493 3999 549 4056 1)
587 3995 731 4049 Eum
768 3995 972 4051 citauit
1007 3996 1068 4052 in
1104 3996 1390 4052 indicibus
1427 3996 1552 4052 libr.
1581 4016 1616 4050 v
1655 3999 1715 4052 et
1749 4017 1821 4063 vr,
1860 3995 1919 4050 in
1958 3998 2197 4064 utroque
2233 3994 2381 4052 inter
2416 3997 2475 4052 L.
2507 3997 2615 4052 Ve-

315 4077 489 4130 terem
527 4075 846 4144 Melamque
885 4080 1056 4146 atque
1088 4077 1366 4132 Licinium
1395 4076 1719 4132 Mucianum
1757 4082 1813 4148 (a.
1850 4094 1960 4146 quo
1991 4074 2363 4132 Corbulonem
2402 4093 2614 4133 correc-

315 4157 434 4209 tum
470 4171 594 4209 esse
633 4153 896 4212 Muenzer
929 4177 983 4228 p.
1018 4164 1122 4212 394
1142 4176 1222 4227 sq.
1255 4159 1483 4228 censet),
1523 4157 1820 4212 Claudium
1858 4159 2169 4226 Gaesarem,
2196 4157 2541 4214 Arruntium.

493 4239 548 4304 2)
587 4235 654 4289 V.
685 4251 770 4289 ex.
799 4255 880 4306 gr.
910 4237 1013 4292 XV
1041 4245 1110 4292 26
1137 4238 1312 4308 (apud
1351 4237 1679 4308 exercitum)
1717 4237 1935 4293 orditur
1979 4237 2283 4309 magnifica
2315 4238 2383 4293 de
2428 4237 2615 4308 auspi-

315 4315 416 4370 ciis
453 4313 815 4385 imperatoris
849 4318 1128 4386 rebusque
1165 4335 1198 4373 a
1237 4335 1296 4373 se
1334 4319 1528 4388 gestis.
