3234 5034
1314 346 1657 402 ANNALES
2545 344 2633 411 83

339 504 542 567 πάλαι
591 511 1121 587 στρατηγοῦντος
1166 511 1288 568 τοῦ
1331 503 1578 587 πατρὸς
1626 502 1867 568 αὐτόθι
1920 500 2029 567 καὶ
2075 504 2318 586 φίλους
2362 522 2633 585 πεποιη-

336 599 552 682 μένος.
666 601 885 685 εὑρὼν
943 598 1018 666 δὲ
1080 600 1329 677 πάντας
1390 602 1717 685 περιδεεῖς
1787 598 1899 666 καὶ
1962 600 2085 683 τὴν
2148 600 2448 683 ὠμότητα
2511 601 2634 683 τὴν

339 700 617 784 Μαρίου
653 699 956 782 καθάπερ
995 698 1362 783 ἐφεστῶτος
1399 698 1627 777 αὐτοῖς
1662 698 2023 783 τρέμοντας
2049 695 2279 763 οὐδενὶ
2318 696 2633 781 γενέσθαι

337 798 631 881 φανερὸς
659 796 1056 882 ἐθάρρησεν,
1077 795 1208 863 ἀλλ’
1237 799 1332 875 εἰς
1361 797 1609 883 ἀγροὺς
1639 796 1944 881 ἐμβαλὼν
1960 798 2328 882 παραλίους
2348 796 2634 879 Οὐιβίου

267 922 302 963 5
339 898 694 962 Πωιιακοῦ
738 898 1064 979 σπήλαιον
1107 892 1379 981 ἔχοντας
1425 894 1780 982 εὐμέγεθες
1815 892 2106 980 ἔκρυψεν
2141 894 2397 961 ἑαυτόν.
2468 894 2635 980 πρὸς

334 990 412 1058 δὲ
458 994 580 1059 τὸν
629 993 918 1076 Οὐίβιον
962 996 1247 1076 ἔπεμψεν
1294 992 1414 1060 ἕνα
1459 996 1711 1060 δοῦλον
1755 992 2297 1079 ἀποπειρώμενος
2349 994 2477 1078 ἤδη
2522 990 2633 1058 καὶ

333 1102 474 1157 τῶν
530 1090 828 1175 ἐφοδίων
887 1090 1340 1158 ἐπιλιπόντων.
1433 1092 1469 1158 ὁ
1525 1092 1600 1158 δὲ
1656 1092 1933 1176 Οὐίβιος
1988 1090 2279 1169 ἀκούσας
2328 1092 2511 1175 ἥσθη
2564 1114 2634 1157 τε

331 1189 688 1277 σωζομένῳ
741 1189 853 1255 καὶ
907 1193 1289 1272 πυθόμενος
1342 1192 1416 1257 τὸ
1471 1195 1735 1275 πλῆθος
1779 1204 1909 1257 τῶν
1952 1192 2082 1256 σὺν
2128 1190 2307 1280 αὐτῷ
2360 1187 2469 1255 καὶ
2514 1192 2636 1255 τὸν

331 1291 548 1353 τόπον
605 1288 805 1366 αὐτὸς
857 1284 983 1374 μὲν
1037 1288 1162 1354 οὐκ
1214 1284 1430 1373 ἦλθεν
1484 1292 1579 1366 εἰς
1635 1290 1815 1373 ὄψιν,
1874 1290 1993 1355 τὸν
2054 1286 2129 1355 δὲ
2182 1300 2319 1355 τῶν
2375 1292 2637 1376 χωρίων

237 1415 302 1455 ιο
339 1384 707 1473 ἐπίτροπον
758 1388 1203 1471 προσαγαγὼν
1247 1385 1446 1471 ἐγγὺς
1502 1384 1801 1453 ἐκέλευσε
1855 1388 2013 1453 καθ’
2062 1385 2315 1473 ἡμέραν
2359 1388 2635 1453 δεῖπνον

331 1484 788 1570 πεποιημένον
840 1490 1128 1570 κομίζειν
1183 1483 1294 1552 καὶ
1349 1484 1625 1552 τυθέντα
1676 1486 1854 1571 παρὰ
1908 1486 2031 1570 τὴν
2074 1484 2323 1570 πέτραν
2366 1484 2635 1571 ἀπέρχε-

334 1590 506 1649 σθαι
555 1594 768 1670 σιωπῇ
815 1583 924 1649 καὶ
971 1584 1058 1667 μὴ
1095 1586 1680 1669 πολυπραγμονεῖν
1714 1582 1880 1669 μηδ’
1916 1582 2253 1667 ἐξετάζειν,
2298 1583 2635 1669 προειπὼν

331 1686 1018 1767 πολυπραγμονοῦντι
1069 1683 1402 1765 θάνατον,
1457 1684 1949 1769 συμπράττοντι
2004 1677 2079 1747 δὲ
2134 1690 2334 1747 τοῦτο
2388 1692 2637 1759 πιστῶς

333 1780 752 1866 ἐλευθερίαν.
817 1818 901 1827 -—
969 1778 1090 1868 (5.)
1150 1779 1486 1846 Ἐνταῦθα
1557 1782 1973 1866 διατρίβοντι
2044 1788 2135 1869 τῷ
2193 1780 2483 1870 Κράσσῳ
2555 1782 2635 1845 τὰ

233 1907 300 1949 ιι
336 1878 684 1963 ἐπιτήδεια
736 1878 884 1945 καθ’
949 1878 1202 1965 ἡμέραν
1263 1878 1496 1963 ἐφοίτα
1550 1883 1836 1963 κομίζων
1896 1879 1933 1945 ὁ
1994 1880 2377 1967 ἄνθρωπος,
2440 1878 2637 1957 αὐτὸς

335 1974 468 2062 μὲν
538 1977 664 2062 οὐχ
737 1976 917 2062 ὁρῶν
991 1976 1288 2053 ἐκείνους
1360 1973 1521 2043 οὐδὲ
1594 1978 1965 2062 γινώσκων,
2038 1974 2141 2043 ὑπ’
2214 1976 2489 2043 ἐκείνων
2561 1974 2635 2042 δὲ

333 2077 816 2160 καθορώμενος
861 2078 1139 2143 εἰδότων
1182 2076 1294 2141 καὶ
1337 2079 1995 2160 παραφυλαττόντων
2046 2078 2166 2142 τὸν
2208 2078 2460 2160 καιρόν.
2550 2070 2636 2160 ἦν

337 2172 410 2238 δ’
460 2174 736 2258 ἄφθονα
779 2171 888 2239 καὶ
935 2176 1100 2259 πρὸς
1145 2173 1422 2258 ἡδονήν,
1476 2174 1558 2239 οὐ
1614 2178 1827 2259 μόνον
1873 2178 2103 2263 χρείαν
2146 2174 2512 2257 ποιούμενα
2556 2176 2637 2241 τὰ

333 2273 508 2357 πρὸς
551 2274 627 2337 τὸ
675 2274 964 2339 δεῖπνον.
1037 2270 1312 2356 ἐγνώκει
1349 2274 1474 2358 γὰρ
1515 2272 1552 2338 ὁ
1591 2273 1870 2355 Οὐίβιος
1907 2273 2126 2359 ἁπάσῃ
2165 2275 2633 2360 φιλοφροσύνῃ

239 2399 304 2439 2⁰
333 2371 750 2455 θεραπεύειν
783 2372 904 2435 τὸν
940 2370 1278 2455 Κράσσον,
1315 2364 1368 2461 ᾧ
1407 2395 1481 2457 γε
1519 2372 1627 2437 καὶ
1666 2372 1740 2436 τὸ
1777 2382 1893 2455 τῆς
1930 2372 2107 2456 ὥρας
2151 2370 2225 2437 ἐν
2271 2381 2367 2460 νῷ
2407 2374 2638 2455 λαβεῖν

336 2466 657 2552 ἐπῆλθεν,
720 2471 807 2545 ὡς
871 2469 1246 2535 παντάπασι
1309 2473 1576 2547 νεανίας
1639 2476 1741 2553 εἴη
1805 2472 1921 2536 καί
1980 2494 2043 2536 τι
2108 2468 2218 2535 καὶ
2283 2482 2424 2547 ταῖς
2481 2468 2632 2536 καθ’

333 2568 609 2651 ἡλικίαν
653 2567 927 2652 ἡδοναῖς
973 2567 1180 2633 αὐτοῦ
1227 2567 1597 2654 χαριστέον,
1659 2567 1796 2634 ἐπεὶ
1856 2572 1979 2653 τήν
2031 2592 2107 2652 γε
2160 2572 2391 2654 χρείαν
2436 2569 2635 2653 ἀναγ-

333 2668 546 2743 καίως
605 2671 862 2750 μᾶλλον
932 2665 972 2751 ἢ
1046 2667 1415 2752 προθύμως
1485 2667 1993 2752 ὑπουργοῦντος
2066 2662 2256 2733 εἶναι.
2360 2668 2487 2733 δύο
2553 2669 2637 2752 δὴ

335 2766 827 2849 θεραπαινίδας
855 2765 1202 2849 εὐπρεπεῖς
1239 2764 1594 2850 ἀναλαβὼν
1633 2764 1929 2850 ἐβάδιζεν
1968 2763 2074 2831 ἐπὶ
2110 2766 2231 2851 τὴν
2267 2767 2634 2833 θάλασσαν.

239 2890 304 2931 ἐ
337 2862 436 2939 ὡς
505 2861 568 2928 δ’
638 2859 849 2947 ἦλθεν
913 2860 1020 2929 ἐπὶ
1081 2863 1203 2929 τὸν
1263 2867 1470 2930 τόπον
1532 2862 1751 2941 δείξας
1821 2865 1943 2949 τὴν
2015 2864 2267 2931 ἄνοδον
2338 2864 2637 2931 ἐκέλευεν

338 2967 502 3026 stom
547 2963 955 3047 πορεύεσθαι
1002 2960 1113 3026 καὶ
1149 2968 1451 3047 θαρρεῖν.
1534 2963 1606 3028 οἱ
1638 2958 1712 3027 δὲ
1748 2959 1899 3048 περὶ
1936 2963 2057 3028 τὸν
2093 2964 2413 3048 Κράσσον
2459 2963 2637 3027 ἰδόν-

337 3083 452 3135 τες
483 3058 1014 3147 προσερχομένας
1051 3060 1334 3143 ἕδεισαν,
1365 3061 1453 3146 μὴ
1491 3058 1865 3144 καταφανὲς
1900 3059 2011 3126 καὶ
2050 3062 2389 3147 γνώριμον
2425 3066 2523 3144 εἴη
2562 3060 2635 3125 τὸ
2736 3106 2744 3113 -

337 3160 610 3243 χωρίον·
701 3156 1057 3243 ἀνέκρινον
1101 3152 1230 3223 οὖν
1273 3158 1494 3241 αὐτάς,
1549 3160 1618 3223 τί
1658 3158 2019 3243 βούλονται
2072 3156 2181 3223 καὶ
2227 3162 2402 3235 τίνες
2447 3160 2637 3225 εἰσίν·

338 3256 438 3331 ὡς
509 3257 548 3320 δ
565 3252 582 3280 ’
643 3254 1082 3341 ἀπεκρίναντο
1146 3256 1613 3342 δεδιδαγμέναι
1679 3258 2008 3340 δεσπότην
2072 3260 2277 3341 ζητεῖν
2342 3255 2638 3323 ἐνταῦθα

239 3383 310 3424 ³⁰
337 3356 824 3439 κρυπτόμενον,
869 3357 1112 3439 μαθὼν
1157 3354 1192 3419 ὁ
1233 3356 1542 3440 Κράσσος
1577 3364 1699 3420 τοῦ
1741 3354 2025 3439 Οὐιβίου
2071 3356 2195 3439 τὴν
2232 3356 2397 3440 πρὸς
2433 3355 2639 3421 αὐτὸν

337 3452 622 3517 παιδιὰν
657 3454 766 3517 καὶ
792 3453 1308 3537 φιλοφροσύνην
1335 3450 1610 3537 ἀνέλαβε
1640 3454 1756 3531 τὰς
1782 3455 2150 3531 παιδίσκας·
2196 3454 2305 3520 καὶ
2336 3462 2639 3538 συνῆσαν

339 3548 524 3638 αὐτῷ
553 3549 673 3615 τὸν
700 3550 938 3617 λοιπὸν
966 3552 1208 3636 χρόνον
1231 3545 1329 3616 ὧν
1347 3548 1555 3617 ἐδεῖτο
1587 3552 1957 3637 φράζουσαι
1986 3549 2096 3616 καὶ
2125 3550 2637 3634 διαγγέλλουσαι

337 3648 512 3731 πρὸς
554 3648 676 3713 τὸν
723 3648 1023 3731 Οὐίβιον.
1113 3648 1372 3714 τούτων
1418 3649 1582 3733 φησὶ
1636 3649 1759 3732 τὴν
1816 3646 2045 3733 ἑτέραν
2099 3650 2226 3733 ἤδη
2272 3652 2637 3735 πρεσβῦτιν

338 3742 559 3814 οὖσαν
622 3746 658 3811 ὁ
727 3746 1210 3823 Φαινεστέλλας
1276 3748 1446 3813 ἰδεῖν
1519 3748 1716 3824 αὐτὸς
1786 3747 1894 3812 καὶ
1969 3748 2286 3824 πολλάκις
2356 3745 2635 3813 ἀκοῦσαι

237 3872 308 3916 ⁸5
335 3842 760 3931 μεμνημένης
805 3853 1010 3909 ταῦτα
1055 3846 1166 3910 καὶ
1213 3844 1584 3929 διεξιούσης
1628 3846 2012 3931 προθύμως.

526 3941 690 4010 16*.
741 3948 898 4007 Plut.
937 3948 1084 4009 Sull.
1121 3946 1208 4007 28
1255 3943 1521 4027 Μάριος
1557 3940 1629 4008 δὲ
1679 3946 1875 4026 [filius
1909 3952 2170 4025 septiens
2208 3951 2471 4010 consulis
2493 3956 2637 4025 post

323 4062 613 4125 puynam
669 4048 756 4107 ad
807 4046 1230 4122 Sacriportum
1286 4045 1686 4124 commissam]
1744 4043 2014 4126 φεύγων
2068 4044 2161 4119 εἰς
2217 4044 2637 4129 Πραινεστὸν

526 4188 585 4248 5.
629 4187 698 4247 L.
743 4187 960 4249 vibius
1005 4148 1324 4249 Paoiabous
1348 4188 1510 4249 caes.
1549 4189 1600 4247 b.
1630 4189 1804 4262 Περ.
1834 4192 1893 4248 3.
1944 4189 2061 4250 σεο.
2092 4191 2173 4249 αα
2216 4192 2258 4263 f·
2304 4190 2399 4249 VI
2433 4192 2543 4258 18,
2573 4192 2633 4249 2.

331 4277 426 4340 aa
459 4276 580 4337 Au.
612 4278 760 4336 XII
787 4282 850 4345 2,
883 4282 918 4336 1
1087 4281 1141 4338 7.
1187 4275 1630 4339 ἀπολειπόντων
1672 4277 1930 4338 Βάίοηεῖ.
2096 4282 2194 4339 19.
2240 4277 2345 4340 τὸν
2392 4276 2637 4339 δεῖπνον

327 4366 602 4429 Βσὲίεηεί.
761 4368 862 4427 29.
911 4364 1296 4447 δεδιδαγμένα
1340 4370 1486 4429 coni.
1521 4366 1777 4427 Simenis
1932 4370 2033 4427 34.
2080 4365 2457 4445 φενεστέλλας
2500 4364 2639 4429 libri

2142 4466 2211 4521 6·

2672 3922 2781 4002 -ΒΞ

2674 4010 2778 4061 672
