3234 5034
588 273 796 320 xxnn
1086 251 1183 306 DE
1222 250 1685 307 SCRIPTORVM
1722 248 1913 305 VITIS
1948 250 2044 305 ΕΤ
2082 250 2399 305 SCRIPTIS

592 420 664 481 de
703 440 768 481 re
805 420 1042 501 publica
1077 418 1248 481 libris
1287 437 1352 479 se
1383 416 1479 479 ‘ad
1515 426 1789 480 ueterum
1828 436 2031 479 rerum
2069 437 2311 480 suarum
2346 423 2697 481 memoriam
2734 440 2895 481 com-

590 516 1074 607 prehendendam
1127 516 1433 597 inpulsum
1488 524 1665 596 atque
1720 518 2033 578 incensum
2082 515 2236 579 esse’
2282 519 2347 578 in
2395 518 2782 598 praefatione,
2828 527 2899 580 ut

591 617 847 699 uidetur,
877 618 1188 696 scripserit
1212 608 1406 699 (certe
1433 615 1582 676 haec
1611 635 1749 677 eum
1779 614 1987 677 Cicero
2016 618 2079 676 in
2106 616 2291 677 Bruto
2322 616 2616 678 dicentem
2645 617 2897 697 induxit,

593 718 652 794 5,
683 710 818 800 19),
856 715 1035 795 idque
1075 733 1205 775 eam
1242 713 1317 775 ob
1355 733 1610 793 causam,
1650 722 1719 775 ut
1754 715 2029 794 amicum,
2068 716 2165 775 cui
2194 713 2391 794 Nepos
2428 717 2489 775 in
2527 715 2897 796 temporibus

595 813 1023 876 constituendis
1063 820 1268 874 auctor
1304 806 1583 898 fuerat1),
1622 812 1693 873 ab
1733 814 1861 873 eius
1896 812 2139 873 leuitate
2170 821 2229 874 et
2268 813 2617 876 credulitate
2655 814 2728 876 ad
2767 833 2898 876 cer-

595 915 746 974 tiora
785 920 845 973 et
882 911 1258 990 diligentiora
1295 918 1622 971 reuocaret.
1672 911 1961 989 originem
2000 918 2198 971 autem
2234 912 2347 972 hoc
2376 912 2639 973 studium
2667 931 2701 973 a
2728 920 2899 991 patre

596 1010 834 1072 duxisse
881 1009 1138 1088 uidetur,
1187 1008 1260 1069 ad
1306 1026 1484 1088 quem
1520 1006 1594 1068 M.
1624 1007 1830 1070 Iunius
1870 1006 2266 1089 GracchanuS,
2314 1010 2488 1071 homo
2528 1012 2898 1091 antiquitatis

592 1110 1020 1189 peritissimuS,
1066 1107 1284 1168 librum
1332 1106 1405 1168 de
1453 1114 1811 1187 potestatum
1858 1108 1990 1168 iure
2036 1109 2282 1169 miserat
2319 1109 2477 1182 (Cic.
2516 1111 2593 1170 de
2638 1112 2751 1185 leq.
2790 1110 2909 1171 III

594 1208 700 1285 20,
737 1207 871 1282 49).
945 1205 1148 1267 Edidit
1203 1213 1399 1267 autem
1455 1204 1614 1267 filius
1670 1204 1889 1266 librum
1947 1224 2121 1267 suum
2168 1205 2699 1268 Alexandrinorum
2746 1204 2898 1288 χρό-

594 1326 756 1379 νους
809 1306 1074 1366 imitatus
1121 1323 1172 1364 a.
1207 1298 1462 1385 47s607
1510 1302 1610 1364 uel
1666 1305 1882 1385 inseq.;
1938 1322 2075 1364 nam
2130 1303 2336 1365 Cicero
2392 1306 2455 1365 in
2510 1304 2693 1367 Bruto
2750 1306 2899 1367 scri-

597 1403 789 1465 bendo
820 1396 900 1487 (a.
929 1399 1012 1465 47
1025 1398 1188 1483 [607
1230 1410 1484 1463 exeunte
1520 1401 1618 1463 uel
1654 1396 1911 1483 46s608
1950 1403 2211 1481 ineunte,
2250 1402 2370 1464 uid.
2410 1404 2473 1465 Ο.
2504 1406 2573 1464 Ε.
2606 1406 2899 1479 Schmidt,

599 1502 846 1579 Briefw.
878 1504 934 1563 d.
973 1502 1094 1563 Cic.
1117 1520 1186 1578 p.
1215 1501 1364 1561 316.
1394 1494 1556 1585 420)
1597 1499 1669 1560 ab
1708 1518 1777 1561 eo
1815 1506 1883 1561 ut
1918 1502 2245 1561 nouissimo
2283 1501 2590 1563 exorditur
2626 1510 2685 1562 et
2721 1521 2899 1581 saepe

595 1617 847 1661 numero
895 1597 969 1660 ad
1015 1617 1152 1659 eum
1199 1598 1370 1677 redit,
1417 1616 1554 1659 eum
1600 1605 1669 1659 ut
1714 1614 1917 1659 rerum
1962 1597 2358 1660 Romanarum
2412 1607 2713 1662 auctorem
2760 1600 2899 1661 reli-

598 1699 1001 1777 giosissimum
1039 1705 1099 1758 et
1139 1696 1659 1775 diligentissimum
1696 1695 1941 1757 laudans
1972 1697 2105 1773 (11,
2134 1698 2238 1759 44.
2277 1698 2337 1774 3,
2371 1699 2470 1758 14.
2520 1699 2598 1776 cf.
2631 1699 2733 1775 19,
2766 1699 2900 1774 74),

600 1814 788 1875 eoque
818 1795 1147 1857 enchiridio
1175 1796 1354 1856 etiam
1383 1798 1445 1855 in
1475 1796 1692 1855 ceteris
1722 1794 1909 1874 libris,
1938 1796 2039 1874 qui
2078 1795 2384 1857 subsecuti
2420 1805 2575 1875 sunt,
2616 1790 2900 1879 (maxime

599 1897 662 1955 in
710 1888 960 1978 Catone)
1010 1892 1433 1973 componendis
1483 1912 1627 1973 ,eum
1683 1912 1858 1954 usum
1913 1910 2047 1953 esse
2104 1902 2566 1955 consentaneum
2622 1904 2739 1974 est,
2788 1897 2902 1957 etsi

601 1994 882 2073 frequens
927 1991 1028 2053 illa
1075 1999 1410 2070 temporum
1455 1993 1677 2052 notatio
1725 1990 2035 2070 relanguit„

779 2085 1150 2171 ‘Explicatis'
1178 2091 1363 2169 igitur
1393 2087 1828 2168 ‘temporibus’,
1866 2098 1935 2150 ut
1970 2088 2178 2150 Cicero
2217 2093 2299 2151 ait
2333 2092 2393 2151 in
2436 2091 2617 2152 Bruto
2649 2093 2735 2168 (4,
2767 2093 2901 2172 15),

601 2189 701 2251 uel
739 2187 1132 2250 ‘conseruatis
1179 2184 1556 2268 notatisque’,
1593 2196 1663 2248 ut
1696 2190 1760 2248 in
1798 2196 2030 2248 oratore
2070 2189 2203 2265 (34,
2236 2189 2392 2263 120)
2408 2184 2479 2274 ²),
2516 2190 2747 2251 Atticus
2783 2208 2902 2251 uno

602 2290 664 2349 in
712 2294 1034 2366 conspectu
1080 2288 1284 2348 omnia
1331 2288 1531 2365 posuit
1567 2288 2020 2366 coniunctisque
2058 2305 2194 2347 cum
2232 2294 2566 2367 temporum
2604 2289 2905 2349 notatione

603 2385 913 2447 consulum
978 2383 1320 2446 nominibus
1385 2377 1534 2466 (non
1598 2385 1863 2445 omnium
1936 2391 2276 2463 praetorum
2350 2394 2453 2446 aut
2524 2385 2903 2447 tribunorum

603 2483 812 2564 plebis,
856 2483 919 2545 id
956 2482 1113 2563 quod
1149 2482 1476 2543 Mommsen
1524 2476 1832 2545 Chronol.²
1853 2501 1922 2560 p.
1953 2483 2083 2543 145
2131 2501 2202 2544 ex
2249 2486 2421 2563 epist.
2460 2486 2547 2547 ad
2580 2485 2701 2546 Au.
2732 2486 2916 2546 XIII

603 2583 711 2659 30,
738 2583 815 2655 2,·
850 2584 956 2657 32,
984 2583 1044 2643 3.
1091 2582 1260 2642 XVI
1297 2581 1424 2656 13⁶,
1453 2581 1495 2641 2
1544 2574 1885 2665 conclusit),
1940 2580 2338 2661 breuitatique
2392 2584 2475 2643 ita
2530 2582 2782 2662 studuit,
2836 2592 2906 2645 ut

605 2700 724 2741 uno
769 2679 922 2740 libro
971 2673 1173 2739 totam
1197 2681 1544 2740 memoriam
1592 2678 1914 2758 colligaret,
1963 2675 2134 2739 ‘nihil
2182 2698 2318 2740 cum
2362 2680 2595 2741 illustre
2640 2689 2905 2761 praeter-

604 2780 886 2857 mitteret,
925 2779 1330 2857 septingentos
1368 2795 1555 2837 annos
1591 2777 1896 2857 complexo
1914 2772 1929 2797 ’
1959 2780 2073 2852 (or.
2104 2778 2209 2854 34,
2239 2778 2417 2857 120),
2449 2812 2531 2821 —-·
2563 2778 2722 2841 unde
2762 2799 2905 2859 quo-

607 2879 766 2937 niam
810 2874 1058 2936 Romam
1104 2874 1400 2936 conditam
1449 2893 1581 2936 esse
1628 2874 1839 2937 maluit
1882 2875 2231 2956 olympiadis
2279 2885 2479 2937 sextae
2528 2896 2681 2939 anno
2728 2880 2907 2939 tertio

611 2969 707 3058 (ε
740 2969 868 3035 753
918 2992 965 3034 a.
1005 2971 1141 3034 Chr.
1179 2990 1235 3033 n.
1269 2974 1354 3051 fr.
1395 2967 1485 3057 2),
1533 2972 1605 3034 ad
1645 2992 1781 3035 eum
1828 2976 2023 3053 ipsum
2072 2992 2319 3055 annum,
2376 2994 2492 3054 quo
2549 2976 2679 3037 eius
2726 2980 2908 3037 conti-

610 3072 806 3135 ciendi
854 3070 1169 3133 consilium
1205 3090 1344 3132 eum
1383 3074 1614 3151 cepisse
1653 3071 1860 3133 Cicero
1902 3080 2122 3153 narrat,
2160 3091 2543 3153 progressum
2590 3093 2727 3135 eum
2774 3094 2909 3137 esse

611 3172 807 3233 elucet
843 3204 928 3213 —
967 3170 1145 3249 idque
1193 3188 1312 3231 non
1360 3169 1550 3231 solum
1600 3172 1863 3232 omnium
1911 3187 2115 3232 rerum
2160 3170 2557 3233 Romanarum
2604 3182 2664 3233 et
2707 3172 2909 3252 legum

611 3278 670 3331 et
715 3288 926 3349 pacum
975 3276 1034 3328 et
1078 3267 1368 3329 bellorum
1426 3277 1486 3329 et
1536 3286 1738 3329 rerum
1791 3268 2113 3331 illustrium
2160 3278 2336 3349 atque
2384 3269 2719 3349 Apollodori
2766 3270 2909 3333 Cor-

610 3367 870 3447 neliique
916 3365 1160 3445 Nepotis
1206 3366 1542 3447 exemplum
1597 3375 1839 3428 secutus
1889 3369 2047 3442 (Cio.
2086 3371 2173 3429 ad
2214 3369 2335 3429 Att.
2375 3369 2519 3431 XII
2546 3370 2652 3445 23,
2679 3370 2738 3429 2.
2785 3370 2908 3432 uid.

613 3468 914 3528 Susemikl
971 3466 1401 3527 Griechealex.
1442 3466 1581 3527 Litt.
1614 3466 1694 3526 II
1714 3484 1783 3543 p.
1814 3465 1929 3540 38)
1968 3465 2301 3527 litterarum
2340 3467 2448 3544 (fr.
2478 3468 2548 3542 5)
2588 3467 2691 3529 sed
2730 3470 2909 3529 etiam

610 3618 865 3685 indulsit,
901 3633 1083 3687 neque
1112 3635 1147 3672 a
1173 3634 1263 3673 me
1291 3616 1594 3688 impetrare
1630 3634 1879 3689 possum,
1916 3621 1983 3674 ut
2018 3619 2271 3674 Atticum
2308 3620 2562 3675 leuitatis
2599 3620 2661 3675 in
2696 3620 2910 3691 eligen-

613 3699 702 3755 dis
748 3697 1073 3753 auctoribus
1117 3696 1562 3753 insimulandum
1607 3715 1730 3754 esse
1776 3701 2079 3755 concedam
2118 3717 2357 3770 eumque
2396 3718 2568 3769 quam
2604 3700 2814 3757 Catone
2852 3704 2913 3757 et

612 3779 850 3848 Polybio
887 3776 1248 3833 inferioribus
1286 3781 1346 3833 et
1379 3778 1625 3833 turbatis
1664 3779 1965 3834 annalibus
2006 3779 2093 3834 uti
2129 3780 2397 3837 maluisse
2434 3785 2507 3851 (p.
2540 3788 2609 3837 68
2630 3784 2771 3853 sqq.)
2808 3785 2912 3837 aut

618 3858 1071 3914 ‘commentarios
1108 3858 1392 3928 antiquos’
1435 3858 1520 3929 (fr.
1553 3862 1604 3929 5)
1642 3859 1899 3929 talesque
1936 3859 2305 3915 auctoritates
2343 3878 2456 3915 non
2496 3878 2631 3915 suae
2669 3860 2911 3932 diligen-

613 3938 732 3994 tiae
771 3938 867 3993 sed
896 3937 1165 3993 Varronis
1203 3938 1494 3994 doetrinae
1530 3939 1793 3994 debuisse
1830 3942 1905 4011 (p.
1937 3946 2006 3996 60
2024 3956 2147 4011 sqq
2188 3941 2257 3996 cf.
2287 3941 2435 3995 infra
2472 3960 2526 4011 p.
2556 3960 2664 3995 xxv
2687 3945 2808 4010 eq..)

798 4020 851 4089 1)
887 4017 953 4073 V.
983 4018 1134 4075 infra
1168 4038 1223 4089 p.
1255 4042 1306 4075 ιι
1317 4036 1393 4089 sq.

795 4100 850 4171 2)
887 4116 1209 4155 conseruare
1255 4100 1328 4154 ad
1376 4098 1631 4155 ordinem
1674 4099 1938 4170 pertinet,
1976 4100 2047 4155 ef.
2076 4100 2190 4156 Cic.
2220 4100 2291 4157 de
2328 4118 2405 4156 or.
2435 4101 2488 4155 Π
2522 4106 2611 4169 80,
2640 4107 2770 4157 329:
2808 4105 2915 4159 erit

617 4186 796 4237 amem
834 4182 1132 4251 perspicua
1181 4181 1460 4248 narratio,
1505 4182 1557 4235 si
1599 4181 1783 4236 uerbis
1825 4182 2074 4248 usitatis,
2119 4183 2170 4236 si
2213 4182 2407 4238 ordine
2448 4188 2751 4251 temporum
2786 4200 2915 4239 eon—

615 4266 852 4328 eeruatn,
886 4264 938 4317 εἰ
971 4278 1088 4317 non
1123 4264 1426 4331 interrupte
1459 4262 1804 4317 rimabitur.
