3234 5034
1121 314 1400 369 MARJVS
1438 312 1783 369 MAXIMVS
2323 318 2604 367 CLXXXV

289 484 613 562 imperium
670 480 894 542 Marius
948 481 1238 543 Maximus
1305 480 1560 561 epistula
1625 483 1849 543 inserta
1918 481 2193 544 docuisse
2256 482 2373 543 sibi
2434 486 2607 546 uisus

293 589 385 642 est
444 580 563 657 (fr.
605 579 742 654 18).
817 598 969 659 quae
1029 578 1102 640 de
1157 580 1446 659 Septimio
1504 579 1731 641 Senem
1788 580 2117 658 fragmenta
2174 582 2303 641 eius
2364 580 2436 641 ad
2496 600 2607 643 nos

290 686 722 757 peruenerunt,
768 676 839 737 ad
887 684 1138 738 stemma
1183 695 1551 757 uxoremque
1598 677 1809 738 Iuliam
1849 677 2138 739 Domnam
2184 686 2247 739 et
2291 678 2363 739 ad
2409 687 2606 759 tyran-

293 794 400 837 nos
457 775 788 837 debellatos
841 778 1146 855 pertinent
1192 777 1300 854 (fr.
1342 776 1656 855 19—25),
1722 775 1827 837 sed
1890 775 1991 837 uel
2055 794 2128 838 ex
2173 776 2269 837 his
2335 796 2471 837 eum
2534 776 2609 839 ad

292 874 826 954 reprehensionem
891 873 1214 935 inclinasse
1267 873 1544 935 uidemus
1553 919 1572 952 ,
1634 893 1771 935 cum
1842 876 2265 953 imperatorem
2322 874 2609 955 perfidiae

293 971 606 1033 cuiusdam
672 974 736 1033 in
801 970 1178 1033 aduersarios
1242 971 1623 1033 insimularet
1686 972 2170 1051 seueritatisque,
2226 991 2343 1052 qua
2400 991 2608 1033 eorum

293 1069 623 1130 seditiones
667 1069 1053 1131 uindicasset.
1128 1069 1288 1131 idem
1324 1068 1532 1131 Dionis
1581 1068 1655 1131 de
1702 1089 1771 1131 ea
1815 1078 1985 1150 parte
2031 1072 2273 1149 imperii
2319 1070 2608 1132 iudicium

292 1169 422 1247 suit,
471 1170 648 1229 cuius
695 1169 944 1247 aequius
991 1175 1190 1229 tamen
1239 1166 1311 1228 de
1359 1167 1520 1249 aliis;
1569 1167 1785 1247 quodsi
1831 1170 2009 1229 etiam
2049 1167 2350 1247 Spartiani
2388 1168 2461 1231 de
2497 1168 2611 1229 boc

295 1268 526 1328 fautore
589 1266 866 1343 militum,
920 1266 1168 1326 inimico
1219 1273 1462 1327 senatus
1519 1264 1838 1343 dubitauit,
1899 1265 2013 1325 hoc
2059 1284 2090 1326 a
2136 1266 2391 1327 Maximo
2440 1284 2611 1346 repe-

293 1372 510 1443 temus,
559 1382 738 1443 quem
783 1362 1232 1442 Heliogabalum
1279 1365 1664 1425 infamantem
1705 1366 1821 1443 (fr.
1853 1357 2036 1448 26)1)
2076 1372 2136 1425 et
2180 1364 2431 1426 meliore
2477 1368 2609 1426 iure

293 1461 648 1523 hereditatis
705 1460 1039 1524 Caracallae
1095 1461 1419 1524 succedere
1478 1460 1756 1523 debuisse
1812 1461 2212 1524 Alexandrum
2268 1471 2612 1524 narrantem

295 1562 417 1638 (fr.
446 1561 565 1635 20)
599 1560 742 1621 huic
780 1560 1002 1623 fauisse
1042 1580 1114 1621 ex
1153 1563 1258 1639 eia,
1297 1578 1449 1640 quae
1489 1562 1606 1621 iam
1646 1561 2045 1639 exposuimuS,
2084 1562 2229 1621 satis
2267 1559 2613 1640 explicatur.

478 1656 742 1719 Consilio
807 1676 920 1719 nos
992 1657 1186 1719 adbuc
1259 1660 1416 1719 intra
1480 1676 1548 1719 ea
1615 1658 2021 1719 continuimus
2028 1705 2047 1738 ,
2127 1676 2279 1738 quae
2347 1658 2417 1719 de
2481 1660 2613 1736 ipso

295 1758 593 1836 scriptore
646 1758 909 1817 uitarum
965 1758 1292 1817 memoriae
1347 1756 1565 1817 tradita
1622 1764 1763 1817 sunt
1816 1755 1915 1816 uel
1968 1775 2041 1817 ex
2087 1758 2219 1818 eius
2264 1755 2614 1835 fragmentis

295 1856 432 1914 erui
507 1861 847 1933 potuerunt.
935 1852 1039 1913 sed
1115 1854 1294 1914 etiam
1367 1853 1707 1934 complures
1784 1852 2109 1915 dicationes
2182 1856 2245 1915 in
2318 1852 2615 1933 lapidibus

295 1953 584 2029 (Pr-0⁸01).
615 1953 776 2028 IIp.
816 1952 951 2012 346
987 1971 1046 2012 n.
1085 1952 1246 2026 233)
1296 1951 1368 2013 ad
1417 1970 1528 2012 nos
1574 1959 1985 2031 peruenerunt
2030 1969 2274 2013 cursum
2321 1951 2615 2012 honorum

293 2050 474 2111 Marii
517 2048 758 2110 Maximi
805 2048 1114 2110 cuiusdam
1162 2048 1432 2111 eiusdem
1481 2050 1769 2129 temporis
1817 2057 2237 2111 enumerantes
2278 2057 2339 2111 et
2375 2047 2617 2110 Cassius

293 2147 410 2209 Dio
465 2148 834 2227 praesectum
889 2146 1058 2208 urbis
1105 2146 1178 2208 ab
1226 2146 1457 2227 Opellio
1504 2146 1768 2208 Macrino
1824 2149 1888 2208 in
1934 2146 2130 2208 locum
2177 2146 2431 2209 Aduenti
2478 2146 2616 2207 sub-

295 2248 578 2307 stitutum
627 2246 756 2305 eius
803 2246 1062 2305 nominis
1107 2254 1404 2307 memorat
1441 2244 1578 2321 (78,
1619 2245 1724 2324 14,
1760 2247 1805 2305 3
1815 2266 1840 2318 ;
1876 2245 1982 2325 36,
2012 2247 2069 2307 1.
2121 2245 2223 2322 79,
2252 2246 2313 2322 2,
2342 2246 2383 2306 2
2410 2238 2615 2329 842¹)

294 2345 471 2423 atqui
503 2345 570 2402 in
607 2342 1018 2422 copiosissimo
1058 2341 1298 2421 quidem
1351 2343 1522 2404 titulo
1561 2336 1631 2427 (1
1665 2362 1679 2403 :
1718 2344 1777 2404 C.
1809 2344 1859 2403 I.
1890 2343 1958 2403 L.
1995 2344 2085 2404 VI
2114 2345 2151 2403 1
2192 2362 2251 2404 n.
2282 2337 2487 2427 1450)
2530 2342 2617 2403 di·

297 2443 464 2503 citur
522 2440 586 2501 L.
623 2438 846 2500 Marius
892 2439 956 2500 L.
994 2440 1032 2499 Γ.
1079 2440 1371 2502 Maximus
1427 2440 1764 2520 Perpetuus
1818 2440 2174 2502 Aurelianus
2224 2440 2430 2502 lllluir
2493 2442 2617 2501 uia·

293 2558 442 2601 rum
488 2537 914 2616 curandarum,
960 2538 1239 2600 tribunus
1295 2538 1633 2601 laticlauius
1680 2537 1933 2617 legionis
1987 2537 2147 2599 XXII
2203 2539 2618 2617 Primigeniae,

293 2640 450 2699 item
511 2638 722 2697 tertiae
777 2634 1042 2714 Italicae,
1089 2645 1372 2715 quaestor
1425 2635 1719 2716 urbanus,
1776 2636 2053 2698 tribunus
2115 2636 2195 2717 pl.
2251 2635 2619 2715 candidatus,

293 2734 554 2797 allectus
608 2736 768 2795 inter
821 2736 1182 2813 praetorioS‚
1239 2741 1480 2796 curator
1532 2736 1622 2797 rei
1667 2754 1725 2815 p.
1764 2734 2249 2815 Fauentinorum,
2293 2738 2437 2796 item
2482 2736 2619 2795 uiae

293 2833 568 2909 Latinae,
615 2830 846 2911 legatus
881 2834 1113 2911 primae
1155 2831 1411 2911 legionis
1449 2831 1689 2893 Italicae
1730 2830 1819 2910 [in
1858 2832 2125 2911 Moesia],
2165 2832 2283 2893 dux
2323 2834 2619 2895 exercitus

291 2930 553 3010 Mysiaci
602 2928 666 3007 [i.
705 2948 757 2991 e.
793 2928 1100 3008 Moesiaci]
1158 2929 1315 3009 apud
1369 2929 1717 3010 Byzantium
1778 2928 1909 3008 [ubi
1964 2937 2171 2991 contra
2220 2929 2620 2991 Pescennium

293 3048 360 3091 a.
399 3022 546 3089 195.
589 3023 718 3089 196
765 3046 864 3089 res
910 3036 1077 3107 gesta
1123 3026 1240 3105 est]
1299 3035 1360 3088 et
1406 3026 1564 3108 apud
1609 3027 2008 3106 Lugudunum
2057 3026 2187 3105 [ubi
2236 3035 2441 3089 contra
2488 3025 2619 3087 Clo-

295 3126 474 3187 dium
529 3125 807 3187 Albinum
855 3144 905 3187 a.
946 3121 1132 3205 197],
1179 3126 1408 3205 legatus
1453 3126 1857 3204 Augustorum
1912 3125 2165 3187 duorum
2213 3124 2277 3204 [i.
2317 3144 2367 3186 e.
2408 3124 2622 3187 Seueri

293 3233 374 3286 et
420 3222 751 3285 Caracallae
799 3242 848 3284 a.
891 3219 1291 3302 198—209J,
1337 3242 1507 3305 prou.
1553 3223 1850 3303 Belgicae,
1898 3222 2251 3285 Germaniae
2296 3224 2621 3299 inferioris,

293 3323 517 3401 Syriae
565 3320 801 3400 Coelae,
849 3321 1128 3383 sacerdos
1173 3322 1418 3402 fetialis,
1457 3304 1732 3383 ‘consuL'
1800 3323 1865 3383 in
1921 3322 2129 3383 eodem
2176 3330 2375 3383 autem
2419 3328 2621 3382 monte

295 3419 512 3481 Caelio
559 3421 738 3480 etiam
785 3428 912 3481 tres
959 3419 1060 3480 alii
1104 3419 1263 3481 tituli
1308 3422 1543 3481 inuenti
1589 3427 1730 3481 sunt
1776 3437 1912 3481 cum
1960 3422 2224 3499 quinque
2270 3418 2389 3479 illis
2431 3420 2621 3480 nomi-

289 3516 508 3596 nibuS,
553 3519 616 3577 in
665 3535 918 3597 quorum
955 3536 1076 3579 uno
1117 3525 1210 3579 est
1243 3535 1487 3597 praeses
1524 3518 1872 3597 prouinciae
1908 3518 2213 3597 inferioris
2244 3509 2315 3600 (2
2345 3537 2360 3577 ε
2398 3518 2457 3579 C.
2482 3518 2530 3577 I.
2552 3516 2621 3578 L.

310 3616 417 3676 VJ
447 3616 487 3675 1
525 3634 584 3676 n.
615 3609 840 3699 1451),
887 3618 948 3676 in
997 3615 1183 3677 altero
1239 3633 1349 3695 pro
1408 3614 1653 3676 consule
1698 3633 1866 3694 prou.
1903 3615 2163 3695 Africae,
2219 3623 2347 3676 tum
2401 3616 2623 3675 iterum

494 3831 544 3900 1)
581 3830 868 3901 Lamprid.
897 3831 998 3885 uit.
1029 3830 1252 3903 Heliog.
1284 3836 1370 3897 80,
1399 3835 1432 3885 8
1490 3831 1597 3886 Sed
1633 3838 1685 3887 et
1718 3832 1851 3885 haec
1886 3838 1935 3886 et
1981 3832 2100 3885 alia
2143 3830 2418 3885 nonnulla
2461 3830 2625 3898 fidem

291 3913 664 3967 tramamtia
713 3912 872 3965 eredo
918 3928 1028 3967 esec
1061 3912 1192 3979 fieta
1229 3912 1300 3967 ab
1337 3912 1404 3979 is,
1442 3914 1541 3980 qui
1575 3913 1640 3965 in
1676 3913 1918 3981 qratiam
1946 3911 2263 3965 Alexandri
2289 3910 2624 3981 Heliogaba-

293 3994 425 4049 lum
463 3990 770 4057 defomare
807 3992 1121 4047 uoluerunt.

492 4072 545 4140 2)
581 4069 704 4125 Ηοο
741 4087 910 4141 opere
947 4072 1315 4142 comparandi
1344 4070 1708 4141 supersedere
1734 4070 2041 4141 potuimus,
2071 4072 2121 4125 si
2148 4072 2298 4125 recte
2326 4070 2624 4125 Leerivein

295 4150 546 4223 (Etudes
593 4168 690 4205 sur
732 4149 1010 4206 l’histoire
1059 4152 1312 4223 Auguste
1355 4170 1410 4223 p.
1451 4155 1555 4205 198
1586 4152 1729 4221 sqq.)
1776 4149 2155 4221 biographum
2214 4151 2452 4204 eundem
2501 4166 2623 4205 esse

297 4236 486 4301 atque
532 4230 686 4285 hunc
729 4231 986 4301 lapidum
1029 4234 1308 4302 negasset.
1387 4234 1724 4301 argumenta.
1770 4232 1961 4285 tamen
2011 4230 2133 4285 eius
2178 4229 2337 4284 nulla
2375 4232 2525 4299 sunt,
2561 4230 2625 4283 id

294 4312 462 4383 quod
501 4312 604 4379 eis,
641 4328 791 4381 quae
827 4328 998 4383 supra
1034 4313 1255 4384 scripsi,
1294 4313 1435 4368 satis
1475 4310 1791 4382 apparebit.
