3234 5034
583 357 826 405 cmnnl
1077 336 1174 392 DE
1212 336 1675 395 SCRIPTORVM
1712 338 1897 393 VITIS
1936 338 2029 393 ΕΤ
2068 337 2386 395 SCRIPTIS

582 506 681 567 uel
746 505 1002 568 Seruilio
1067 505 1335 567 Noniano
1399 506 1497 568 uel
1563 526 1697 568 cum
1764 510 1853 567 eis
1910 507 2306 569 nominandus
2364 508 2501 589 l’uit.;
2558 507 2885 569 claritatem

585 614 781 665 autem
847 607 1045 685 operis
1111 624 1247 665 eum
1309 614 1610 685 spectasse
1669 608 1773 685 qui
1830 609 2205 667 continuaret
2258 614 2725 667 consentaneum
2782 615 2887 684 est,

582 706 968 783 omniumque
1027 706 1356 764 recentium
1413 712 1724 765 auctorum
1791 704 2345 783 eloquentissimum
2403 722 2453 765 a.
2502 700 2756 787 98f851
2817 704 2887 765 ab

583 804 714 881 ipso
762 800 968 861 Tacito
1014 800 1261 862 Fabium
1309 800 1620 863 Rusticum
1670 801 2075 883 praedicatum
2121 822 2254 863 esse
2302 821 2482 883 supra
2526 801 2809 863 uidimus

763 899 978 961 Verum
1039 908 1232 960 tamen
1288 899 1466 961 Fabia
1525 903 1618 977 (p.
1658 902 1791 961 400
1816 904 1932 977 sq.)
1990 908 2050 962 et
2105 901 2334 962 Gercke
2383 903 2475 978 (p.
2514 900 2675 975 262)
2733 899 2889 961 haud

586 1000 665 1058 ita
715 1000 916 1076 magni
963 997 1208 1059 Fabium
1249 1018 1282 1059 a
1318 998 1524 1059 Tacito
1571 1001 1946 1060 aestimatum
1993 1008 2169 1079 atque
2218 998 2429 1060 Cluuio
2464 986 2779 1077 plinioque
2826 1002 2888 1058 in

583 1095 896 1157 annalibus
943 1096 1344 1176 posthabitum
1393 1115 1526 1157 esse
1567 1096 1835 1157 arbitrati
1874 1105 2029 1158 sunt.
2105 1106 2164 1158 at
2200 1096 2260 1157 id
2299 1099 2513 1176 ipsum,
2552 1096 2712 1176 quod
2750 1097 2889 1159 huic

581 1196 852 1274 opinioni
907 1194 1106 1255 fauere
1151 1193 1411 1274 uidetur,
1467 1197 1691 1256 rectius
1738 1213 1847 1275 pro
1894 1196 2023 1257 eius
2072 1196 2421 1256 auctoritate
2470 1194 2886 1274 explicandum

584 1301 690 1353 est„
756 1294 1039 1353 nimirum
1079 1291 1235 1372 quod
1273 1294 1334 1353 in
1375 1292 1685 1354 annalibus
1730 1312 1851 1355 non
1898 1300 2032 1354 ante
2072 1292 2201 1353 XIII
2239 1289 2328 1354 20
2374 1312 2511 1355 eum
2556 1296 2890 1355 nominauit

583 1393 832 1471 eiusque
889 1390 1333 1451 inclinationem
1391 1390 1463 1451 ad
1520 1390 1782 1452 Senecae
1839 1390 2043 1451 laudes
2100 1390 2511 1470 reprehendit,
2566 1409 2758 1471 usque
2814 1392 2887 1452 ad

583 1490 743 1550 hunc
790 1489 988 1550 locum
1043 1488 1370 1549 inoffensus
1429 1508 1564 1549 eum
1613 1496 1853 1550 secutus
1902 1491 2081 1550 etiam
2127 1487 2386 1550 Burrum
2434 1508 2467 1549 a
2511 1490 2885 1569 praefectura

583 1590 868 1668 praetorii
926 1586 1242 1648 demouere
1300 1586 1598 1648 Neronem
1648 1585 2041 1648 destinauisse
2094 1596 2469 1667 narrauerat,
2530 1606 2664 1649 cum
2732 1587 2889 1667 apud

581 1685 840 1747 Plinium
879 1693 938 1746 et
966 1684 1259 1764 Cluuium,
1289 1704 1438 1765 quos
1477 1685 1852 1765 comparabat
1882 1686 1969 1757 (u.
1996 1704 2044 1746 s.
2067 1704 2129 1762 p.
2155 1704 2221 1745 σι,
2232 1706 2293 1745 m
2304 1687 2481 1764 sqq),
2508 1685 2794 1764 praefecti
2824 1688 2887 1746 in

585 1803 652 1845 ea
708 1802 885 1845 causa
933 1786 1295 1844 mentionem
1353 1801 1473 1843 non
1531 1801 1664 1843 esse
1722 1784 1933 1844 factam
1979 1785 2213 1844 inuenit
2259 1774 2377 1865 (sic
2425 1792 2587 1843 recte
2636 1782 2888 1863 Nipper-

587 1882 755 1944 deius
820 1884 1246 1961 interpretatus
1310 1874 1432 1965 est)
1501 1888 1562 1941 et
1624 1882 1778 1942 hanc
1840 1882 2241 1960 occasionem,
2297 1900 2413 1961 qua
2467 1883 2729 1960 primum
2789 1881 2888 1942 illa

583 1980 888 2041 inclinatio
929 1979 1266 2060 apparebat,
1305 1981 1572 2059 arripuit,
1612 1987 1680 2040 ut
1716 1981 2023 2058 rationem,
2062 1997 2177 2059 qua
2216 1978 2479 2040 sontibus
2517 1998 2662 2040 usus
2709 1988 2891 2059 esset,

587 2085 912 2159 exponeret
966 2085 1026 2138 et
1083 2077 1442 2139 defenderet.
1517 2085 1682 2138 certe
1728 2076 1973 2138 Fabium
2022 2095 2055 2138 a
2100 2076 2305 2138 Tacito
2360 2097 2479 2139 non
2534 2096 2669 2139 esse
2714 2097 2889 2158 sepo-

548 2247 563 2263 ·
585 2179 766 2239 situm
814 2179 990 2238 etiam
1040 2174 1269 2238 Gercke
1305 2195 1372 2254 p.
1401 2177 1534 2237 267
1561 2194 1685 2252 sqq.
1734 2173 2031 2253 concedit,
2076 2173 2182 2236 ubi
2227 2194 2345 2236 non
2394 2175 2585 2237 solum
2632 2184 2888 2237 mortem

586 2276 847 2337 Senecae
903 2274 1233 2336 secundum
1291 2294 1424 2335 eum
1473 2282 1770 2335 narratam
1828 2292 1959 2334 esse
2008 2274 2142 2349 (15,
2176 2274 2469 2348 60-65)
2518 2273 2893 2335 demonstrat

583 2373 690 2435 sed
738 2375 914 2434 etiam
964 2373 1108 2434 alias
1157 2370 1438 2452 quasdam
1478 2390 1574 2433 res
1613 2391 1749 2433 cum
1788 2390 1856 2432 ea
1894 2374 2235 2433 narratione
2278 2372 2682 2450 cohaerenteS,
2722 2371 2897 2433 uelut

589 2466 689 2551 15,
716 2466 803 2533 45
840 2490 1139 2533 uenenum
1178 2473 1296 2531 iam
1344 2489 1392 2531 a.
1423 2466 1674 2552 64s817
1721 2470 1981 2532 Senecae
2018 2479 2291 2550 paratum
2330 2467 2671 2531 ‘tradidisse
2708 2489 2895 2550 quos·

587 2566 762 2645 dam',
817 2577 919 2631 aut
977 2565 1077 2647 15,
1116 2565 1202 2629 23
1262 2568 1332 2630 de
1390 2568 1673 2648 periculis
1727 2568 2025 2629 Thraseae
2080 2566 2470 2647 gliscentibus
2518 2565 2897 2629 ‘adnotatum

586 2664 760 2747 esse',
807 2676 985 2748 atque
1033 2668 1104 2729 de
1153 2667 1444 2748 colloquio
1483 2666 1745 2729 Senecae
1784 2660 1983 2751 (Fabii
2020 2660 2224 2750 amici)
2274 2674 2335 2727 et
2370 2664 2625 2727 Neronis
2674 2663 2895 2728 ‘serri'.

763 2765 968 2845 Neque
1023 2776 1220 2827 tamen
1277 2784 1372 2827 me
1427 2765 1580 2845 fugit
1632 2765 2029 2846 probabiliora
2074 2766 2221 2827 haec
2266 2764 2415 2825 mihi
2461 2763 2654 2829 uideri
2702 2783 2897 2845 quam

585 2882 736 2944 quae
783 2863 975 2925 adhuc
1021 2864 1249 2943 prolata
1296 2873 1451 2943 sunt,
1499 2884 1618 2926 non
1664 2872 1844 2925 certa.
1916 2863 2025 2925 sed
2071 2865 2176 2943 qui
2214 2881 2495 2924 assensus
2532 2864 2663 2941 erit,
2700 2865 2897 2925 etiam

584 2964 819 3024 initium
867 2964 1069 3041 operis
1114 2962 1358 3023 Fabiani
1404 2971 1643 3024 erutum
1680 2981 1811 3023 esse
1850 2962 2023 3024 dicet.
2099 2979 2237 3023 nam
2275 2963 2325 3023 si
2362 2960 2604 3023 Tacitus
2642 2978 2897 3024 manum

586 3060 657 3121 ab
731 3061 978 3121 historia
1052 3078 1254 3122 rerum
1329 3068 1462 3140 post
1522 3079 1778 3140 pugnam
1844 3061 2143 3121 Actiacam
2208 3078 2399 3139 usque
2464 3059 2538 3120 ad
2600 3058 2901 3123 kalendas

585 3178 634 3221 a.
663 3154 922 3240 69s822
978 3167 1306 3239 gestarum,
1363 3158 1521 3238 quod
1575 3158 1791 3219 Fabius
1844 3156 2127 3219 Rusticus
2192 3176 2323 3219 eam
2388 3164 2760 3238 occupasset,
2814 3178 2901 3221 se

584 3257 948 3319 abstinuisse
1003 3258 1066 3318 in
1124 3259 1426 3338 prooemio
1481 3256 1863 3317 historiarum
1918 3256 2228 3337 professus
2288 3264 2405 3335 est,
2458 3255 2619 3317 hunc
2664 3254 2736 3317 ab
2782 3254 2899 3319 illa

585 3374 784 3436 pugna
828 3356 1160 3436 profectum
1217 3374 1347 3416 esse
1403 3357 1676 3435 sequitur
1732 3372 1925 3434 neque
1972 3354 2294 3435 quidquam
2344 3354 2607 3433 obstare,
2654 3358 2899 3433 quomi-

585 3473 700 3515 nus
763 3456 882 3515 iam
939 3461 1074 3515 ante
1129 3453 1384 3514 Neronis
1438 3454 1759 3533 imperium
1815 3472 1951 3515 eum
2007 3474 2039 3515 a
2094 3452 2301 3515 Tacito
2356 3451 2685 3514 adhibitum
2748 3471 2901 3517 esse

585 3571 952 3614 censeamus.
1026 3552 1325 3613 neminem
1371 3552 1611 3631 quidem
1653 3569 1853 3613 rerum
1892 3553 2247 3631 scriptorem
2284 3570 2475 3632 usque
2514 3550 2588 3614 ad
2623 3549 2753 3612 XIII
2792 3548 2901 3614 20

584 3654 650 3711 in
697 3649 1007 3711 annalibus
1044 3656 1281 3728 praeter
1316 3649 1572 3710 Plinium
1615 3646 2127 3711 ‘Germanicorum
2164 3650 2455 3712 bellorum
2505 3650 2901 3729 scriptorem’

587 3749 676 3825 (1,
715 3748 848 3827 69),
905 3755 1034 3808 tum
1097 3747 1348 3827 singulis
1412 3747 1558 3808 locis
1613 3748 1839 3809 Tiberii
1892 3750 2194 3811 orationes
2254 3757 2315 3810 et
2377 3748 2607 3810 litteras
2654 3750 2741 3824 (1,
2775 3748 2901 3813 81.

587 3847 646 3923 6,
685 3847 773 3925 6),
821 3854 946 3907 acta
997 3845 1206 3906 diurna
1255 3847 1343 3921 (3,
1379 3846 1471 3926 3),
1517 3848 1975 3909 commentarios
2022 3849 2379 3928 Agrippinae
2434 3846 2591 3909 filiae
2637 3848 2723 3923 (4,
2764 3849 2901 3923 53)

586 3946 922 4005 nominatos
969 3962 1100 4005 esse
1139 3952 1386 4006 constat.

763 4041 1009 4104 Praeter
1053 4042 1324 4105 Tacitum
1369 4061 1554 4106 unum
1600 4043 1768 4105 Fabii
1822 4043 2109 4106 indicium
2165 4044 2322 4125 apud
2374 4044 2721 4104 Suetonium
2780 4043 2906 4105 ha-

587 4141 799 4203 bemus
829 4143 984 4215 (uid.
1015 4144 1158 4203 adn.
1190 4146 1278 4203 ad
1304 4142 1390 4219 fr.
1419 4142 1508 4222 2),
1537 4142 1695 4205 unde
1734 4142 1895 4205 Mace
1934 4146 2143 4217 (Essai
2176 4162 2288 4205 sur
2325 4144 2591 4204 Suetone
2622 4162 2691 4219 p.
2717 4142 2905 4219 368)

588 4258 663 4300 ex
709 4239 821 4300 boc
869 4241 1030 4300 sonte
1077 4239 1346 4301 Tacitum
1403 4242 1586 4301 uitam
1636 4240 1887 4301 Neronis
1932 4241 2201 4302 hausisse
2256 4239 2652 4301 confidentius
2706 4259 2913 4320 quam

586 4336 952 4418 probabilius
999 4340 1220 4399 statuit.
1295 4338 1402 4399 sed
1447 4339 1564 4399 iam
1612 4348 1748 4400 ante
1795 4358 1930 4400 eum
1977 4339 2223 4401 Fabium
2270 4341 2323 4400 si
2378 4358 2496 4400 non
2542 4341 2911 4405 nominasse
