3234 5034
1117 315 1497 371 MVNATIVS
1536 316 1773 371 RVFVS
2406 336 2605 383 Lvml

294 487 616 546 storiarum
667 484 842 563 longe
879 483 1049 545 abest
1084 502 1278 563 neque
1317 483 1643 563 quidquam
1682 483 1755 545 ad
1795 502 1894 545 eas
1932 482 2358 563 intellegendas
2405 484 2604 563 affert3

293 581 438 643 illud
495 583 762 645 sufficiet
817 600 952 643 eum
961 629 980 662 ,
1035 602 1172 644 cum
1219 602 1270 643 a.
1307 578 1558 662 43s711
1611 583 1983 661 proscriptus
2039 581 2113 641 ad
2160 581 2217 642 S.
2254 581 2603 661 Pompeium

291 682 574 761 fugisset,
629 688 760 742 tum
813 689 951 759 post
1002 698 1210 760 pacem
1265 679 1665 741 Misenensem
1720 678 1792 740 ad
1847 678 2237 741 Octauianum
2292 681 2605 741 transisset

291 787 469 858 atque
529 781 596 840 in
653 797 850 858 pugna
902 778 1141 839 Actiaca
1197 779 1440 839 sinistro
1497 780 1630 839 eius
1687 795 1871 838 cornu
1930 776 2185 838 feliciter
2228 778 2601 857 praefuisset,

291 886 428 957 post
473 876 852 938 consulatum
899 896 949 938 a.
984 872 1232 959 17s‘13‘1
1285 878 1464 937 etiam
1500 875 2041 955 quindecimuirum
2082 876 2269 936 sacris
2308 874 2603 937 faciundis

290 974 496 1053 fuisse,
538 974 599 1034 id
639 973 800 1053 quod
835 975 898 1034 in
937 976 1086 1035 actis
1125 973 1400 1035 ludorum
1447 974 1840 1035 saecularium
1889 974 2169 1051 (Prosop.
2208 976 2244 1035 l.
2282 976 2361 1048 s.)
2411 981 2604 1035 exstat

289 1074 638 1151 optimeque
696 1090 834 1133 cum
888 1073 1257 1152 antiquitatis
1312 1074 1444 1134 eius
1497 1071 1695 1133 studio
1742 1073 2058 1151 conspirat.
2132 1080 2267 1151 post
2314 1071 2601 1133 Senecam

287 1170 524 1231 Plinius
561 1172 626 1230 in
665 1170 871 1231 histor.
905 1178 1022 1231 nat.
1051 1170 1352 1231 indicibus
1389 1178 1697 1231 auctorum
1736 1168 1869 1230 libr.
1899 1168 1995 1229 ln.
2024 1169 2086 1229 V.
2115 1168 2189 1231 v1
2225 1171 2403 1230 etiam
2441 1170 2602 1230 hunc

287 1270 681 1329 coniunctum
721 1287 856 1329 cum
897 1266 1136 1347 [Statio]
1179 1268 1420 1348 Seboso,
1457 1270 1749 1348 scriptore
1794 1267 2205 1347 geographico,
2251 1268 2600 1347 nominauit,

287 1374 414 1426 tum
465 1368 602 1426 eius
649 1368 940 1426 memoria
993 1367 1448 1445 ingrauescente
1504 1365 1661 1427 Liuii
1718 1367 2069 1427 auctoritate
2124 1367 2366 1425 omnino
2427 1365 2599 1426 oblit-

287 1471 478 1525 terata
527 1472 640 1525 est.

1207 1640 1687 1649 —-—-——-————--—

894 1855 1484 1929 ADVERSARH
1541 1854 1998 1929 CAESARIS

1079 2017 1498 2077 MVNATIVS
1545 2017 1807 2077 ervs

463 2167 542 2228 Hi
591 2168 892 2245 Catonini,
946 2177 1013 2229 ut
1066 2170 1150 2229 ait
1203 2167 1412 2229 Cicero
1469 2169 1585 2241 (ad
1622 2167 1771 2244 fam.
1818 2169 1943 2228 VII
1971 2169 2075 2243 25,
2106 2169 2195 2244 1),
2244 2167 2413 2229 libris
2469 2172 2595 2231 suis

283 2264 566 2326 omnibus
615 2264 687 2325 Μ.
727 2265 965 2327 Catonis
1002 2266 1296 2327 Vticensis
1342 2264 1564 2344 gloriae
1611 2266 1692 2326 ita
1740 2267 2101 2345 seruierunt,
2153 2274 2220 2327 ut
2267 2268 2484 2346 partim
2532 2270 2592 2328 in

285 2381 416 2425 eam
457 2365 820 2424 sententiam
856 2366 987 2425 eius
1025 2366 1208 2425 uitam
1248 2371 1614 2442 enarrarent,
1653 2364 1889 2442 partim,
1927 2366 2183 2425 maxime
2222 2366 2283 2424 in
2322 2364 2593 2426 Caesaris

285 2458 814 2540 obtrectationem,
879 2464 1165 2523 orationis
1229 2460 1325 2523 uel
1392 2460 1610 2540 dialogi
1677 2461 1862 2522 forma
1927 2470 2273 2541 uterentur,
2338 2481 2593 2541 quorum

283 2577 506 2639 operae
543 2559 864 2620 historicae
903 2559 1061 2639 quod
1099 2568 1201 2621 aut
1245 2578 1432 2639 pauca
1479 2570 1582 2621 aut
1625 2561 1854 2620 incerta
1902 2560 2232 2639 fragmenta
2278 2559 2377 2620 uel
2424 2562 2591 2621 testi-

282 2658 484 2718 monia
551 2666 902 2738 supersunt,
965 2676 1086 2719 non
1151 2656 1518 2719 mirabimur.
1601 2660 1825 2737 prioris
1888 2660 2129 2736 generis
2193 2656 2593 2741 σύγγραμμα

281 2750 436 2835 περὶ
481 2760 606 2816 τοῦ
653 2753 967 2829 Κάτωνος
1012 2757 1126 2817 fuit
1173 2756 1420 2817 Munatii
1465 2755 1617 2836 Rufi,
1658 2753 2001 2836 ‘Cypriacae
2050 2756 2445 2836 expeditionis
2484 2756 2591 2819 Ca·

281 2856 442 2914 tonis
483 2853 586 2914 fidi
637 2850 894 2915 comitis’
933 2854 1050 2931 (fr.
1091 2856 1179 2934 1),
1220 2855 1291 2915 de
1339 2873 1456 2933 quo
1504 2872 1656 2933 quae
1704 2856 2061 2933 accepimus,
2109 2857 2171 2915 in
2220 2857 2349 2915 eius
2395 2854 2589 2916 tribus

285 2952 636 3031 fragmentis
689 2951 788 3013 uel
841 2952 1123 3031 leguntur
1175 2952 1272 3013 uel
1329 2970 1402 3012 ex
1466 2954 1556 3012 eis
1612 2952 1988 3031 colliguntur.
2082 2955 2367 3014 nimirum
2432 2953 2591 3032 quod

283 3048 518 3111 Canidii
557 3044 1064 3134 (proquaestoris)
1096 3051 1414 3111 intentiore
1453 3048 1693 3111 Catonis
1731 3068 1931 3112 amore
1970 3068 2035 3111 se
2073 3052 2365 3113 offensum
2405 3050 2478 3111 ab
2518 3070 2587 3112 eo

284 3146 654 3226 discessisse,
703 3146 844 3209 dum
891 3167 923 3208 a
961 3146 1176 3209 Marcia
1216 3146 1456 3209 Catonis
1493 3165 1679 3208 uxore
1728 3148 2043 3210 concordia
2091 3151 2364 3211 restituta
2411 3157 2573 3211 esset

283 3246 494 3307 scribit
526 3246 635 3323 (fr.
667 3247 755 3325 2),
787 3265 852 3307 re
889 3264 1032 3307 uera
1071 3247 1248 3307 huius
1288 3246 1576 3325 religione
1623 3254 1683 3307 et
1730 3246 2035 3326 diligentia
2083 3266 2220 3308 eum
2269 3250 2328 3308 in
2376 3247 2588 3328 opibus

283 3346 408 3405 suis
455 3342 748 3422 augendis
795 3343 1146 3423 impeditum
1194 3363 1326 3406 esse
1374 3363 1408 3405 a
1452 3344 1795 3406 Drumanno
1844 3348 1938 3417 (h.
1971 3347 2043 3407 R.
2073 3346 2179 3406 IV
2206 3347 2366 3420 217)
2413 3346 2586 3407 intel-

283 3440 500 3503 lectum
543 3450 652 3503 est.
713 3440 932 3503 librum
972 3444 1100 3503 eius
1139 3441 1284 3521 legit
1309 3441 1578 3503 Valerius
1614 3441 1917 3523 Maximus}
1945 3442 2052 3519 (fr.
2084 3443 2141 3502 1.
2180 3442 2301 3503 uid.
2340 3444 2585 3515 QueIlen

283 3542 340 3599 d.
381 3540 537 3601 Ptut.
573 3560 642 3617 p.
683 3540 771 3600 67
795 3543 930 3618 sq),
987 3558 1098 3619 per
1149 3540 1470 3601 Thraseam
1536 3540 1783 3601 Paetum
1832 3541 1919 3613 (u.
1968 3540 2168 3617 infra)
2232 3540 2587 3603 Plutarchus

284 3640 579 3716 cognouit,
627 3637 688 3698 id
735 3636 893 3717 quod
942 3640 1225 3717 apertiuS,
1263 3656 1440 3717 quam
1487 3637 1656 3717 solet,
1700 3638 2009 3717 professus
2056 3646 2149 3698 est
2195 3640 2301 3716 (fr.
2324 3640 2382 3699 2.
2403 3641 2493 3713 3).

1043 3870 1109 3929 Τ.
1157 3870 1458 3930 AMPIVS
1505 3869 1820 3929 BALBVS

443 4012 581 4073 lam
649 4030 784 4072 cum
847 4010 1156 4073 tribunatu
1217 4011 1408 4091 plebis
1471 4031 1519 4073 a.
1575 4007 1830 4092 63s691
1899 4012 2273 4090 fungeretur,
2336 4012 2582 4092 Pompei

283 4111 620 4170 auctoritati
685 4115 748 4168 et
807 4108 1030 4187 gloriae
1097 4128 1338 4189 operam
1405 4128 1572 4171 suam
1637 4112 1883 4171 nauauit
1928 4110 2111 4183 (Vell.
2153 4111 2230 4170 II
2258 4111 2362 4185 40,
2391 4111 2463 4185 4)
2521 4118 2583 4171 et

285 4214 594 4286 postquam
659 4214 938 4285 praetura
1004 4200 1084 4290 (a.
1131 4202 1388 4288 58s696
1447 4217 1514 4269 ut
1578 4202 1731 4292 uid.)
1796 4209 2035 4269 functus
2098 4207 2581 4287 proconsulatum

282 4302 453 4365 Asiae
513 4303 953 4365 administrauit
997 4306 1327 4381 (Boryhesi
1381 4306 1596 4367 Oeuvr.
1638 4308 1682 4367 I
1702 4326 1772 4385 p.
1810 4307 1938 4366 271
1967 4308 2142 4387 sqq),
2200 4305 2272 4366 de
2328 4307 2579 4368 crimine
