3234 5034
583 310 795 360 chw
1068 291 1166 346 DE
1204 291 1669 348 SCRIPTORVM
1704 292 1892 348 VITIS
1930 292 2024 349 ET
2062 292 2377 349 SCRIPTIS

579 460 913 543 periculum
963 462 1307 541 facesseret,
1355 459 1574 523 abusus
1623 470 1715 523 est
1722 508 1739 541 ,
1794 463 1933 525 Tac.
1970 464 2108 525 hist.
2139 464 2243 523 IV
2259 456 2377 548 43)
2426 459 2743 543 ‘bellisque
2788 464 2877 523 in-

583 567 863 640 expertus
917 556 1052 621 fuit’
1113 577 1251 620 cum
1315 579 1346 621 a
1403 560 1662 640 Nerone,
1718 571 1786 622 ut
1842 560 2059 623 Galbae
2124 561 2496 641 succederet,
2562 561 2879 640 Hispaniae

583 650 1074 743 (Tarraconensi)
1121 658 1552 738 praeficeretur
1595 662 1765 733 (hist.
1806 661 1847 720 I
1884 659 1984 741 8);
2048 668 2174 721 tum
2240 662 2405 739 pacis
2468 662 2683 721 artium
2746 676 2879 739 pro-

581 757 949 837 mendarum,
1015 776 1162 837 quas
1225 757 1467 818 Tacitus
1530 756 1731 819 laudat
1776 760 1848 831 (l.
1885 761 1981 838 3.),
2039 759 2381 820 occasiones
2446 768 2699 821 nanctus
2764 767 2883 840 est3

584 875 720 919 nam
767 875 797 917 a
848 854 1028 917 Galba
1083 874 1202 917 non
1259 864 1523 918 remotus
1577 855 1801 917 milites
1853 859 1917 918 in
1964 856 2256 919 Othonem
2312 858 2513 919 iurare
2563 857 2663 920 uel
2708 860 2887 920 iussit

581 954 685 1017 uel
737 972 950 1035 passus
1003 954 1077 1015 ab
1133 974 1204 1015 eo
1259 954 1532 1016 laudatus
1587 963 1681 1015 est
1734 974 1844 1035 per
1897 954 2186 1035 edictum,
2240 964 2367 1018 tum
2420 974 2568 1017 uero
2630 954 2887 1019 desciuit

586 1052 659 1116 ad
703 1053 1003 1115 Vitellium
1061 1061 1236 1133 atque
1281 1062 1351 1115 ut
1395 1056 1767 1135 suspiciones
1815 1054 1889 1115 de
1936 1054 2053 1117 fide
2100 1072 2207 1116 sua
2254 1057 2539 1117 excitatas
2586 1055 2887 1136 disiceret,

586 1170 722 1213 eum
779 1154 842 1213 in
887 1152 1116 1213 ltaliam
1174 1155 1290 1213 iter
1345 1153 1660 1214 facientem
1711 1171 1896 1234 prope
1944 1152 2299 1233 Lugdunum
2346 1161 2657 1216 assecutus
2700 1154 2885 1215 hono-

586 1250 754 1313 rifice
801 1259 1077 1331 receptus
1125 1258 1186 1312 et
1229 1254 1535 1313 comitatui
1580 1254 1871 1332 principis
1919 1252 2187 1314 adiectus
2232 1259 2327 1313 est
2368 1260 2545 1333 atque
2591 1252 2887 1333 colloquio

585 1348 806 1411 Romae
851 1350 914 1410 in
960 1348 1179 1430 templo
1226 1348 1513 1430 Apollinis
1559 1368 1765 1411 mense
1811 1350 2127 1412 Decembri
2170 1349 2369 1412 medio
2415 1352 2571 1413 inter
2618 1350 2889 1413 Flauium

588 1446 872 1509 Sabinum
919 1457 978 1509 et
1011 1447 1312 1509 Vitellium
1352 1446 1450 1509 ‘de
1486 1468 1633 1529 pace
1668 1449 2078 1529 ponendisque
2116 1468 2225 1529 per
2261 1449 2644 1511 condiciones
2680 1446 2888 1511 armis'

586 1546 788 1609 habito
835 1546 984 1608 alter
1027 1549 1198 1608 testis
1245 1548 1518 1609 interluit
1565 1549 1737 1622 (hist.
1780 1549 1856 1608 II
1884 1547 1972 1608 58
1998 1566 2121 1624 sq.;
2156 1549 2259 1609 65.
2309 1549 2423 1609 III
2452 1549 2583 1622 65).
2660 1548 2766 1610 sed
2814 1566 2891 1609 ne

589 1647 737 1708 haec
791 1644 1031 1726 quidem
1087 1648 1346 1707 amicitia
1404 1648 1460 1707 ei
1515 1647 1806 1727 perniciei
1855 1647 1993 1727 fuit3
2046 1664 2181 1707 nam
2228 1648 2341 1707 etsi
2388 1646 2697 1709 Mucianus
2746 1650 2889 1708 eite-

591 1747 809 1806 riorem
865 1743 1208 1823 Hispaniam
1265 1751 1333 1806 ut
1381 1741 1675 1805 ‘discessu
1732 1746 1861 1805 eius
1916 1738 2256 1829 uacuam'1)
2304 1746 2561 1807 Antonio
2614 1747 2895 1826 promisit

590 1845 759 1920 (hist.
799 1844 903 1903 IV
931 1843 1062 1922 39),
1113 1849 1308 1905 tamen
1365 1841 1680 1904 incolumis
1725 1841 1945 1905 Romae
1992 1845 2237 1923 mansit,
2286 1847 2347 1905 in
2396 1844 2891 1906 consuetudinem

588 1942 856 2022 Verginii
915 1940 1048 2002 Rufi
1107 1949 1382 2022 receptus
1437 1949 1497 2002 et
1552 1944 1713 2003 uitae
1768 1943 2061 2021 priuatae,
2118 1960 2293 2021 quam
2346 1944 2537 2023 magis
2583 1942 2895 2005 adamabat

592 2060 769 2122 quam
816 2038 1129 2120 publicam,
1179 2038 1427 2101 deditus.
1501 2059 1618 2120 quo
1667 2047 1862 2101 tamen
1910 2058 2065 2101 anno
2103 2048 2373 2102 mortuus
2412 2042 2491 2103 sit
2526 2043 2893 2121 ignoramus.

591 2138 699 2202 sed
735 2158 871 2200 cum
913 2138 1224 2217 Verginius
1269 2136 1458 2200 Rufus
1501 2132 1637 2223 (qui
1682 2146 1817 2219 post
1852 2137 2103 2200 Othonis
2141 2147 2392 2201 mortem
2429 2138 2677 2201 Romam
2714 2139 2901 2201 rediit

593 2246 654 2300 et
700 2257 748 2299 a.
789 2232 1046 2319 971850
1091 2244 1362 2299 mortuus
1411 2231 1528 2322 est)
1569 2232 1933 2317 ‘aliquando'
1972 2256 2107 2299 cum
2146 2256 2218 2299 eo
2259 2236 2329 2299 de
2366 2238 2651 2317 historiis,
2694 2239 2897 2319 prius-

592 2355 769 2418 quam
836 2335 1028 2397 editae
1095 2344 1320 2415 essent,
1386 2354 1450 2398 se
1507 2335 1865 2397 collocutum
1921 2354 2053 2398 esse
2110 2355 2308 2398 coram
2354 2335 2545 2398 Plinio
2592 2336 2903 2399 rettulerit

595 2438 714 2514 (ep.
745 2434 803 2514 9,
835 2435 937 2510 19,
967 2435 1057 2514 5),
1095 2433 1392 2514 idemque,
1429 2442 1496 2495 ut
1531 2434 1760 2495 Plinius
1800 2436 1888 2514 (2,
1922 2436 1979 2512 1,
2008 2435 2081 2510 2)
2120 2437 2378 2516 scripsit,
2416 2432 2683 2516 ‘triginta
2722 2440 2903 2497 annis

594 2533 815 2615 gloriae
872 2551 1014 2594 suae
1071 2536 1500 2613 superuixerit,
1558 2532 1772 2613 legerit
1828 2534 2048 2614 scripta
2106 2524 2178 2595 de
2234 2552 2299 2595 se
2346 2536 2635 2613 carmina,
2682 2534 2909 2614 legerit

593 2633 874 2694 historias
922 2639 982 2691 et
1025 2634 1358 2712 posteritati
1406 2650 1546 2693 suae
1593 2628 1978 2711 interfuerit',
2024 2634 2305 2713 quoniam
2360 2631 2527 2694 illum
2576 2632 2649 2695 de
2694 2631 2909 2694 Cluuii

595 2732 862 2792 historiis
917 2731 1206 2811 cogitasse
1264 2733 1392 2792 ueri
1449 2730 1645 2792 simile
1701 2739 1817 2809 est,
1872 2750 2012 2791 eum
2068 2739 2129 2792 et
2172 2731 2327 2792 ultra
2373 2733 2608 2794 initium
2656 2734 2913 2812 imperii

595 2828 956 2910 Vespasiani,
1005 2848 1140 2890 cum
1188 2829 1584 2909 tranquillitas
1632 2830 1905 2890 restituta
1955 2837 2130 2908 esset,
2188 2847 2382 2910 neque
2428 2839 2497 2891 ut
2541 2833 2909 2910 praesertim

597 2936 789 2990 aetate
837 2927 1151 2990 admodum
1199 2934 1568 3008 prouectum,
1605 2926 1761 2989 ultra
1801 2930 1931 2989 eius
1971 2947 2283 2989 excessum
2320 2930 2506 2990 uitam
2542 2946 2913 3009 prorogasse

599 3019 944 3111 sequituffl)

776 3124 860 3185 De
919 3123 1065 3185 fide
1120 3124 1616 3204 historiarum,
1672 3143 1821 3205 quas
1874 3120 2059 3186 latina
2114 3123 2315 3204 lingua
2362 3127 2611 3206 scriptas
2658 3144 2789 3187 esse
2840 3134 2915 3187 et

599 3225 765 3285 locus
803 3222 979 3283 Plinii
1019 3230 1078 3283 et
1113 3242 1240 3284 mos
1289 3224 1445 3283 inter
1490 3222 1721 3284 nobiles
1757 3221 2055 3284 Romanos
2099 3222 2375 3302 uulgatus
2422 3242 2616 3303 neque
2660 3222 2913 3301 elegan-

601 3325 681 3384 tia
738 3322 1002 3382 caruisse
1057 3320 1287 3381 indoles
1343 3323 1532 3402 ipsius
1582 3320 1778 3401 docet,
1826 3340 2183 3401 quamquam
2236 3340 2305 3381 ex
2354 3324 2477 3383 uita
2524 3324 2653 3383 eius
2699 3319 2915 3382 desul—

599 3423 750 3482 toria
815 3419 974 3481 haud
1049 3421 1130 3480 ita
1196 3438 1447 3500 aequum
1524 3419 1811 3481 iudicium
1886 3423 2207 3498 sumimuS,
2270 3429 2467 3481 tamen
2534 3438 2608 3481 ne
2673 3418 2917 3482 Neroni

602 3518 840 3600 quidem
892 3538 1030 3579 eum
1077 3520 1315 3580 omnino
1363 3538 1426 3580 se
1466 3519 1853 3580 obstrinxisse
1894 3520 2071 3579 etiam
2110 3516 2421 3580 Heluidius
2460 3519 2697 3579 Priscus
2738 3520 2919 3599 apud

604 3626 876 3680 senatum
921 3618 1228 3698 professus
1274 3626 1390 3700 est3
1439 3620 1637 3697 itaque
1685 3616 2019 3679 libertatem
2058 3616 2352 3697 quandam
2402 3625 2461 3678 et
2507 3620 2919 3681 constantiam

605 3720 782 3777 etiam
813 3716 922 3777 sub
961 3714 1272 3795 tyrannide
1301 3719 1584 3795 seruauit,
1613 3725 1681 3777 ut
1710 3716 1873 3777 salua
1902 3734 2005 3777 sua
2040 3714 2323 3795 dignitate
2352 3714 2425 3776 ab
2462 3716 2576 3777 alio
2607 3714 2676 3776 ad
2715 3715 2918 3779 alium

606 3818 1023 3896 imperatorem
1062 3816 1318 3875 transire
1363 3816 1630 3894 potuerit
1673 3823 1848 3894 atque
1888 3814 2229 3894 Verginium
2276 3816 2677 3893 interrogare:
2722 3808 2922 3897 ‘Sc-is,

788 3999 838 4066 1)
876 3996 1210 4051 Coniectura.
1245 3994 1580 4066 Nipperdeii
1619 3996 1878 4053 ‘decessu’
1912 3996 2136 4066 (ΟΜ.
2168 4013 2228 4065 p.
2256 3999 2371 4051 217
2388 4000 2490 4065 sq.)
2530 3996 2605 4050 ab
2641 3994 2926 4051 omnibus

604 4078 757 4131 recte
795 4080 985 4147 spreta
1019 4079 1122 4132 est.

787 4161 839 4226 2)
876 4158 1028 4213 Num
1063 4158 1179 4212 iam
1217 4157 1320 4212 sub
1356 4156 1578 4214 Nerone
1613 4158 1885 4212 maiorem
1921 4156 2105 4228 operis
2140 4160 2363 4228 partem
2400 4156 2803 4228 composuerit,
2840 4163 2931 4215 ut

609 4238 822 4294 Gercke
860 4255 912 4308 p.
945 4243 1048 4293 256
1093 4238 1277 4293 uoluit
1305 4238 1395 4309 (cf.
1425 4256 1480 4309 p.
1512 4242 1653 4307 253),
1702 4255 1773 4293 au
1829 4238 1999 4308 paulo
2046 4240 2179 4293 ante
2224 4253 2513 4293 excessum
2555 4236 2929 4310 Vespasiani,

609 4322 674 4373 ut
710 4316 899 4389 Groag
935 4319 970 4373 l.
1003 4337 1043 4373 s.
1072 4337 1126 4390 p.
1159 4324 1280 4389 776,
1320 4336 1409 4389 ap.
1440 4318 1824 4389 Pauly-wisa.
1854 4317 1930 4371 IV
1971 4324 2089 4387 123,
2126 4318 2187 4373 in
2224 4318 2411 4387 medio
2448 4317 2719 4388 relinque.
