3234 5034
666 335 792 401 156
1243 335 1304 401 Q.
1343 336 1639 390 AVRELII
1677 335 1953 390 ΜΕΜΜΠ
1992 335 2375 391 SYMMACHI

805 559 882 641 Q.
941 557 1335 631 AVRELH
1389 557 1757 630 ΜΕΜΜΠ
1814 557 2319 631 SYMMACHI
2374 556 2829 632 HISTORIA

1556 703 1665 762 Ex
1710 701 1951 762 LIBRO
2000 703 2055 760 V

837 837 901 907 l.
947 829 1116 907 'Iov-d.
1159 847 1234 906 de
1270 846 1394 907 reb.
1441 845 1566 906 Get.
1608 844 1710 920 15,
1740 843 1828 904 83
1874 843 1959 904 Ex
2010 863 2219 906 eorum
2259 841 2525 924 reliquiis
2566 842 2957 922 [Gothorum]

659 943 770 1003 suit
817 949 874 1002 et
917 941 1270 1004 Maximinus
1315 943 1457 1024 imp.
1495 950 1631 1023 post
1678 940 2075 1003 Alexandrum
2112 942 2425 1004 Mamaeae.
2501 961 2655 1021 nam,
2700 949 2769 1002 ut
2817 941 2962 1002 dicit

659 1039 1044 1118 Symmachus
1101 1043 1161 1100 in
1218 1042 1424 1121 quinto
1480 1059 1623 1102 suae
1681 1041 1967 1102 historiae
2021 1040 2194 1120 libre,
2240 1040 2610 1119 MaximinuS,
2662 1042 2959 1119 inquienS,

657 1137 874 1199 Caesar
927 1145 1161 1199 mortuo
1220 1138 1547 1200 Alexandro
1605 1137 1679 1199 ab
1736 1141 2002 1200 exercitu
2059 1140 2307 1200 effectus
2362 1147 2453 1200 est
2507 1140 2677 1218 imp.,
2735 1157 2806 1199 ex
2868 1139 2959 1198 in·

659 1237 812 1297 limis
867 1235 1211 1315 parentibus
1271 1239 1334 1298 in
1379 1236 1631 1298 Thracia
1688 1245 1879 1317 natuS,
1935 1256 1968 1297 a
2014 1245 2181 1317 patre
2230 1236 2421 1299 Gotho
2466 1239 2706 1298 nomine
2754 1236 2960 1315 Micca,
3012 1249 3035 1288 ὓ

654 1341 844 1395 matre
905 1333 1142 1415 Halana,
1198 1353 1349 1415 quae
1407 1334 1604 1396 Ababa
1662 1335 1984 1397 dicebatur.
2072 1337 2123 1397 is
2180 1338 2436 1397 triennio
2492 1353 2769 1415 regnanS,
2818 1334 2957 1395 dum

655 1434 717 1493 in
757 1431 1122 1494 Christianos
1170 1450 1333 1494 arma
1381 1441 1801 1512 commoneret,
1849 1435 2167 1513 imperium
2206 1434 2383 1496 simul
2422 1443 2482 1496 et
2516 1436 2703 1496 uitam
2740 1435 2956 1495 amisit.

656 1549 792 1591 nam
856 1530 953 1592 hic
1011 1531 1233 1592 Seuero
1299 1533 1437 1611 imp.
1495 1540 1783 1611 regnante
1839 1539 1898 1592 et
1956 1531 2167 1593 natalis
2223 1532 2380 1594 diem
2437 1531 2543 1592 filii
2600 1530 2957 1610 celebrante,

657 1637 790 1709 post
835 1631 1026 1708 prima
1073 1637 1264 1692 aetate
1311 1637 1371 1690 et
1418 1632 1719 1691 rusticana
1766 1632 1891 1691 uita
1938 1630 2010 1692 de
2056 1633 2295 1710 pascuis
2341 1633 2404 1692 in
2448 1631 2723 1692 militiam
2769 1631 2957 1691 uenit.

655 1729 934 1808 princeps
981 1730 1033 1788 si
1080 1728 1320 1808 quidem
1374 1728 1662 1788 militares
1720 1727 1964 1789 dederat
2016 1727 2214 1810 lud0s3
2270 1728 2427 1809 quod
2474 1746 2729 1789 cernens
2776 1719 2955 1789 Maxi-
2986 1741 3035 1779 1⁰

653 1828 871 1904 minuS,
908 1827 1181 1906 quamuis
1219 1825 1660 1888 semibarbarus
1697 1825 2054 1907 aduliscenS,
2089 1829 2412 1908 propositis
2450 1829 2732 1906 praemiis
2766 1828 2957 1908 patria

653 1923 854 2003 lingua
909 1926 1058 2003 petit
1113 1923 1185 1985 ab
1243 1927 1625 2005 imperatore,
1680 1934 1749 1986 ut
1812 1925 1927 1986 sibi
1982 1924 2246 1986 luctandi
2300 1944 2436 1986 cum
2492 1927 2755 2005 expertis
2800 1923 2956 1985 mili·

657 2021 814 2084 tibus
860 2021 1162 2083 licentiam
1211 2021 1394 2084 daret.
1470 2023 1730 2084 Seuerus
1740 2071 1757 2102 ‚
1805 2023 2141 2084 ammodum
2188 2025 2439 2084 miratus
2484 2022 2957 2101 magnitudinem

657 2121 878 2181 formae
937 2113 1096 2203 (erat
1159 2123 1336 2201 enim,
1399 2129 1466 2183 ut
1531 2121 1737 2201 fertur,
1804 2129 2030 2182 statura
2095 2123 2225 2182 eius
2290 2139 2537 2202 procera
2602 2119 2759 2181 ultra
2823 2129 2956 2182 octo

653 2211 886 2302 pedes),
931 2220 1108 2279 iussit
1154 2237 1289 2279 eum
1338 2219 1472 2279 lixis
1522 2221 1789 2299 corporis
1828 2237 1983 2280 nexu
2022 2219 2401 2298 contendere,
2440 2237 2515 2279 ne
2554 2219 2697 2298 quid
2748 2237 2780 2279 a
2820 2218 2958 2280 rudi
2986 2231 3037 2271 1⁵

655 2317 893 2377 homine
939 2315 1296 2377 militaribus
1341 2319 1493 2377 uiris
1542 2319 1815 2378 eueniret
1859 2319 2129 2378 iniuriae.
2205 2324 2331 2378 tum
2376 2316 2731 2377 Maximinus
2788 2315 2957 2378 sede-

655 2417 770 2474 cim
819 2414 966 2475 lixas
1023 2422 1182 2475 tanta
1230 2414 1509 2476 felicitate
1553 2417 1898 2496 prostrauit,
1954 2423 2021 2476 ut
2066 2415 2361 2477 uincendo
2417 2415 2684 2494 singulos
2732 2414 2956 2477 nullam

655 2512 771 2574 sibi
816 2513 1084 2591 requiem
1130 2530 1239 2592 per
1284 2513 1777 2592 intercapidinem
1822 2516 2109 2594 temporis
2156 2513 2339 2575 daret.
2412 2513 2509 2574 hic
2557 2516 2747 2592 captis
2786 2532 2957 2601 prae—

654 2612 792 2671 miis
856 2611 1054 2671 iussus
1119 2612 1180 2671 in
1245 2611 1516 2673 militiam
1581 2613 1755 2692 mitti,
1819 2614 2129 2693 primaque
2186 2613 2244 2672 ei
2298 2611 2595 2691 stipendia
2651 2613 2957 2691 equestria

657 2709 838 2769 fuere.
913 2709 1090 2769 tertia
1134 2717 1271 2788 post
1314 2708 1461 2770 haec
1507 2709 1622 2790 die,
1678 2727 1812 2772 cum
1860 2712 2186 2790 imperator
2229 2709 2498 2791 prodiret
2547 2711 2611 2770 in
2658 2727 2957 2790 campum,
2985 2721 3039 2762 ²⁰

834 2879 892 2935 1.
931 2881 1089 2935 Haec
1123 2887 1342 2950 sumpta
1376 2888 1508 2936 sunt
1543 2899 1611 2936 ex
1650 2881 1957 2950 Capitolini
1983 2883 2305 2937 Maximino
2340 2898 2383 2936 c.
2416 2887 2468 2948 1,
2494 2885 2531 2936 5
2566 2879 2675 2934 Hic
2712 2881 2787 2934 de
2824 2880 2955 2935 nico

653 2949 944 3005 Threiciae
971 2949 1160 3006 uicino
1187 2951 1463 3018 barbaris,
1490 2952 1731 3007 barbaro
1760 2951 1935 3007 etiam
1962 2955 2125 3022 patre
2162 2955 2221 3006 et
2256 2955 2435 3006 matre
2471 2952 2699 3022 genitus
2731 2984 2801 2993 —
2830 2969 2953 3006 esse

653 3021 992 3093 perhibetur.
1047 3025 1106 3076 et
1131 3023 1280 3092 patri
1309 3024 1538 3092 quidem
1575 3040 1777 3079 nomen
1808 3023 2005 3092 Micca,
2042 3023 2213 3077 matri
2248 3023 2490 3077 Hababa
2517 3021 2694 3078 fnisse
2724 3023 2951 3078 dicitur.

650 3098 706 3161 2,
725 3099 758 3148 1
797 3093 869 3147 Et
905 3093 960 3146 in
1001 3093 1184 3163 prima
1219 3093 1448 3164 quidem
1483 3094 1734 3166 pueritia
1757 3094 1869 3149 fuit
1903 3098 2114 3164 pastor,
2150 3111 2571 3162 nonnumquam
2607 3093 2782 3148 etiam
2827 3112 2955 3164 pro-

651 3167 824 3232 certe,
853 3166 951 3234 qui
979 3164 1294 3220 latronibus
1321 3165 1685 3222 insidiaretur
1717 3169 1777 3221 et
1812 3181 1942 3220 suos
1970 3166 2044 3221 ab
2072 3165 2485 3220 incursionibus
2512 3164 2854 3220 uindicaret.
2885 3197 2951 3208 -—

651 3235 1042 3291 Innotescendi
1071 3237 1176 3291 sub
1197 3237 1401 3292 Seuero
1431 3237 1769 3308 imperatore
1796 3237 1981 3307 prima
2008 3237 2149 3292 baec
2178 3236 2287 3292 fuit
2314 3253 2501 3291 causa.
2541 3236 2725 3290 natali
2754 3236 2953 3304 Getae,

652 3307 754 3361 filii
793 3308 1041 3376 minoriS,
1089 3308 1328 3362 Seuerus
1371 3308 1647 3363 militares
1687 3307 1866 3363 dabat
1902 3307 2065 3363 ludos
2101 3307 2406 3378 propositis
2442 3307 2713 3378 praemiis
2752 3323 2951 3380 argen-

651 3378 775 3434 teis.
807 3411 873 3419 -
912 3378 1005 3432 hic
1043 3380 1372 3434 adulescens
1409 3383 1468 3434 et
1504 3379 1918 3435 semibarbarus
1956 3381 2015 3434 et
2050 3379 2147 3433 uix
2195 3379 2381 3433 adhuc
2417 3379 2655 3434 Latinae
2699 3377 2953 3450 linguae,

651 3467 825 3520 prope
861 3449 1168 3505 Thraecica.
1203 3450 1598 3521 imperatorem
1626 3451 1853 3520 publice
1879 3451 2043 3521 petit,
2070 3453 2137 3505 nt
2164 3449 2275 3505 sibi
2304 3451 2467 3506 daret
2500 3449 2797 3506 licentiam
2825 3468 2953 3507 con-

833 3611 901 3699 l,
952 3625 1008 3680 1.
1055 3619 1368 3696 Adscripsi
1411 3621 1676 3682 lectiones
1723 3622 2165 3696 archetyporum
2199 3623 2380 3680 trium
2416 3621 2795 3690 Mommseni,
2831 3623 2951 3680 sin-

647 3710 925 3784 qulorum
969 3710 1129 3770 codd.
1165 3727 1286 3770 non
1331 3713 1541 3770 cwraui
1812 3711 1867 3768 2.
1916 3729 2146 3770 mamae
2193 3729 2332 3769 nam
2369 3709 2415 3768 I
2453 3728 2723 3769 mameae
2762 3709 2951 3768 filium

651 3818 791 3857 nam
811 3798 937 3857 III
1047 3801 1104 3858 4.
1143 3800 1340 3858 factus
1369 3801 1452 3858 II
1567 3802 1624 3858 6.
1659 3800 1878 3860 halana
1907 3799 1953 3858 I
1982 3799 2161 3859 alana
2189 3799 2275 3858 II
2302 3798 2520 3858 holana.
2548 3798 2675 3858 III
2770 3799 2955 3860 abara

651 3887 774 3947 eod.
801 3888 976 3948 Heia.
1165 3889 1488 3948 triennium
1527 3889 1614 3947 II
1853 3893 1906 3948 7.
1955 3891 2328 3948 conuerteret
2363 3888 2489 3947 III
2710 3891 2769 3950 9.
2816 3891 2955 3965 post

649 3979 906 4053 primam
952 3981 1212 4037 aetatem
1259 3981 1320 4036 et
1363 3980 1731 4037 rustica'nam
1776 3979 1969 4037 uitam
2006 3977 2100 4036 II.
2131 3977 2256 4036 III
2432 3980 2531 4036 11.
2578 3969 2953 4059 pr(a)eposi-

651 4067 730 4125 tis
767 4067 852 4124 II
1024 4061 1252 4146 patria]
1299 4067 1554 4127 barbara
1591 4069 1673 4126 II
1880 4069 1978 4128 12.
2027 4060 2312 4145 expertis]
2360 4067 2655 4128 exercitus
2691 4067 2781 4125 II

658 4157 757 4214 13.
802 4158 1026 4216 mirans
1063 4157 1184 4215 III
1345 4158 1442 4215 15.
1491 4175 1773 4233 corporeo
1810 4157 1894 4215 II
2046 4157 2145 4215 16.
2190 4155 2427 4214 ueniret
2461 4157 2547 4214 II
2694 4159 2843 4216 tunc
2876 4157 2963 4215 II

659 4245 758 4304 18.
803 4264 911 4321 per
946 4263 1054 4304 om.
1083 4246 1169 4304 II
1295 4248 1631 4321 temporum
1668 4245 1752 4304 II
1880 4246 2020 4304 hinc
2055 4245 2387 4306 Mommsen
2530 4247 2633 4306 19.
2680 4247 2739 4304 ei
2774 4262 2887 4306 out.
2915 4247 2962 4304 I

657 4337 758 4394 20.
806 4337 1048 4394 tertiam
1097 4339 1234 4413 post
1278 4335 1434 4394 diem
1470 4335 1556 4394 II
1728 4335 2021 4413 prodierit
2056 4335 2142 4394 II
