3234 5034
1051 355 1124 414 Μ.
1157 355 1249 414 ΤΕ
1255 355 1568 416 RENTIVS
1601 355 1853 414 VARRO
2409 377 2604 428 mv

297 527 670 607 accepissent
719 536 1044 609 exponeret
1082 528 1188 606 (fr.
1228 529 1331 589 21.
1381 528 1459 606 cf.
1507 530 1827 604 Wendlinq
1864 529 2067 588 Herm.
2104 527 2193 588 28
2227 547 2295 605 p.
2324 529 2457 589 335
2476 547 2603 605 sqq.

293 643 441 687 mus.
482 627 598 687 Bk.
637 631 674 688 l.
707 646 755 688 s.
781 646 848 704 p.
879 628 1010 687 242
1029 630 1168 704 sq),
1216 635 1276 687 et
1320 646 1440 688 non
1489 629 1635 688 satis
1681 625 1887 687 habuit
1934 644 2031 686 res
2078 633 2274 705 gestas
2320 628 2605 706 persequi

295 723 402 784 sed
447 723 608 785 idem
655 743 890 786 morum
936 724 1428 805 uolunta'tumque
1476 726 1658 786 totius
1701 727 1895 804 gentis
1940 743 2169 785 memor
2218 725 2347 804 suit,
2393 731 2462 784 ut
2506 743 2605 785 res

296 830 458 882 recte
515 825 887 902 perspiceret
926 824 1357 896 (Waehsmuth
1408 826 1653 885 Einleit.
1688 843 1755 900 p.
1795 822 1926 883 652
1944 826 2080 900 sq),
2126 841 2243 902 qua
2299 823 2373 885 de
2428 843 2607 885 causa

295 928 362 980 ut
408 919 508 981 ille
557 929 616 982 et
660 921 1050 1001 philosophus
1097 929 1157 982 et
1201 921 1523 983 historicus
1573 921 1808 1001 dicitur,
1854 928 1981 981 tum
2021 939 2055 980 a
2092 920 2333 982 Castore
2374 921 2605 983 Rhodio

295 1019 764 1099 chronographo.
839 1039 976 1080 nam
1032 1021 1134 1100 qui
1193 1027 1328 1081 ante
1385 1039 1521 1081 eum
1575 1021 1642 1081 in
1697 1019 2075 1098 chronologia
2128 1023 2353 1081 uersati
2420 1028 2607 1099 erant,

295 1119 425 1177 eius
484 1119 662 1178 amici
709 1117 1022 1179 Cornelius
1079 1117 1276 1198 Nepos
1335 1127 1393 1180 et
1446 1118 1807 1199 Pomponius
1862 1119 2091 1178 Atticus
2100 1165 2118 1198 ,
2173 1119 2331 1179 intra
2375 1118 2605 1199 Apollo-

296 1213 426 1274 dori
465 1233 708 1295 operam
748 1235 812 1276 se
851 1218 1286 1295 continuerant,
1325 1219 1427 1296 qui
1469 1236 1565 1278 res
1604 1216 1677 1276 ab
1728 1215 1957 1277 excidio
2004 1215 2214 1278 Troiae
2266 1216 2606 1296 deduxerat,

294 1313 478 1373 Varro
523 1313 828 1374 Castorem
886 1324 1128 1376 secutus
1173 1333 1366 1394 usque
1413 1314 1485 1376 ad
1532 1315 1839 1375 hominum
1886 1316 2247 1394 principium
2295 1334 2607 1394 regressus

295 1421 438 1472 erat.
516 1410 724 1491 Neque
772 1421 968 1473 ‘tamen
1017 1413 1350 1494 ignorabat,
1397 1421 1614 1492 quanta
1662 1413 1800 1474 fidei
1848 1414 2107 1474 uarietas
2157 1422 2331 1474 esset.
2406 1416 2605 1494 itaque

294 1519 419 1570 tres
466 1517 671 1590 partes
717 1512 994 1589 instituit,
1041 1507 1114 1572 τὸ
1162 1509 1431 1591 ἄδηλον,
1479 1529 1669 1590 usque
1718 1510 1792 1571 ad
1830 1510 2121 1572 diluuium
2158 1513 2436 1591 primum,
2482 1515 2521 1572 i.
2552 1531 2605 1573 e.

294 1607 502 1688 Ogygi,
551 1606 625 1669 τὸ
671 1607 987 1688 μυθικόν,
1033 1628 1225 1688 usque
1265 1608 1335 1669 ad
1371 1608 1620 1669 Romam
1660 1609 1955 1670 conditam
1996 1603 2161 1692 (nam
2198 1618 2266 1671 ut
2300 1609 2605 1672 Romanus

293 1725 402 1785 pro
442 1705 706 1766 Castoris
733 1708 926 1786 prima
957 1707 1288 1787 olympiade
1326 1709 1437 1768 hoc
1467 1714 1703 1786 tempus
1735 1702 2092 1791 substituit),
2130 1708 2203 1769 τὸ
2245 1706 2606 1788 ἱστορικόν,

295 1823 446 1884 quae
508 1804 723 1866 diuisio
781 1813 984 1884 postea
1041 1807 1220 1866 etiam
1277 1805 1348 1866 ab
1405 1805 1535 1866 aliis
1592 1805 2059 1884 chronographis
2123 1805 2369 1885 probata
2430 1813 2537 1867 est.
2553 1799 2606 1890 ¹)

296 1902 551 1963 debetur
614 1922 683 1963 ea
746 1905 954 1963 notitia
1013 1896 1340 1964 Censorino
1353 1951 1371 1982 ,
1438 1903 1544 1965 sed
1609 1923 1760 1983 quae
1820 1911 2127 1983 praeterea
2186 1903 2258 1965 de
2316 1921 2607 1965 annorum

297 2002 738 2081 computatione
809 2001 1096 2081 prodidit,
1164 2001 1261 2063 uel
1317 2001 1527 2063 lacuna
1581 2001 1679 2063 uel
1738 2001 2109 2081 neglegentia
2168 2004 2297 2063 eius
2349 2004 2608 2062 auctoris

297 2098 534 2160 turbata
591 2106 755 2178 sunt,
813 2099 886 2160 de
943 2119 1059 2179 qua
1106 2117 1171 2160 re
1216 2099 1488 2180 pluribus
1535 2101 1599 2159 in
1644 2118 1798 2160 mus.
1834 2098 2022 2160 Rhen.
2070 2104 2105 2161 l.
2143 2119 2190 2161 S.
2225 2119 2291 2177 p.
2331 2101 2459 2161 231
2480 2119 2607 2176 sqq.

297 2197 619 2277 disputaui.
686 2207 848 2258 certo
896 2200 1054 2258 enim
1103 2200 1325 2258 scimus
1375 2201 1592 2278 partim
1641 2216 1714 2258 ex
1760 2198 2106 2278 AugustinO,
2152 2205 2305 2259 teste
2356 2197 2425 2259 de
2474 2199 2529 2258 h.
2569 2198 2607 2259 l.

297 2295 794 2376 locupletissimo,
849 2297 1066 2375 partim
1123 2314 1194 2356 ex
1250 2298 1379 2377 ipso
1436 2314 1686 2357 numero
1738 2295 2308 2376 quadringentorum
2357 2296 2607 2376 quadra-

295 2397 461 2472 ginta
529 2411 819 2454 annorum
876 2393 1198 2454 Varronem
1254 2394 1532 2473 periodos
1597 2413 1738 2454 suas
1800 2395 2345 2474 circumscripsisse
2393 2395 2503 2474 (fr.
2534 2397 2605 2470 4)

296 2511 475 2552 usum
533 2500 595 2552 et
647 2490 919 2552 libertate
974 2490 1073 2553 uel
1127 2491 1372 2552 libidine
1429 2491 1652 2552 Graeca
1707 2494 1771 2552 in
1829 2491 2179 2554 definiendis
2225 2492 2409 2554 rebus
2455 2494 2608 2554 fama

297 2589 533 2651 traditis
591 2597 651 2650 et
707 2591 1128 2668 superstitione
1175 2590 1427 2670 quadam
1481 2592 1544 2650 in
1604 2593 1871 2652 numeris
1922 2590 2213 2670 ponendis
2262 2585 2429 2674 (nam
2474 2588 2609 2652 440

297 2688 396 2748 uel
431 2683 564 2748 441
612 2695 854 2748 exortus
902 2697 1030 2749 erat
1075 2707 1144 2748 ex
1187 2688 1222 2750 7
1255 2698 1322 2736 ><
1353 2685 1458 2768 63,
1497 2690 1533 2748 i.
1566 2707 1613 2748 e.
1646 2707 1719 2749 ex
1756 2697 1985 2768 septem
2024 2689 2363 2770 generibuS,
2410 2687 2496 2750 63
2536 2709 2608 2750 ex

299 2805 520 2848 nouem
583 2785 1050 2846 hebdomadibus
1105 2786 1205 2848 uel
1268 2795 1498 2866 septem
1559 2782 1984 2871 enneadibus),
2044 2787 2353 2866 desperata
2410 2795 2608 2849 tamen

299 2884 683 2944 obscuritatis
732 2883 1148 2945 distributione
1201 2884 1534 2946 fabulosum
1580 2891 1816 2964 tempus
1865 2903 2001 2945 eum
2050 2885 2327 2946 diuisisse
2375 2888 2437 2946 in
2485 2894 2609 2947 tres

300 2981 597 3061 periodoS,
643 2983 895 3060 primam
935 3002 968 3042 a
1007 2982 1231 3043 diluuio
1269 2983 1456 3062 Ogygi
1492 3002 1683 3062 usque
1723 2981 1795 3043 ad
1834 2983 2034 3043 Inachi
2080 2982 2179 3044 uel
2214 2983 2607 3062 DeucalioniS,

300 3080 372 3140 ab
420 3098 576 3140 anno
616 3075 792 3140 2073
838 3099 1030 3160 usque
1078 3079 1150 3140 ad
1199 3101 1246 3141 a.
1290 3077 1481 3160 1633,
1521 3081 1764 3141 alteram
1810 3100 2002 3160 usque
2050 3081 2122 3142 ad
2169 3081 2607 3160 expeditionem

299 3178 618 3239 Troianam
659 3171 915 3262 (1193),
963 3180 1197 3240 tertiam
1234 3198 1425 3258 usque
1466 3177 1537 3239 ad
1585 3178 1881 3240 conditam
1917 3178 2165 3240 Romam
2204 3173 2414 3263 (753).
2481 3188 2608 3241 tum

299 3295 446 3338 uero
501 3276 674 3336 libris
727 3278 980 3356 primam
1041 3275 1384 3356 complexus
1434 3284 1525 3337 est
1569 3279 1781 3356 prim0,
1829 3276 2074 3338 alteram
2112 3277 2294 3338 altero
2335 3278 2441 3357 (fr.
2475 3279 2607 3358 14),

303 3377 540 3436 tertiam
598 3375 774 3435 tertio
782 3422 801 3455 ,
857 3383 1067 3454 quarto
1124 3383 1420 3455 quartam,
1469 3377 1506 3434 i.
1547 3395 1596 3436 e.
1636 3377 1983 3436 memoriam
2029 3375 2380 3454 Romanam,
2436 3378 2608 3437 cuius

299 3473 660 3534 breuitatem
705 3481 774 3534 ut
819 3479 980 3533 recte
1021 3475 1420 3552 aestimemus,
1459 3482 1710 3534 stemma
1747 3472 1950 3553 populi
1990 3493 2125 3535 eum
2166 3473 2605 3553 depingendum

303 3572 414 3632 sibi
462 3573 849 3652 proposuisse
897 3570 1220 3632 tenendum
1269 3580 1375 3632 est.

483 3729 540 3796 1)
575 3724 706 3779 Vid.
735 3743 807 3779 m.
837 3724 944 3779 Rh.
973 3724 1010 3778 l.
1041 3743 1082 3778 s.
1113 3743 1164 3795 p.
1197 3731 1317 3780 242.
1342 3757 1408 3766 —
1437 3725 1502 3778 In
1531 3725 1853 3779 diuinarum
1880 3741 2067 3779 rerum
2095 3725 2257 3779 libris
2287 3725 2465 3779 Varro
2494 3726 2608 3780 tria

303 3823 514 3877 genera.
538 3805 864 3876 theologiae
893 3805 1249 3871 distinxerat,
1267 3805 1575 3874 mythicon,
1595 3806 1887 3875 physicon,
1912 3805 2082 3860 ciuile
2110 3805 2608 3876 explicaueratque

304 3903 371 3941 ea
395 3887 482 3941 ita
511 3888 770 3956 (August.
793 3886 864 3940 de
893 3903 939 3941 c.
961 3885 1014 3940 d.
1036 3885 1112 3938 VI
1141 3889 1219 3946 ωε
1261 3886 1553 3956 Mythicon
1589 3887 1899 3955 appellant,
1945 3903 2050 3955 quo
2097 3888 2335 3942 maxime
2370 3895 2609 3943 utuntur

297 3975 507 4037 poetae,
538 3968 808 4037 physicon
843 3983 949 4035 quo
977 3967 1310 4034 philosophi,
1339 3967 1501 4020 ciuile
1529 3983 1636 4035 quo
1665 3968 1880 4035 populi.
1930 3968 2176 4035 primum
2203 3968 2349 4036 quod
2377 3968 2517 4036 dimi,
2546 3971 2609 4022 in

305 4065 364 4102 eo
397 4045 540 4102 euni
567 4047 746 4102 multa
781 4052 972 4102 contra
1007 4047 1334 4118 dignitatem
1370 4053 1422 4102 et
1465 4053 1729 4102 natm-am
1774 4048 2167 4102 immortalium
2202 4049 2348 4114 ficta.
2413 4051 2477 4102 in
2510 4049 2610 4104 hoc

304 4130 450 4184 em‘m
475 4135 573 4195 m,
610 4133 676 4182 ut
715 4127 852 4182 deus
895 4127 1043 4182 alius
1088 4143 1155 4181 ex
1199 4129 1394 4196 eapite,
1443 4129 1591 4183 alius
1636 4145 1703 4182 επ
1746 4128 1946 4196 femore
1990 4129 2081 4194 sit,
2126 4128 2275 4182 alius
2322 4145 2389 4183 ex
2436 4131 2610 4200 yuttis

305 4209 601 4279 suminis
635 4213 833 4274 natum
869 4208 933 4260 in
969 4207 1068 4261 hoc
1102 4213 1168 4262 ut
1199 4209 1286 4262 dii
1319 4209 1503 4274 ἴων-αὴ·
1536 4210 1669 4274 sint,
1704 4215 1769 4262 ut
1804 4207 2189 4275 adulter-arim,
2226 4215 2291 4264 ut
2314 4211 2611 4265 eeruimint

307 4289 517 4344 homini
524 4309 546 4356 ;
583 4287 816 4358 denique
845 4286 952 4360 <in
977 4287 1117 4361 hoc>
1151 4290 1340 4343 omnia
1369 4287 1565 4360 <diis>
1595 4289 2011 4354 adtribuuntur,
2050 4305 2186 4358 quae
2214 4307 2328 4344 non
2354 4290 2513 4344 modo
2546 4292 2608 4344 in

306 4369 570 4424 hominem
619 4369 714 4423 sed
757 4370 924 4424 etiam
969 4385 1108 4438 quae
1153 4371 1216 4422 in
1261 4370 1777 4438 contemptissimum
1820 4370 2088 4424 hominem
2132 4369 2323 4423 eadere
2356 4378 2605 4438 possunt.

2069 4457 2182 4512 m*
