3234 5034
1207 315 1304 369 DE
1342 315 1518 369 VITA
1555 315 1697 371 SVA
2510 318 2599 382 55

2658 448 2727 497 44

481 478 600 547 3⁸⁸.
657 485 820 547 Cas-5⁸.
851 485 1029 545 Dion.
1057 483 1469 545 ΧΧΧΧΙΙΙῙ
1495 485 1602 561 35,
1632 485 1673 545 2
1734 484 1864 563 Τῆς
1910 480 1985 547 δὲ
2032 482 2358 565 διαθήκης
2394 482 2602 547 αὐτοῦ
2639 520 2747 529 --
2850 510 2859 517 ·

309 582 652 660 [Caesaris]
700 580 860 663 μετὰ
906 587 1114 643 ταῦτα
1161 578 1707 663 ἀναγνωσθείσης
1752 577 1993 661 μαθὼν
2040 579 2073 645 ὁ
2122 580 2332 665 δῆμος
2376 580 2479 646 ὅτι
2514 616 2604 629 -
2642 539 2747 587 ⁷¹⁰

305 676 763 761 καταλέλοιπε,
807 675 918 741 καὶ
973 675 1244 762 προσέτι
1291 675 1402 741 καὶ
1449 678 1705 762 δωρεὰς
1750 680 1978 754 ἄλλοις
2022 676 2098 743 τέ
2138 702 2325 755 τινας
2368 679 2477 744 καὶ
2523 690 2601 765 τῇ

303 777 494 840 πόλει
546 775 705 852 τούς
758 799 828 840 τε
886 777 1137 858 κήπους
1192 777 1349 852 τοὺς
1401 778 1578 858 παρὰ
1635 776 1754 841 τὸν
1809 778 2079 862 Τίβεριν
2128 774 2237 841 καὶ
2288 777 2601 861 δραχμάς,

255 892 278 932 ⁶
305 872 392 949 ὡς
445 868 571 956 μὲν
623 873 826 949 αὐτὸς
879 870 915 937 ὁ
953 870 1333 950 Ὀκταούιος
1379 874 1645 959 γράφει,
1691 874 2063 957 τριάκοντα,
2112 874 2203 951 ὡς
2249 871 2323 940 δὲ
2366 874 2603 962 ἕτεροι,

301 970 494 1036 πέντε
557 972 667 1037 καὶ
733 969 1183 1055 ἑβδομήκοντα
1259 969 1506 1059 ἑκάστῳ
1581 984 1776 1057 σφῶν
1850 974 2138 1056 δοθῆναι
2200 972 2600 1055 κεκέλευκεν,

301 1068 782 1154 ἐταράχθησαν.
2658 1126 2727 1176 44

480 1165 601 1233 4*.
649 1173 804 1233 Ptin.
833 1191 892 1233 n.
920 1175 978 1234 h.
1010 1173 1088 1233 II
1115 1173 1204 1233 93
1248 1171 1520 1234 Cometes
1557 1175 1618 1233 in
1658 1191 1779 1233 uno
1816 1174 1999 1235 totius
2034 1173 2196 1234 orbis
2224 1173 2353 1234 loco
2386 1173 2603 1235 colitur
2638 1200 2745 1265 ²136

297 1270 358 1329 in
405 1270 624 1349 templo
659 1268 898 1350 Romae,
937 1268 1252 1331 admodum
1282 1270 1511 1332 faustus
1540 1269 1680 1331 diuo
1709 1270 1970 1350 Augusto
2008 1270 2303 1333 iudicatus
2343 1271 2415 1333 ab
2452 1274 2601 1351 ipso,

229 1383 276 1423 ιο
300 1369 401 1447 qui
459 1370 782 1447 incipiente
838 1387 908 1429 eo
963 1370 1238 1448 apparuit
1291 1367 1474 1447 ludis,
1530 1388 1681 1449 quos
1738 1368 1987 1431 faciebat
2028 1370 2243 1431 Veneri
2298 1369 2603 1432 Genetrici

299 1484 414 1527 non
465 1466 652 1527 multo
696 1474 832 1546 post
876 1466 1104 1529 obitum
1151 1468 1338 1547 patris
1377 1466 1649 1528 Caesaris
1696 1469 1758 1527 in
1806 1467 2053 1547 collegio
2090 1466 2163 1529 ab
2202 1486 2271 1529 eo
2310 1470 2599 1530 instituto.

299 1583 556 1644 namque
609 1564 704 1626 his
749 1564 954 1627 uerbis
1001 1568 1064 1625 in
1101 1565 1382 1645 gaudium
1420 1565 1644 1645 prodit:
1693 1562 1796 1626 ‘lis
1834 1568 1981 1645 ipsis
2018 1565 2293 1629 ludorum
2330 1584 2600 1629 meorum

299 1662 510 1725 diebus
558 1663 726 1725 sidus
771 1666 1052 1725 crinitum
1099 1682 1208 1743 per
1253 1672 1482 1743 septem
1532 1664 1661 1725 dies
1708 1666 1769 1725 in
1818 1667 2060 1743 regione
2107 1665 2255 1726 caeli
2296 1684 2447 1744 quae
2486 1664 2598 1726 sub

301 1761 806 1840 septentrionibus
872 1769 965 1822 est
1027 1770 1427 1841 conspectum.
1503 1762 1564 1823 id
1630 1762 1936 1824 oriebatur
1998 1765 2155 1824 circa
2220 1762 2597 1825 undecimam

227 1872 272 1913 ιε
299 1858 502 1920 horam
552 1859 671 1921 diei
716 1860 1060 1939 clarumque
1108 1869 1170 1922 et
1221 1860 1500 1923 omnibus
1553 1880 1586 1922 e
1644 1863 1823 1923 terris
1878 1863 2266 1940 conspicuum
2324 1861 2452 1923 ruit.
2528 1881 2598 1923 eo

300 1958 494 2019 sidere
543 1959 868 2037 significari
921 1957 1132 2037 uolgus
1189 1959 1445 2021 credidit
1498 1959 1768 2020 Caesaris
1824 1960 2081 2021 animam
2136 1961 2295 2021 inter
2352 1959 2595 2021 deorum

299 2138 472 2208 κέρων
519 2142 710 2194 καλεῖν
755 2158 916 2201 τινας
959 2141 1090 2202 τοὺς
1133 2150 1245 2195 τῶν
1293 2143 1672 2210 συγκλητικῶν
1717 2142 1931 2205 παῖδας
1978 2139 2059 2203 εἰς
2112 2140 2173 2195 τὸ
2222 2140 2595 2209 Καπιτώλιον,

299 2212 369 2273 ὡς
403 2208 700 2279 μέλλοντος
735 2211 792 2276 ἐξ
830 2212 1016 2266 αὐτῶν
1055 2210 1156 2266 ἕνα
1192 2220 1292 2267 τοῦ
1333 2212 1470 2274 Διὸς
1504 2211 1907 2267 ἀποδεικνύειν
1942 2218 2041 2279 τῆς
2070 2208 2282 2281 Ῥώμης
2316 2209 2593 2282 ἡγεμόνα·

297 2284 424 2345 τοὺς
461 2284 524 2336 δὲ
563 2280 796 2345 πολίτας
831 2283 942 2336 ὑπὸ
980 2286 1227 2352 σπουδῆς
1262 2282 1505 2345 θέοντας
1548 2280 1819 2338 ἵστασθαι
1854 2282 1985 2351 περὶ
2019 2283 2117 2338 τὸν
2154 2284 2299 2338 νεὼν
2333 2283 2431 2338 καὶ
2466 2284 2597 2347 τοὺς

296 2356 508 2415 παῖδας
552 2352 616 2408 ἐν
650 2361 766 2415 τοῖς
802 2354 1246 2422 περιπορφύροις
1281 2351 1629 2420 καθέζεσθαι
1664 2354 1881 2423 σιωπὴν
1924 2354 2168 2425 ἔχοντας.
2225 2352 2495 2425 ἐξαίφνης
2531 2354 2595 2411 δὲ

297 2434 406 2479 τῶν
467 2429 670 2491 θυρῶν
727 2426 1104 2495 ἀνοιχθεισῶν
1164 2425 1302 2479 καθ’
1359 2422 1460 2479 ἕνα
1515 2434 1627 2479 τῶν
1681 2424 1905 2479 παίδων
1963 2424 2348 2495 ἀνισταμένων
2414 2426 2595 2499 κύκλῳ

297 2496 423 2565 περὶ
459 2496 560 2551 τὸν
595 2496 740 2551 θεὸν
778 2498 1300 2565 παραπορεύεσθαι,
1345 2496 1446 2551 τὸν
1488 2496 1550 2551 δὲ
1589 2496 1809 2559 πάντας
1846 2497 2169 2553 ἐπισκοπεῖν
2206 2497 2303 2551 καὶ
2340 2495 2593 2567 ἀποπέμ-

296 2587 424 2622 πειν
451 2565 830 2638 ἀχθομένους·
862 2568 937 2630 ὡς
964 2566 1018 2621 δ’
1053 2564 1216 2633 οὗτος
1241 2562 1314 2637 ἦν
1343 2568 1590 2635 προσιὼν
1619 2563 1745 2621 κατ’
1780 2566 1972 2631 αὐτόν,
2002 2568 2241 2623 ἐκτεῖναι
2270 2568 2373 2639 τὴν
2401 2569 2594 2635 δεξιὰν

297 2640 388 2693 καὶ
427 2638 632 2693 εἰπεῖν·
699 2633 788 2693 ⁰9.
815 2636 1104 2709 Ῥωμαῖοι,
1140 2637 1318 2707 πέρας
1351 2640 1484 2707 ὑμῖν
1531 2637 1815 2709 ἐμφυλίων
1863 2637 2119 2708 πολέμων
2165 2636 2329 2703 οὗτος
2372 2640 2594 2709 ἡγεμὼν

296 2708 614 2780 γενόμενος’
623 2753 633 2763 .
688 2708 960 2767 Τοιοῦτόν
989 2730 1165 2779 φασιν
1195 2710 1462 2765 ἐνύπνιον
1491 2709 1691 2765 ἰδόντα
1718 2710 1818 2765 τὸν
1847 2708 2139 2779 Κικέρωνα
2168 2712 2272 2781 τὴν
2300 2712 2401 2780 μὲν
2430 2711 2594 2767 ἰδέαν

297 2788 394 2835 τοῦ
431 2782 638 2843 παιδὸς
675 2782 1025 2852 ἐκμεμάχθαι
1061 2782 1158 2836 καὶ
1194 2779 1450 2851 κατέχειν
1489 2781 1751 2851 ἐναργῶς,
1789 2783 1963 2838 αὐτὸν
2000 2780 2055 2836 δ’
2093 2782 2196 2837 οὐκ
2234 2783 2591 2839 ἐπίστασθαι.

296 2850 425 2921 μεθ’
471 2851 686 2923 ἡμέραν
741 2851 804 2908 δὲ
851 2851 1294 2926 καταβαίνοντος
1349 2853 1429 2915 εἰς
1481 2852 1544 2908 τὸ
1598 2853 1799 2909 πεδίον
1854 2854 1917 2908 τὸ
1952 2849 2181 2922 Ἀρειον
2238 2854 2412 2909 αὐτοῦ
2462 2856 2595 2919 τοὺς

295 2925 504 2986 παῖδας
543 2923 650 2993 ἤδη
688 2923 1172 2993 γεγυμνασμένους
1209 2921 1351 2991 ἀπέρ
1389 2927 1556 2978 εσθαι
1582 2926 1855 2980 κάκεῖνον
1892 2925 2154 2993 ὀφθῆναι
2190 2930 2267 2997 τῷ
2318 2922 2593 2993 Κικέρωνι

295 3005 530 3062 πρῶτον,
561 2992 682 3058 οἷος
718 2995 891 3063 ὤφθη
920 2992 1061 3050 καθ’
1105 2992 1305 3061 ὕπνον,
1349 2944 1693 3065 ἔκπλαγέντα
1732 2993 1795 3051 δὲ
1833 2994 2257 3063 πυνθάνεσθαι,
2293 2994 2465 3051 τίνων
2504 2996 2589 3067 εἴη

297 3067 520 3134 γονέων.
587 3060 660 3135 ἦν
709 3062 771 3121 δὲ
817 3066 1026 3133 πατρὸς
1059 3064 1387 3122 Ὀκταουίου
1434 3076 1545 3121 τῶν
1593 3070 1696 3123 οὐκ
1734 3066 1884 3137 ἄγαν
1933 3067 2248 3137 ἐπιφανῶν,
2282 3065 2493 3131 Ἀττίας
2529 3068 2591 3123 δὲ

294 3138 496 3207 μητρὸς
532 3138 842 3207 ἀδελφιδῆς
871 3136 1169 3203 Καίσαρος.
1238 3136 1381 3193 ὅθεν
1410 3142 1631 3206 Καῖσαρ
1670 3139 1821 3211 αὐτῷ
1858 3140 2069 3201 παῖδας
2106 3140 2209 3194 οὐκ
2240 3139 2381 3210 ἔχων
2410 3137 2591 3203 ἰδίους

291 3208 392 3277 τὴν
430 3207 631 3263 οὐσίαν
671 3209 872 3264 ἑαυτοῦ
910 3211 1007 3264 καὶ
1043 3208 1143 3264 τὸν
1181 3204 1342 3264 οἶκον
1382 3209 1444 3264 ἐν
1489 3219 1612 3272 ταῖς
1650 3210 1961 3278 διαθήκαις
2001 3210 2222 3265 ἔδωκεν.
2293 3212 2440 3267 Cass.
2474 3212 2590 3267 Dio

296 3280 471 3335 XLV
488 3285 546 3346 2,
577 3287 608 3335 1
647 3279 964 3335 Παιδίσκου
991 3299 1050 3335 τε
1079 3282 1254 3336 αὐτοῦ
1283 3280 1445 3343 ὄντος
1473 3283 1569 3336 καὶ
1606 3282 1711 3351 τὴν
1748 3281 2046 3353 διατριβὴν
2083 3281 2145 3337 ἐν
2176 3280 2355 3355 Ῥώμῃ
2392 3302 2589 3338 ποιου-

291 3350 460 3420 μένου
509 3350 666 3417 leoga}
715 3370 850 3406 ποτε
887 3352 918 3407 ὁ
955 3350 1210 3421 Κικέρων
1248 3352 1388 3421 ὄναρ
1436 3351 1659 3407 ἁλύσεσὶ
1698 3372 1753 3407 τε
1792 3353 1967 3408 αὐτὸν
2005 3362 2235 3425 χρυσαῖς
2276 3353 2333 3416 ές
2366 3354 2431 3409 τὸ
2470 3358 2588 3408 Κα-

292 3424 554 3477 πιτώλιον
593 3422 655 3479 ἐκ
692 3432 792 3477 τοῦ
831 3426 1080 3490 οὐρανοῦ
1115 3427 1482 3494 καθιμῆσθαι
1519 3426 1616 3479 καὶ
1656 3424 1897 3551 μάστιῖα
1933 3424 2090 3491 παρὰ
2126 3434 2227 3479 τοῦ
2266 3425 2403 3487 Διὸς
2441 3424 2584 3495 εἰλη-

1875 3514 1933 3551 τε
1972 3499 2121 3569 αὐτῷ
2158 3505 2257 3566 τῆς
2290 3494 2587 3563 ὑστεραίας

319 3586 351 3655 ν
395 3566 548 3705 αέζβῷ
593 3570 668 3639 τῷ
715 3563 1046 3640 Καπιτωλίῳ
1103 3567 1199 3621 καὶ
1255 3564 1530 3637 γνωρίσας
1583 3568 1759 3623 αὐτὸν
1816 3566 2121 3637 διηγήσατο
2165 3576 2287 3632 τοῖς
2340 3576 2585 3636 παροῦσι

289 3656 390 3705 την
514 3657 586 3691 ιν.

467 3708 527 3763 3.
566 3708 664 3763 Ex
691 3708 876 3763 Dione
911 3709 1164 3765 Zonaras
1191 3712 1254 3764 X
1281 3714 1365 3765 12.
1398 3742 1464 3751 —
1496 3712 1585 3766 De
1619 3728 1845 3766 numero
1880 3712 1997 3765 uid.
2029 3726 2168 3765 mon.
2201 3711 2407 3781 Anoyr.
2437 3728 2481 3766 c.
2514 3716 2583 3766 15

289 3778 480 3833 Plebei
538 3780 825 3834 Romanae
878 3780 1096 3834 uiritim
1127 3800 1198 3835 fle
1227 3785 1480 3836 trecenos
1535 3782 1833 3837 numer-aui
1880 3798 1947 3836 ex
2002 3784 2343 3836 testamento
2400 3782 2579 3851 patris

289 3850 413 3904 mei.
481 3858 530 3906 et
577 3852 882 3907 Mommsen
927 3852 1358 3923 a.h.1.¹p.60-.
1411 3853 1639 3908 eundem
1683 3856 1801 3908 sinc
1845 3861 2066 3909 auctore
2112 3855 2364 3909 exhibent
2399 3854 2581 3909 Nicol.

291 3921 548 3979 Damaso.
597 3924 697 3979 uit.
739 3924 888 3979 Caes.
927 3941 968 3979 c.
1011 3929 1162 3995 1710.
1193 3930 1302 3980 436
1334 3926 1525 3981 Muell.
1583 3926 1729 3981 Suet.
1773 3926 1920 3982 Caes.
1959 3929 2048 3980 83.
2142 3926 2291 3981 Plut.
2327 3928 2457 3981 Ant.
2492 3930 2578 3980 16.

289 3994 448 4048 Brut.
479 3998 570 4049 20.
640 3996 784 4063 App.
815 3994 862 4050 b.
893 4013 936 4051 c.
965 3997 1042 4049 ΙΙ
1074 4001 1192 4051 143.
1239 3999 1472 4051 mutatio
1526 3998 1700 4068 igitur
1747 4014 2097 4051 numerorum
2144 3996 2298 4066 apud
2344 3996 2582 4053 Dionem

288 4067 378 4120 uel
409 4067 528 4121 οιίιε
563 4072 836 4121 auctorem
871 4068 1082 4123 subesse
1115 4068 1352 4123 uidetur.

287 4168 349 4175 -.—-.
382 4169 453 4175 —-
502 4169 764 4175 ————-—..

464 4228 532 4313 3,
583 4238 639 4295 5.
687 4230 1026 4315 τριάκοντα]
1073 4237 1196 4296 uid.
1237 4237 1374 4295 adn.

460 4316 531 4404 4,
583 4325 682 4384 15.
731 4344 764 4384 e
809 4326 978 4385 Leia.
1009 4319 1196 4385 Βίου)
1223 4344 1331 4385 om.
1361 4330 1457 4386 cet.
1487 4326 1649 4386 codd.

336 3493 484 3549 έναι·
542 3495 640 3549 καὶ
669 3496 758 3561 (οὐ
796 3494 902 3563 γὰρ
938 3494 1210 3565 ἠπίστατο
1249 3494 1396 3559 ὅστις
1431 3490 1522 3565 ἦν)
1551 3494 1810 3568 περιέτυχ
