<?xml version="1.0" encoding="UTF-8"?>
<!DOCTYPE html PUBLIC "-//W3C//DTD XHTML 1.0 Transitional//EN"
    "http://www.w3.org/TR/xhtml1/DTD/xhtml1-transitional.dtd">
<html xmlns="http://www.w3.org/1999/xhtml" xml:lang="en" lang="en">
 <head>
  <title>
</title>
<meta http-equiv="Content-Type" content="text/html;charset=utf-8" />
  <meta name='ocr-system' content='tesseract 3.04.00' />
  <meta name='ocr-capabilities' content='ocr_page ocr_carea ocr_par ocr_line ocrx_word'/>
</head>
<body>
  <div class='ocr_page' id='page_1' title='image "./historicorvmrom00petegoog_0172.png"; bbox 0 0 3234 5034; ppageno 0'>
   <div class='ocr_carea' id='block_1_1' title="bbox 1060 338 2611 413">
    <p class='ocr_par' dir='ltr' id='par_1_1' title="bbox 1060 338 2611 413">
     <span class='ocr_line' id='line_1_1' title="bbox 1060 338 2611 413; baseline -0.003 -11"><span class='ocrx_word' id='word_1_1' title='bbox 1060 344 1118 402; x_wconf 90' lang='lat' dir='ltr'><strong>C.</strong></span> <span class='ocrx_word' id='word_1_2' title='bbox 1155 342 1444 401; x_wconf 76' lang='lat' dir='ltr'><strong>PLINIVS</strong></span> <span class='ocrx_word' id='word_1_3' title='bbox 1483 338 1861 401; x_wconf 77' lang='lat' dir='ltr'>SECVNDVS</span> <span class='ocrx_word' id='word_1_4' title='bbox 2444 364 2611 413; x_wconf 70' lang='lat' dir='ltr'>CLXI</span> 
     </span>
    </p>
   </div>
   <div class='ocr_carea' id='block_1_2' title="bbox 301 506 2616 4441">
    <p class='ocr_par' dir='ltr' id='par_1_2' title="bbox 301 506 2616 4441">
     <span class='ocr_line' id='line_1_2' title="bbox 305 506 2613 581; baseline -0.001 -18"><span class='ocrx_word' id='word_1_5' title='bbox 305 508 600 565; x_wconf 86' lang='lat' dir='ltr'><strong>Saturnini</strong></span> <span class='ocrx_word' id='word_1_6' title='bbox 651 511 838 564; x_wconf 88' lang='lat' dir='ltr'><strong>morte</strong></span> <span class='ocrx_word' id='word_1_7' title='bbox 885 524 935 563; x_wconf 87' lang='lat' dir='ltr'><strong>a.</strong></span> <span class='ocrx_word' id='word_1_8' title='bbox 975 508 1225 581; x_wconf 77' lang='lat' dir='ltr'><strong>56l809).</strong></span> <span class='ocrx_word' id='word_1_9' title='bbox 1311 508 1394 563; x_wconf 90' lang='lat' dir='ltr'><strong><em>VI</em></strong></span> <span class='ocrx_word' id='word_1_10' title='bbox 1427 512 1643 563; x_wconf 85' lang='lat'><strong><em>84-—91</em></strong></span> <span class='ocrx_word' id='word_1_11' title='bbox 1682 506 1883 578; x_wconf 88' lang='lat' dir='ltr'><strong>(Nobis</strong></span> <span class='ocrx_word' id='word_1_12' title='bbox 1930 506 2029 579; x_wconf 90' lang='lat' dir='ltr'><strong>[de</strong></span> <span class='ocrx_word' id='word_1_13' title='bbox 2076 506 2433 579; x_wconf 73' lang='lat' dir='ltr'><strong>Taprobane]</strong></span> <span class='ocrx_word' id='word_1_14' title='bbox 2480 506 2613 561; x_wconf 88' lang='lat' dir='ltr'><strong>dili-</strong></span> 
     </span>
     <span class='ocr_line' id='line_1_3' title="bbox 303 586 2613 661; baseline -0.002 -16"><span class='ocrx_word' id='word_1_15' title='bbox 303 590 530 661; x_wconf 82' lang='lat' dir='ltr'><strong>gentior</strong></span> <span class='ocrx_word' id='word_1_16' title='bbox 565 588 778 645; x_wconf 84' lang='lat' dir='ltr'><strong>notitia</strong></span> <span class='ocrx_word' id='word_1_17' title='bbox 815 587 1056 657; x_wconf 86' lang='lat' dir='ltr'><strong>contigit</strong></span> <span class='ocrx_word' id='word_1_18' title='bbox 1090 587 1297 659; x_wconf 87' lang='lat' dir='ltr'><strong>legatis</strong></span> <span class='ocrx_word' id='word_1_19' title='bbox 1335 587 1508 642; x_wconf 86' lang='lat' dir='ltr'><strong>etiam</strong></span> <span class='ocrx_word' id='word_1_20' title='bbox 1545 604 1614 641; x_wconf 85' lang='lat' dir='ltr'><strong>ex</strong></span> <span class='ocrx_word' id='word_1_21' title='bbox 1652 604 1721 643; x_wconf 92' lang='lat' dir='ltr'><strong>ea</strong></span> <span class='ocrx_word' id='word_1_22' title='bbox 1754 586 1943 641; x_wconf 88' lang='lat' dir='ltr'><strong>insula</strong></span> <span class='ocrx_word' id='word_1_23' title='bbox 1980 586 2251 642; x_wconf 84' lang='lat' dir='ltr'><strong>adnectis.</strong></span> <span class='ocrx_word' id='word_1_24' title='bbox 2304 586 2363 641; x_wconf 88' lang='lat' dir='ltr'><strong>id</strong></span> <span class='ocrx_word' id='word_1_25' title='bbox 2403 586 2613 641; x_wconf 88' lang='lat' dir='ltr'><strong>accidit</strong></span> 
     </span>
     <span class='ocr_line' id='line_1_4' title="bbox 305 666 2612 739; baseline -0.002 -15"><span class='ocrx_word' id='word_1_26' title='bbox 305 670 413 724; x_wconf 91' lang='grc'><strong>1100</strong></span> <span class='ocrx_word' id='word_1_27' title='bbox 447 669 646 725; x_wconf 82' lang='grc' dir='ltr'><strong>111οᾶοε</strong></span> <span class='ocrx_word' id='word_1_28' title='bbox 687 672 748 723; x_wconf 89' lang='lat' dir='ltr'><strong>et</strong></span> <span class='ocrx_word' id='word_1_29' title='bbox 784 687 836 738; x_wconf 92' lang='lat' dir='ltr'><strong>q.</strong></span> <span class='ocrx_word' id='word_1_30' title='bbox 869 671 961 739; x_wconf 79' lang='lat' dir='ltr'><strong>s.);</strong></span> <span class='ocrx_word' id='word_1_31' title='bbox 1000 672 1106 723; x_wconf 86' lang='grc'><strong>181</strong></span> <span class='ocrx_word' id='word_1_32' title='bbox 1125 686 1202 737; x_wconf 75' lang='lat' dir='ltr'><strong>sq.</strong></span> <span class='ocrx_word' id='word_1_33' title='bbox 1242 668 1335 738; x_wconf 83' lang='grc'><strong>((10</strong></span> <span class='ocrx_word' id='word_1_34' title='bbox 1371 667 1578 738; x_wconf 68' lang='lat' dir='ltr'><strong>Syenes</strong></span> <span class='ocrx_word' id='word_1_35' title='bbox 1637 670 1788 723; x_wconf 86' lang='lat' dir='ltr'><strong>certe</strong></span> <span class='ocrx_word' id='word_1_36' title='bbox 1826 666 2159 722; x_wconf 79' lang='lat' dir='ltr'>solitudines</span> <span class='ocrx_word' id='word_1_37' title='bbox 2196 684 2377 739; x_wconf 81' lang='lat' dir='ltr'><strong>nuper</strong></span> <span class='ocrx_word' id='word_1_38' title='bbox 2410 683 2612 722; x_wconf 89' lang='lat' dir='ltr'><strong>renun-</strong></span> 
     </span>
     <span class='ocr_line' id='line_1_5' title="bbox 305 747 2613 821; baseline -0.001 -16"><span class='ocrx_word' id='word_1_39' title='bbox 305 752 525 805; x_wconf 89' lang='lat' dir='ltr'><strong>tiauere</strong></span> <span class='ocrx_word' id='word_1_40' title='bbox 571 748 820 821; x_wconf 84' lang='lat' dir='ltr'><strong>principi</strong></span> <span class='ocrx_word' id='word_1_41' title='bbox 867 748 1077 803; x_wconf 83' lang='lat' dir='ltr'><strong>Neroni</strong></span> <span class='ocrx_word' id='word_1_42' title='bbox 1121 748 1282 803; x_wconf 90' lang='lat' dir='ltr'><strong>missi</strong></span> <span class='ocrx_word' id='word_1_43' title='bbox 1327 748 1399 803; x_wconf 89' lang='lat' dir='ltr'><strong>ab</strong></span> <span class='ocrx_word' id='word_1_44' title='bbox 1446 764 1513 803; x_wconf 90' lang='lat' dir='ltr'><strong>eo</strong></span> <span class='ocrx_word' id='word_1_45' title='bbox 1558 748 1771 803; x_wconf 78' lang='lat' dir='ltr'><strong>milites</strong></span> <span class='ocrx_word' id='word_1_46' title='bbox 1815 747 2161 819; x_wconf 86' lang='lat' dir='ltr'><strong>praetoriani</strong></span> <span class='ocrx_word' id='word_1_47' title='bbox 2208 764 2335 803; x_wconf 88' lang='lat' dir='ltr'><strong>cum</strong></span> <span class='ocrx_word' id='word_1_48' title='bbox 2383 748 2613 803; x_wconf 87' lang='lat' dir='ltr'><strong>tribuno</strong></span> 
     </span>
     <span class='ocr_line' id='line_1_6' title="bbox 307 826 2609 901; baseline -0.001 -16"><span class='ocrx_word' id='word_1_49' title='bbox 307 831 382 885; x_wconf 87' lang='lat' dir='ltr'><strong>ad</strong></span> <span class='ocrx_word' id='word_1_50' title='bbox 419 830 850 901; x_wconf 84' lang='lat' dir='ltr'><strong>explorandum,</strong></span> <span class='ocrx_word' id='word_1_51' title='bbox 887 829 1035 885; x_wconf 86' lang='lat' dir='ltr'><strong>inter</strong></span> <span class='ocrx_word' id='word_1_52' title='bbox 1069 827 1290 899; x_wconf 87' lang='lat' dir='ltr'><strong>reliqua</strong></span> <span class='ocrx_word' id='word_1_53' title='bbox 1324 828 1480 884; x_wconf 90' lang='lat' dir='ltr'><strong>bella</strong></span> <span class='ocrx_word' id='word_1_54' title='bbox 1517 832 1576 884; x_wconf 90' lang='lat' dir='ltr'><strong>et</strong></span> <span class='ocrx_word' id='word_1_55' title='bbox 1609 828 2007 900; x_wconf 87' lang='lat' dir='ltr'><strong>Aethiopicum</strong></span> <span class='ocrx_word' id='word_1_56' title='bbox 2046 826 2323 899; x_wconf 73' lang='lat' dir='ltr'><strong>cogitanti</strong></span> <span class='ocrx_word' id='word_1_57' title='bbox 2360 832 2420 883; x_wconf 91' lang='lat' dir='ltr'><strong>et</strong></span> <span class='ocrx_word' id='word_1_58' title='bbox 2445 847 2498 898; x_wconf 89' lang='lat' dir='ltr'><strong>q.</strong></span> <span class='ocrx_word' id='word_1_59' title='bbox 2520 830 2609 899; x_wconf 82' lang='lat' dir='ltr'><strong>s.)3</strong></span> 
     </span>
     <span class='ocr_line' id='line_1_7' title="bbox 305 908 2611 981; baseline -0 -15"><span class='ocrx_word' id='word_1_60' title='bbox 305 916 418 967; x_wconf 84' lang='lat'><strong>184</strong></span> <span class='ocrx_word' id='word_1_61' title='bbox 445 912 588 966; x_wconf 88' lang='lat' dir='ltr'><strong>item</strong></span> <span class='ocrx_word' id='word_1_62' title='bbox 609 910 679 965; x_wconf 90' lang='lat' dir='ltr'><strong>de</strong></span> <span class='ocrx_word' id='word_1_63' title='bbox 700 910 906 980; x_wconf 74' lang='lat' dir='ltr'><strong>Syene:</strong></span> <span class='ocrx_word' id='word_1_64' title='bbox 932 908 1192 981; x_wconf 86' lang='lat' dir='ltr'><strong>(Neronis</strong></span> <span class='ocrx_word' id='word_1_65' title='bbox 1219 909 1604 981; x_wconf 73' lang='lat' dir='ltr'><strong>exploratores</strong></span> <span class='ocrx_word' id='word_1_66' title='bbox 1630 910 2027 965; x_wconf 85' lang='lat' dir='ltr'><strong>renuntiauere</strong></span> <span class='ocrx_word' id='word_1_67' title='bbox 2054 908 2145 964; x_wconf 91' lang='lat' dir='ltr'><strong>his</strong></span> <span class='ocrx_word' id='word_1_68' title='bbox 2170 908 2353 963; x_wconf 89' lang='lat' dir='ltr'><strong>modis</strong></span> <span class='ocrx_word' id='word_1_69' title='bbox 2383 912 2443 963; x_wconf 90' lang='lat' dir='ltr'><strong>et</strong></span> <span class='ocrx_word' id='word_1_70' title='bbox 2463 926 2517 977; x_wconf 90' lang='lat' dir='ltr'><strong>q.</strong></span> <span class='ocrx_word' id='word_1_71' title='bbox 2530 912 2611 980; x_wconf 91' lang='lat' dir='ltr'><strong>s.).</strong></span> 
     </span>
     <span class='ocr_line' id='line_1_8' title="bbox 317 988 2614 1061; baseline -0.002 -13"><span class='ocrx_word' id='word_1_72' title='bbox 317 992 476 1049; x_wconf 85' lang='lat' dir='ltr'><strong><em>VIII</em></strong></span> <span class='ocrx_word' id='word_1_73' title='bbox 501 996 614 1047; x_wconf 82' lang='lat'><strong>160</strong></span> <span class='ocrx_word' id='word_1_74' title='bbox 651 990 756 1061; x_wconf 89' lang='lat' dir='ltr'><strong>(De</strong></span> <span class='ocrx_word' id='word_1_75' title='bbox 793 1006 1063 1061; x_wconf 87' lang='lat' dir='ltr'><strong>equorum</strong></span> <span class='ocrx_word' id='word_1_76' title='bbox 1099 989 1370 1061; x_wconf 81' lang='lat' dir='ltr'><strong>ingeniis:</strong></span> <span class='ocrx_word' id='word_1_77' title='bbox 1410 988 1610 1045; x_wconf 89' lang='lat' dir='ltr'><strong>Claudi</strong></span> <span class='ocrx_word' id='word_1_78' title='bbox 1648 990 1903 1045; x_wconf 72' lang='lat' dir='ltr'><strong>Caesaris</strong></span> <span class='ocrx_word' id='word_1_79' title='bbox 1942 988 2317 1045; x_wconf 86' lang='lat' dir='ltr'><strong>saecularium</strong></span> <span class='ocrx_word' id='word_1_80' title='bbox 2354 988 2614 1043; x_wconf 89' lang='lat' dir='ltr'><strong>ludorum</strong></span> 
     </span>
     <span class='ocr_line' id='line_1_9' title="bbox 305 1068 2609 1143; baseline -0.001 -16"><span class='ocrx_word' id='word_1_81' title='bbox 305 1071 692 1143; x_wconf 72' lang='lat' dir='ltr'><strong>circensibus).</strong></span> <span class='ocrx_word' id='word_1_82' title='bbox 751 1072 850 1126; x_wconf 93' lang='lat' dir='ltr'><strong>IX</strong></span> <span class='ocrx_word' id='word_1_83' title='bbox 876 1074 912 1126; x_wconf 87' lang='lat'><strong><em>9</em></strong></span> <span class='ocrx_word' id='word_1_84' title='bbox 940 1070 1213 1141; x_wconf 79' lang='lat' dir='ltr'><strong>(‘Tiberio</strong></span> <span class='ocrx_word' id='word_1_85' title='bbox 1249 1069 1494 1142; x_wconf 87' lang='lat' dir='ltr'><strong>principi</strong></span> <span class='ocrx_word' id='word_1_86' title='bbox 1530 1069 1822 1125; x_wconf 88' lang='lat' dir='ltr'><strong>nuntiauit</strong></span> <span class='ocrx_word' id='word_1_87' title='bbox 1859 1068 2333 1141; x_wconf 75' lang='lat' dir='ltr'><strong>olisiponensium</strong></span> <span class='ocrx_word' id='word_1_88' title='bbox 2372 1069 2609 1141; x_wconf 88' lang='lat' dir='ltr'><strong>legatio’</strong></span> 
     </span>
     <span class='ocr_line' id='line_1_10' title="bbox 305 1149 2612 1221; baseline -0.001 -14"><span class='ocrx_word' id='word_1_89' title='bbox 305 1152 378 1207; x_wconf 87' lang='lat' dir='ltr'><strong>de</strong></span> <span class='ocrx_word' id='word_1_90' title='bbox 415 1152 685 1207; x_wconf 74' lang='lat' dir='ltr'><strong>monstris</strong></span> <span class='ocrx_word' id='word_1_91' title='bbox 719 1150 1002 1221; x_wconf 83' lang='lat' dir='ltr'><strong>marinis);</strong></span> <span class='ocrx_word' id='word_1_92' title='bbox 1041 1156 1112 1206; x_wconf 91' lang='lat'><strong>14</strong></span> <span class='ocrx_word' id='word_1_93' title='bbox 1148 1150 1252 1221; x_wconf 86' lang='lat' dir='ltr'><strong>(De</strong></span> <span class='ocrx_word' id='word_1_94' title='bbox 1281 1167 1413 1206; x_wconf 88' lang='lat' dir='ltr'><strong>orca</strong></span> <span class='ocrx_word' id='word_1_95' title='bbox 1439 1151 1501 1205; x_wconf 91' lang='lat' dir='ltr'><strong>in</strong></span> <span class='ocrx_word' id='word_1_96' title='bbox 1528 1150 1673 1206; x_wconf 88' lang='lat' dir='ltr'><strong>ostio</strong></span> <span class='ocrx_word' id='word_1_97' title='bbox 1702 1149 1968 1205; x_wconf 90' lang='lat' dir='ltr'><strong>Tiberino</strong></span> <span class='ocrx_word' id='word_1_98' title='bbox 1996 1149 2169 1221; x_wconf 69' lang='lat' dir='ltr'><strong>uisa),</strong></span> <span class='ocrx_word' id='word_1_99' title='bbox 2207 1154 2317 1205; x_wconf 83' lang='lat'><strong>117</strong></span> <span class='ocrx_word' id='word_1_100' title='bbox 2352 1150 2612 1221; x_wconf 84' lang='lat' dir='ltr'><strong>(Lolliam</strong></span> 
     </span>
     <span class='ocr_line' id='line_1_11' title="bbox 303 1230 2613 1303; baseline -0.001 -16"><span class='ocrx_word' id='word_1_101' title='bbox 303 1231 628 1301; x_wconf 86' lang='lat' dir='ltr'><strong>Paulinam,</strong></span> <span class='ocrx_word' id='word_1_102' title='bbox 665 1248 812 1302; x_wconf 88' lang='lat' dir='ltr'><strong>quae</strong></span> <span class='ocrx_word' id='word_1_103' title='bbox 847 1231 962 1287; x_wconf 82' lang='lat' dir='ltr'><strong>fuit</strong></span> <span class='ocrx_word' id='word_1_104' title='bbox 996 1230 1103 1286; x_wconf 84' lang='lat' dir='ltr'><strong>Gai</strong></span> <span class='ocrx_word' id='word_1_105' title='bbox 1139 1230 1412 1303; x_wconf 89' lang='lat' dir='ltr'><strong>principis</strong></span> <span class='ocrx_word' id='word_1_106' title='bbox 1449 1234 1727 1299; x_wconf 84' lang='lat' dir='ltr'><strong>matrona,</strong></span> <span class='ocrx_word' id='word_1_107' title='bbox 1764 1262 1833 1271; x_wconf 94' lang='lat'><strong>—</strong></span> <span class='ocrx_word' id='word_1_108' title='bbox 1869 1230 1994 1285; x_wconf 89' lang='lat' dir='ltr'><strong>uidi</strong></span> <span class='ocrx_word' id='word_1_109' title='bbox 2030 1230 2345 1300; x_wconf 79' lang='lat' dir='ltr'><strong>zmaragdis</strong></span> <span class='ocrx_word' id='word_1_110' title='bbox 2392 1246 2613 1301; x_wconf 85' lang='lat' dir='ltr'><strong>marga—</strong></span> 
     </span>
     <span class='ocr_line' id='line_1_12' title="bbox 301 1310 2613 1384; baseline -0.002 -15"><span class='ocrx_word' id='word_1_111' title='bbox 301 1312 548 1383; x_wconf 83' lang='lat' dir='ltr'><strong>ritisque</strong></span> <span class='ocrx_word' id='word_1_112' title='bbox 577 1316 836 1383; x_wconf 85' lang='lat' dir='ltr'><strong>opertam</strong></span> <span class='ocrx_word' id='word_1_113' title='bbox 863 1316 922 1367; x_wconf 89' lang='lat' dir='ltr'><strong>et</strong></span> <span class='ocrx_word' id='word_1_114' title='bbox 949 1330 1002 1383; x_wconf 88' lang='lat' dir='ltr'><strong>q.</strong></span> <span class='ocrx_word' id='word_1_115' title='bbox 1024 1316 1106 1383; x_wconf 91' lang='lat' dir='ltr'><strong>s.).</strong></span> <span class='ocrx_word' id='word_1_116' title='bbox 1145 1313 1208 1367; x_wconf 90' lang='lat' dir='ltr'><em>X</em></span> <span class='ocrx_word' id='word_1_117' title='bbox 1233 1316 1268 1367; x_wconf 83' lang='lat'><em>5</em></span> <span class='ocrx_word' id='word_1_118' title='bbox 1296 1311 1544 1383; x_wconf 90' lang='lat' dir='ltr'><strong>(adlatus</strong></span> <span class='ocrx_word' id='word_1_119' title='bbox 1573 1314 1663 1366; x_wconf 87' lang='lat' dir='ltr'><strong>est</strong></span> <span class='ocrx_word' id='word_1_120' title='bbox 1688 1311 1981 1384; x_wconf 81' lang='lat' dir='ltr'><strong>[phoenix]</strong></span> <span class='ocrx_word' id='word_1_121' title='bbox 2011 1314 2070 1366; x_wconf 89' lang='lat' dir='ltr'><strong>et</strong></span> <span class='ocrx_word' id='word_1_122' title='bbox 2096 1310 2157 1366; x_wconf 90' lang='lat' dir='ltr'><strong>in</strong></span> <span class='ocrx_word' id='word_1_123' title='bbox 2184 1310 2381 1365; x_wconf 89' lang='lat' dir='ltr'><strong>urbem</strong></span> <span class='ocrx_word' id='word_1_124' title='bbox 2408 1310 2613 1366; x_wconf 78' lang='lat' dir='ltr'><strong>Claudi</strong></span> 
     </span>
     <span class='ocr_line' id='line_1_13' title="bbox 303 1389 2613 1464; baseline 0 -17"><span class='ocrx_word' id='word_1_125' title='bbox 303 1391 584 1464; x_wconf 87' lang='lat' dir='ltr'><strong>principis</strong></span> <span class='ocrx_word' id='word_1_126' title='bbox 623 1410 876 1463; x_wconf 86' lang='lat' dir='ltr'><strong>censura,</strong></span> <span class='ocrx_word' id='word_1_127' title='bbox 913 1409 1064 1447; x_wconf 88' lang='lat' dir='ltr'><strong>anno</strong></span> <span class='ocrx_word' id='word_1_128' title='bbox 1101 1391 1256 1447; x_wconf 86' lang='lat' dir='ltr'><strong>urbis</strong></span> <span class='ocrx_word' id='word_1_129' title='bbox 1292 1411 1448 1461; x_wconf 81' lang='lat' dir='ltr'><strong>neoc,</strong></span> <span class='ocrx_word' id='word_1_130' title='bbox 1487 1396 1546 1447; x_wconf 89' lang='lat' dir='ltr'><strong>et</strong></span> <span class='ocrx_word' id='word_1_131' title='bbox 1573 1392 1635 1447; x_wconf 88' lang='lat' dir='ltr'><strong>in</strong></span> <span class='ocrx_word' id='word_1_132' title='bbox 1662 1390 1892 1447; x_wconf 89' lang='lat' dir='ltr'><strong>comitio</strong></span> <span class='ocrx_word' id='word_1_133' title='bbox 1919 1390 2262 1463; x_wconf 86' lang='lat' dir='ltr'><strong>propositus,</strong></span> <span class='ocrx_word' id='word_1_134' title='bbox 2291 1392 2443 1459; x_wconf 89' lang='lat' dir='ltr'><strong>quod</strong></span> <span class='ocrx_word' id='word_1_135' title='bbox 2470 1389 2613 1447; x_wconf 86' lang='lat' dir='ltr'><strong>actis</strong></span> 
     </span>
     <span class='ocr_line' id='line_1_14' title="bbox 303 1469 2614 1543; baseline -0 -15"><span class='ocrx_word' id='word_1_136' title='bbox 303 1476 588 1529; x_wconf 87' lang='lat' dir='ltr'><strong>testatum</strong></span> <span class='ocrx_word' id='word_1_137' title='bbox 624 1476 728 1541; x_wconf 87' lang='lat' dir='ltr'><strong>est,</strong></span> <span class='ocrx_word' id='word_1_138' title='bbox 765 1472 867 1527; x_wconf 90' lang='lat' dir='ltr'><strong>sed</strong></span> <span class='ocrx_word' id='word_1_139' title='bbox 903 1489 1071 1543; x_wconf 89' lang='lat' dir='ltr'><strong>quem</strong></span> <span class='ocrx_word' id='word_1_140' title='bbox 1098 1472 1303 1527; x_wconf 82' lang='lat' dir='ltr'><strong>falsum</strong></span> <span class='ocrx_word' id='word_1_141' title='bbox 1331 1489 1454 1527; x_wconf 90' lang='lat' dir='ltr'><strong>esse</strong></span> <span class='ocrx_word' id='word_1_142' title='bbox 1482 1488 1646 1527; x_wconf 91' lang='lat' dir='ltr'><strong>nemo</strong></span> <span class='ocrx_word' id='word_1_143' title='bbox 1675 1469 2008 1541; x_wconf 82' lang='lat' dir='ltr'><strong>dubitaret);</strong></span> <span class='ocrx_word' id='word_1_144' title='bbox 2050 1475 2157 1528; x_wconf 91' lang='grc'><strong>124</strong></span> <span class='ocrx_word' id='word_1_145' title='bbox 2195 1472 2364 1540; x_wconf 89' lang='lat' dir='ltr'><strong>(nunc</strong></span> <span class='ocrx_word' id='word_1_146' title='bbox 2391 1488 2614 1541; x_wconf 90' lang='lat' dir='ltr'><strong>quoque</strong></span> 
     </span>
     <span class='ocr_line' id='line_1_15' title="bbox 307 1550 2616 1624; baseline -0.001 -15"><span class='ocrx_word' id='word_1_147' title='bbox 307 1556 432 1609; x_wconf 85' lang='lat' dir='ltr'><strong>erat</strong></span> <span class='ocrx_word' id='word_1_148' title='bbox 467 1554 532 1609; x_wconf 86' lang='lat' dir='ltr'><strong>in</strong></span> <span class='ocrx_word' id='word_1_149' title='bbox 570 1552 710 1608; x_wconf 90' lang='lat' dir='ltr'><strong>urbe</strong></span> <span class='ocrx_word' id='word_1_150' title='bbox 739 1554 920 1608; x_wconf 86' lang='lat' dir='ltr'><strong>Roma</strong></span> <span class='ocrx_word' id='word_1_151' title='bbox 955 1554 1098 1608; x_wconf 89' lang='lat' dir='ltr'><strong>haec</strong></span> <span class='ocrx_word' id='word_1_152' title='bbox 1133 1552 1406 1624; x_wconf 75' lang='lat' dir='ltr'><strong>prodente</strong></span> <span class='ocrx_word' id='word_1_153' title='bbox 1443 1569 1532 1607; x_wconf 90' lang='lat' dir='ltr'><strong>me</strong></span> <span class='ocrx_word' id='word_1_154' title='bbox 1571 1551 1779 1622; x_wconf 90' lang='lat' dir='ltr'><strong>equitis</strong></span> <span class='ocrx_word' id='word_1_155' title='bbox 1808 1552 2049 1606; x_wconf 89' lang='lat' dir='ltr'><strong>Romani</strong></span> <span class='ocrx_word' id='word_1_156' title='bbox 2085 1550 2278 1607; x_wconf 85' lang='lat' dir='ltr'><strong>cornix</strong></span> <span class='ocrx_word' id='word_1_157' title='bbox 2314 1568 2345 1607; x_wconf 90' lang='lat' dir='ltr'><strong>e</strong></span> <span class='ocrx_word' id='word_1_158' title='bbox 2382 1550 2616 1606; x_wconf 86' lang='lat' dir='ltr'><strong>Baetica</strong></span> 
     </span>
     <span class='ocr_line' id='line_1_16' title="bbox 305 1632 2613 1705; baseline 0 -17"><span class='ocrx_word' id='word_1_159' title='bbox 305 1634 556 1705; x_wconf 88' lang='lat' dir='ltr'><strong>primum</strong></span> <span class='ocrx_word' id='word_1_160' title='bbox 593 1634 780 1689; x_wconf 88' lang='lat' dir='ltr'><strong>colore</strong></span> <span class='ocrx_word' id='word_1_161' title='bbox 817 1635 960 1688; x_wconf 88' lang='lat' dir='ltr'><strong>mira</strong></span> <span class='ocrx_word' id='word_1_162' title='bbox 997 1632 1302 1688; x_wconf 90' lang='lat' dir='ltr'><strong>admodum</strong></span> <span class='ocrx_word' id='word_1_163' title='bbox 1338 1633 1518 1704; x_wconf 88' lang='lat' dir='ltr'><strong>nigro,</strong></span> <span class='ocrx_word' id='word_1_164' title='bbox 1567 1632 1774 1688; x_wconf 88' lang='lat' dir='ltr'><strong>deinde</strong></span> <span class='ocrx_word' id='word_1_165' title='bbox 1808 1632 1975 1703; x_wconf 87' lang='lat' dir='ltr'><strong>plura</strong></span> <span class='ocrx_word' id='word_1_166' title='bbox 2010 1634 2277 1687; x_wconf 87' lang='lat' dir='ltr'><strong>contexta</strong></span> <span class='ocrx_word' id='word_1_167' title='bbox 2310 1633 2487 1687; x_wconf 88' lang='lat' dir='ltr'><strong>uerba</strong></span> <span class='ocrx_word' id='word_1_168' title='bbox 2523 1648 2613 1688; x_wconf 87' lang='lat' dir='ltr'><strong>ex·</strong></span> 
     </span>
     <span class='ocr_line' id='line_1_17' title="bbox 303 1711 2613 1786; baseline -0.001 -17"><span class='ocrx_word' id='word_1_169' title='bbox 303 1714 558 1786; x_wconf 87' lang='lat' dir='ltr'><strong>primens</strong></span> <span class='ocrx_word' id='word_1_170' title='bbox 587 1718 648 1770; x_wconf 90' lang='lat' dir='ltr'><strong>et</strong></span> <span class='ocrx_word' id='word_1_171' title='bbox 676 1714 792 1769; x_wconf 86' lang='lat' dir='ltr'><strong>alia</strong></span> <span class='ocrx_word' id='word_1_172' title='bbox 820 1717 992 1784; x_wconf 85' lang='lat' dir='ltr'><strong>atque</strong></span> <span class='ocrx_word' id='word_1_173' title='bbox 1021 1713 1138 1769; x_wconf 83' lang='lat' dir='ltr'><strong>alia</strong></span> <span class='ocrx_word' id='word_1_174' title='bbox 1166 1714 1360 1769; x_wconf 89' lang='lat' dir='ltr'><strong>crebro</strong></span> <span class='ocrx_word' id='word_1_175' title='bbox 1385 1712 1718 1785; x_wconf 78' lang='lat' dir='ltr'><strong>addiscens).</strong></span> <span class='ocrx_word' id='word_1_176' title='bbox 1762 1714 1864 1769; x_wconf 85' lang='lat' dir='ltr'><strong>XI</strong></span> <span class='ocrx_word' id='word_1_177' title='bbox 1884 1718 1992 1769; x_wconf 88' lang='lat'><strong>144</strong></span> <span class='ocrx_word' id='word_1_178' title='bbox 2011 1712 2269 1783; x_wconf 86' lang='lat' dir='ltr'><strong>(Claudio</strong></span> <span class='ocrx_word' id='word_1_179' title='bbox 2289 1711 2517 1768; x_wconf 81' lang='lat' dir='ltr'><strong>Caesari</strong></span> <span class='ocrx_word' id='word_1_180' title='bbox 2539 1714 2613 1768; x_wconf 89' lang='lat' dir='ltr'><strong>ab</strong></span> 
     </span>
     <span class='ocr_line' id='line_1_18' title="bbox 306 1792 2613 1867; baseline -0.001 -16"><span class='ocrx_word' id='word_1_181' title='bbox 306 1795 536 1867; x_wconf 85' lang='lat' dir='ltr'><strong>angulis</strong></span> <span class='ocrx_word' id='word_1_182' title='bbox 575 1794 820 1850; x_wconf 86' lang='lat' dir='ltr'><strong>candore</strong></span> <span class='ocrx_word' id='word_1_183' title='bbox 856 1811 1090 1851; x_wconf 86' lang='lat' dir='ltr'><strong>carnoso</strong></span> <span class='ocrx_word' id='word_1_184' title='bbox 1127 1794 1454 1866; x_wconf 75' lang='lat' dir='ltr'><strong>sanguineis</strong></span> <span class='ocrx_word' id='word_1_185' title='bbox 1491 1794 1653 1849; x_wconf 90' lang='lat' dir='ltr'><strong>uenis</strong></span> <span class='ocrx_word' id='word_1_186' title='bbox 1692 1793 1931 1849; x_wconf 85' lang='lat' dir='ltr'><strong>subinde</strong></span> <span class='ocrx_word' id='word_1_187' title='bbox 1969 1792 2187 1848; x_wconf 88' lang='lat' dir='ltr'><strong>subfusi</strong></span> <span class='ocrx_word' id='word_1_188' title='bbox 2225 1793 2443 1867; x_wconf 87' lang='lat' dir='ltr'><strong>[oculi],</strong></span> <span class='ocrx_word' id='word_1_189' title='bbox 2472 1792 2613 1849; x_wconf 87' lang='lat' dir='ltr'><strong>Gaio</strong></span> 
     </span>
     <span class='ocr_line' id='line_1_19' title="bbox 305 1873 2612 1947; baseline -0.002 -16"><span class='ocrx_word' id='word_1_190' title='bbox 305 1876 557 1947; x_wconf 83' lang='lat' dir='ltr'><strong>principi</strong></span> <span class='ocrx_word' id='word_1_191' title='bbox 583 1874 853 1946; x_wconf 80' lang='lat' dir='ltr'><strong>rigentes,</strong></span> <span class='ocrx_word' id='word_1_192' title='bbox 889 1873 1100 1931; x_wconf 85' lang='lat' dir='ltr'><strong>Neroni</strong></span> <span class='ocrx_word' id='word_1_193' title='bbox 1126 1878 1186 1931; x_wconf 89' lang='lat' dir='ltr'><strong>et</strong></span> <span class='ocrx_word' id='word_1_194' title='bbox 1211 1893 1264 1943; x_wconf 91' lang='lat' dir='ltr'><strong>q.</strong></span> <span class='ocrx_word' id='word_1_195' title='bbox 1282 1893 1324 1930; x_wconf 91' lang='lat' dir='ltr'><strong>s.</strong></span> <span class='ocrx_word' id='word_1_196' title='bbox 1361 1874 1572 1945; x_wconf 87' lang='lat' dir='ltr'><strong>uiginti</strong></span> <span class='ocrx_word' id='word_1_197' title='bbox 1599 1873 1981 1945; x_wconf 71' lang='lat' dir='ltr'><strong>gladiatorum</strong></span> <span class='ocrx_word' id='word_1_198' title='bbox 2008 1874 2171 1944; x_wconf 89' lang='lat' dir='ltr'><strong>paria</strong></span> <span class='ocrx_word' id='word_1_199' title='bbox 2194 1874 2253 1927; x_wconf 90' lang='lat' dir='ltr'><strong>in</strong></span> <span class='ocrx_word' id='word_1_200' title='bbox 2279 1874 2385 1928; x_wconf 86' lang='lat' dir='ltr'><strong>Gai</strong></span> <span class='ocrx_word' id='word_1_201' title='bbox 2407 1873 2612 1943; x_wconf 88' lang='lat' dir='ltr'><strong>princi-</strong></span> 
     </span>
     <span class='ocr_line' id='line_1_20' title="bbox 305 1952 2615 2027; baseline -0 -17"><span class='ocrx_word' id='word_1_202' title='bbox 305 1956 396 2027; x_wconf 88' lang='lat' dir='ltr'><strong>pis</strong></span> <span class='ocrx_word' id='word_1_203' title='bbox 418 1956 558 2011; x_wconf 91' lang='lat' dir='ltr'><strong>ludo</strong></span> <span class='ocrx_word' id='word_1_204' title='bbox 583 1955 758 2025; x_wconf 87' lang='lat' dir='ltr'><strong>fuere,</strong></span> <span class='ocrx_word' id='word_1_205' title='bbox 779 1952 838 2011; x_wconf 90' lang='lat' dir='ltr'><strong>in</strong></span> <span class='ocrx_word' id='word_1_206' title='bbox 861 1956 934 2010; x_wconf 88' lang='lat' dir='ltr'><strong>iis</strong></span> <span class='ocrx_word' id='word_1_207' title='bbox 959 1955 1070 2010; x_wconf 89' lang='lat' dir='ltr'><strong>duo</strong></span> <span class='ocrx_word' id='word_1_208' title='bbox 1096 1954 1338 2021; x_wconf 87' lang='lat' dir='ltr'><strong>omnino,</strong></span> <span class='ocrx_word' id='word_1_209' title='bbox 1363 1955 1464 2024; x_wconf 90' lang='lat' dir='ltr'><strong>qui</strong></span> <span class='ocrx_word' id='word_1_210' title='bbox 1489 1956 1687 2010; x_wconf 77' lang='lat' dir='ltr'><strong>contu-a</strong></span> <span class='ocrx_word' id='word_1_211' title='bbox 1710 1954 2205 2009; x_wconf 77' lang='lat' dir='ltr'><strong>comminationem</strong></span> <span class='ocrx_word' id='word_1_212' title='bbox 2228 1953 2477 2023; x_wconf 82' lang='lat' dir='ltr'><strong>aliquam</strong></span> <span class='ocrx_word' id='word_1_213' title='bbox 2500 1973 2615 2011; x_wconf 89' lang='lat' dir='ltr'><strong>non</strong></span> 
     </span>
     <span class='ocr_line' id='line_1_21' title="bbox 307 2033 2612 2105; baseline -0 -14"><span class='ocrx_word' id='word_1_214' title='bbox 307 2037 658 2103; x_wconf 74' lang='lat' dir='ltr'><strong>coniuerent,</strong></span> <span class='ocrx_word' id='word_1_215' title='bbox 679 2039 738 2091; x_wconf 89' lang='lat' dir='ltr'><strong>et</strong></span> <span class='ocrx_word' id='word_1_216' title='bbox 759 2037 834 2091; x_wconf 90' lang='lat' dir='ltr'><strong>ob</strong></span> <span class='ocrx_word' id='word_1_217' title='bbox 857 2036 918 2090; x_wconf 88' lang='lat' dir='ltr'><strong>id</strong></span> <span class='ocrx_word' id='word_1_218' title='bbox 941 2036 1178 2105; x_wconf 82' lang='lat' dir='ltr'><strong>inuicti).</strong></span> <span class='ocrx_word' id='word_1_219' title='bbox 1219 2036 1392 2091; x_wconf 87' lang='lat' dir='ltr'><strong><em>XIII</em></strong></span> <span class='ocrx_word' id='word_1_220' title='bbox 1405 2039 1483 2091; x_wconf 80' lang='grc'><strong>22</strong></span> <span class='ocrx_word' id='word_1_221' title='bbox 1501 2034 1781 2105; x_wconf 86' lang='lat' dir='ltr'><strong>(Vidimus</strong></span> <span class='ocrx_word' id='word_1_222' title='bbox 1806 2035 1981 2090; x_wconf 85' lang='lat' dir='ltr'><strong>etiam</strong></span> <span class='ocrx_word' id='word_1_223' title='bbox 2002 2033 2250 2105; x_wconf 83' lang='lat' dir='ltr'><strong>uestigia</strong></span> <span class='ocrx_word' id='word_1_224' title='bbox 2270 2035 2481 2105; x_wconf 88' lang='lat' dir='ltr'><strong>pedum</strong></span> <span class='ocrx_word' id='word_1_225' title='bbox 2502 2035 2612 2090; x_wconf 90' lang='lat' dir='ltr'><strong>tin-</strong></span> 
     </span>
     <span class='ocr_line' id='line_1_22' title="bbox 307 2113 2613 2193; baseline -0 -21"><span class='ocrx_word' id='word_1_226' title='bbox 307 2118 428 2189; x_wconf 84' lang='lat' dir='ltr'><strong>gui,</strong></span> <span class='ocrx_word' id='word_1_227' title='bbox 465 2117 623 2187; x_wconf 89' lang='lat' dir='ltr'><strong>quod</strong></span> <span class='ocrx_word' id='word_1_228' title='bbox 649 2120 992 2193; x_wconf 77' lang='lat' dir='ltr'><strong>monstrasse</strong></span> <span class='ocrx_word' id='word_1_229' title='bbox 1021 2116 1096 2171; x_wconf 83' lang='lat' dir='ltr'><strong>M.</strong></span> <span class='ocrx_word' id='word_1_230' title='bbox 1118 2115 1396 2171; x_wconf 87' lang='lat' dir='ltr'><strong>Othonem</strong></span> <span class='ocrx_word' id='word_1_231' title='bbox 1423 2115 1637 2171; x_wconf 82' lang='lat' dir='ltr'><strong>Neroni</strong></span> <span class='ocrx_word' id='word_1_232' title='bbox 1672 2113 1917 2185; x_wconf 87' lang='lat' dir='ltr'><strong>principi</strong></span> <span class='ocrx_word' id='word_1_233' title='bbox 1953 2114 2225 2169; x_wconf 82' lang='lat' dir='ltr'><strong>ferebant.</strong></span> <span class='ocrx_word' id='word_1_234' title='bbox 2254 2146 2324 2157; x_wconf 91' lang='lat'><strong>——</strong></span> <span class='ocrx_word' id='word_1_235' title='bbox 2360 2131 2467 2171; x_wconf 87' lang='lat' dir='ltr'><strong>nec</strong></span> <span class='ocrx_word' id='word_1_236' title='bbox 2502 2134 2613 2171; x_wconf 90' lang='lat' dir='ltr'><strong>non</strong></span> 
     </span>
     <span class='ocr_line' id='line_1_23' title="bbox 309 2190 2613 2269; baseline -0 -16"><span class='ocrx_word' id='word_1_237' title='bbox 309 2198 562 2269; x_wconf 86' lang='lat' dir='ltr'><strong>aliquem</strong></span> <span class='ocrx_word' id='word_1_238' title='bbox 613 2214 682 2251; x_wconf 83' lang='lat' dir='ltr'><strong>ex</strong></span> <span class='ocrx_word' id='word_1_239' title='bbox 727 2197 968 2269; x_wconf 88' lang='lat' dir='ltr'><strong>priuatis</strong></span> <span class='ocrx_word' id='word_1_240' title='bbox 1015 2196 1276 2253; x_wconf 82' lang='lat' dir='ltr'><strong>audimus</strong></span> <span class='ocrx_word' id='word_1_241' title='bbox 1321 2195 1550 2251; x_wconf 88' lang='lat' dir='ltr'><strong>iussisse</strong></span> <span class='ocrx_word' id='word_1_242' title='bbox 1598 2190 1791 2267; x_wconf 78' lang='lat' dir='ltr'><strong>spargi</strong></span> <span class='ocrx_word' id='word_1_243' title='bbox 1836 2195 2083 2267; x_wconf 83' lang='lat' dir='ltr'><strong>parietes</strong></span> <span class='ocrx_word' id='word_1_244' title='bbox 2132 2195 2463 2251; x_wconf 83' lang='lat' dir='ltr'><strong>balnearum</strong></span> <span class='ocrx_word' id='word_1_245' title='bbox 2514 2215 2613 2251; x_wconf 89' lang='lat' dir='ltr'><strong>un-</strong></span> 
     </span>
     <span class='ocr_line' id='line_1_24' title="bbox 307 2276 2613 2349; baseline -0 -16"><span class='ocrx_word' id='word_1_246' title='bbox 307 2282 520 2349; x_wconf 84' lang='lat' dir='ltr'><strong>guento</strong></span> <span class='ocrx_word' id='word_1_247' title='bbox 561 2280 736 2346; x_wconf 82' lang='lat' dir='ltr'><strong>atque</strong></span> <span class='ocrx_word' id='word_1_248' title='bbox 774 2276 978 2333; x_wconf 84' lang='lat' dir='ltr'><strong>Gaium</strong></span> <span class='ocrx_word' id='word_1_249' title='bbox 1015 2277 1326 2349; x_wconf 87' lang='lat' dir='ltr'><strong>principem</strong></span> <span class='ocrx_word' id='word_1_250' title='bbox 1364 2276 1507 2332; x_wconf 87' lang='lat' dir='ltr'><strong>solia</strong></span> <span class='ocrx_word' id='word_1_251' title='bbox 1543 2276 1845 2348; x_wconf 81' lang='lat' dir='ltr'><strong>ternperari</strong></span> <span class='ocrx_word' id='word_1_252' title='bbox 1883 2292 1967 2343; x_wconf 85' lang='lat' dir='ltr'><strong>ac,</strong></span> <span class='ocrx_word' id='word_1_253' title='bbox 1995 2292 2067 2331; x_wconf 88' lang='lat' dir='ltr'><strong>ne</strong></span> <span class='ocrx_word' id='word_1_254' title='bbox 2105 2276 2417 2347; x_wconf 85' lang='lat' dir='ltr'><strong>principale</strong></span> <span class='ocrx_word' id='word_1_255' title='bbox 2457 2276 2613 2332; x_wconf 86' lang='lat' dir='ltr'><strong>uide·</strong></span> 
     </span>
     <span class='ocr_line' id='line_1_25' title="bbox 310 2356 2615 2428; baseline -0.001 -13"><span class='ocrx_word' id='word_1_256' title='bbox 310 2362 439 2415; x_wconf 84' lang='lat' dir='ltr'><strong>atur</strong></span> <span class='ocrx_word' id='word_1_257' title='bbox 466 2359 578 2413; x_wconf 91' lang='lat' dir='ltr'><strong>hoc</strong></span> <span class='ocrx_word' id='word_1_258' title='bbox 607 2358 834 2427; x_wconf 88' lang='lat' dir='ltr'><strong>bonum,</strong></span> <span class='ocrx_word' id='word_1_259' title='bbox 861 2361 922 2412; x_wconf 90' lang='lat' dir='ltr'><strong>et</strong></span> <span class='ocrx_word' id='word_1_260' title='bbox 946 2362 1145 2428; x_wconf 88' lang='lat' dir='ltr'><strong>postea</strong></span> <span class='ocrx_word' id='word_1_261' title='bbox 1175 2358 1455 2426; x_wconf 88' lang='lat' dir='ltr'><strong>quendam</strong></span> <span class='ocrx_word' id='word_1_262' title='bbox 1485 2373 1516 2411; x_wconf 91' lang='lat' dir='ltr'><strong>e</strong></span> <span class='ocrx_word' id='word_1_263' title='bbox 1545 2356 1723 2412; x_wconf 88' lang='lat' dir='ltr'><strong>seruis</strong></span> <span class='ocrx_word' id='word_1_264' title='bbox 1750 2356 2027 2427; x_wconf 88' lang='lat' dir='ltr'><strong>Neronis).</strong></span> <span class='ocrx_word' id='word_1_265' title='bbox 2067 2357 2225 2411; x_wconf 87' lang='lat' dir='ltr'><strong>XIV</strong></span> <span class='ocrx_word' id='word_1_266' title='bbox 2258 2361 2363 2412; x_wconf 90' lang='grc'><strong>145</strong></span> <span class='ocrx_word' id='word_1_267' title='bbox 2398 2358 2615 2426; x_wconf 81' lang='lat' dir='ltr'><strong>(anue</strong></span> 
     </span>
     <span class='ocr_line' id='line_1_26' title="bbox 309 2436 2613 2511; baseline 0 -18"><span class='ocrx_word' id='word_1_268' title='bbox 309 2438 804 2494; x_wconf 89' lang='lat' dir='ltr'><strong>commendatione</strong></span> <span class='ocrx_word' id='word_1_269' title='bbox 849 2438 1136 2493; x_wconf 86' lang='lat' dir='ltr'><strong>credidere</strong></span> <span class='ocrx_word' id='word_1_270' title='bbox 1174 2438 1232 2492; x_wconf 88' lang='lat' dir='ltr'><strong>L.</strong></span> <span class='ocrx_word' id='word_1_271' title='bbox 1263 2438 1524 2492; x_wconf 87' lang='lat' dir='ltr'><strong>Pisonem</strong></span> <span class='ocrx_word' id='word_1_272' title='bbox 1569 2437 1731 2491; x_wconf 90' lang='lat' dir='ltr'><strong>urbis</strong></span> <span class='ocrx_word' id='word_1_273' title='bbox 1778 2452 1944 2491; x_wconf 89' lang='lat' dir='ltr'><strong>curae</strong></span> <span class='ocrx_word' id='word_1_274' title='bbox 1991 2437 2064 2492; x_wconf 88' lang='lat' dir='ltr'><strong>ab</strong></span> <span class='ocrx_word' id='word_1_275' title='bbox 2103 2453 2167 2492; x_wconf 89' lang='lat' dir='ltr'><strong>eo</strong></span> <span class='ocrx_word' id='word_1_276' title='bbox 2206 2436 2480 2511; x_wconf 89' lang='lat' dir='ltr'><strong>[Tiberio]</strong></span> <span class='ocrx_word' id='word_1_277' title='bbox 2520 2438 2613 2493; x_wconf 89' lang='lat' dir='ltr'><strong>de-</strong></span> 
     </span>
     <span class='ocr_line' id='line_1_27' title="bbox 307 2517 2614 2589; baseline -0.001 -14"><span class='ocrx_word' id='word_1_278' title='bbox 307 2519 538 2589; x_wconf 77' lang='lat' dir='ltr'><strong>lectum,</strong></span> <span class='ocrx_word' id='word_1_279' title='bbox 559 2518 714 2588; x_wconf 87' lang='lat' dir='ltr'><strong>quod</strong></span> <span class='ocrx_word' id='word_1_280' title='bbox 735 2518 912 2573; x_wconf 89' lang='lat' dir='ltr'><strong>biduo</strong></span> <span class='ocrx_word' id='word_1_281' title='bbox 935 2518 1268 2588; x_wconf 84' lang='lat' dir='ltr'><strong>duabusque</strong></span> <span class='ocrx_word' id='word_1_282' title='bbox 1292 2518 1552 2573; x_wconf 89' lang='lat' dir='ltr'><strong>noctibus</strong></span> <span class='ocrx_word' id='word_1_283' title='bbox 1577 2517 2027 2588; x_wconf 72' lang='lat' dir='ltr'><strong>perpotationem</strong></span> <span class='ocrx_word' id='word_1_284' title='bbox 2052 2518 2439 2574; x_wconf 86' lang='lat' dir='ltr'><strong>continuasset</strong></span> <span class='ocrx_word' id='word_1_285' title='bbox 2462 2518 2614 2589; x_wconf 89' lang='lat' dir='ltr'><strong>apud</strong></span> 
     </span>
     <span class='ocr_line' id='line_1_28' title="bbox 307 2596 2611 2669; baseline 0 -16"><span class='ocrx_word' id='word_1_286' title='bbox 307 2600 498 2669; x_wconf 86' lang='lat' dir='ltr'><strong>ipsum</strong></span> <span class='ocrx_word' id='word_1_287' title='bbox 525 2599 642 2653; x_wconf 87' lang='lat' dir='ltr'><strong>iam</strong></span> <span class='ocrx_word' id='word_1_288' title='bbox 669 2598 1000 2669; x_wconf 88' lang='lat' dir='ltr'><strong>principem.</strong></span> <span class='ocrx_word' id='word_1_289' title='bbox 1047 2615 1152 2654; x_wconf 91' lang='lat' dir='ltr'><strong>nec</strong></span> <span class='ocrx_word' id='word_1_290' title='bbox 1179 2598 1294 2653; x_wconf 90' lang='lat' dir='ltr'><strong>alio</strong></span> <span class='ocrx_word' id='word_1_291' title='bbox 1321 2597 1504 2668; x_wconf 86' lang='lat' dir='ltr'><strong>magis</strong></span> <span class='ocrx_word' id='word_1_292' title='bbox 1531 2597 1745 2653; x_wconf 86' lang='lat' dir='ltr'><strong>Drusus</strong></span> <span class='ocrx_word' id='word_1_293' title='bbox 1776 2596 1980 2653; x_wconf 84' lang='lat' dir='ltr'><strong>Caesar</strong></span> <span class='ocrx_word' id='word_1_294' title='bbox 2006 2614 2365 2669; x_wconf 85' lang='lat' dir='ltr'><strong>regenerasse</strong></span> <span class='ocrx_word' id='word_1_295' title='bbox 2392 2602 2611 2669; x_wconf 88' lang='lat' dir='ltr'><strong>patrem</strong></span> 
     </span>
     <span class='ocr_line' id='line_1_29' title="bbox 308 2677 2611 2749; baseline 0 -16"><span class='ocrx_word' id='word_1_296' title='bbox 308 2678 604 2735; x_wconf 84' lang='lat' dir='ltr'><strong>Tiberium</strong></span> <span class='ocrx_word' id='word_1_297' title='bbox 657 2677 962 2733; x_wconf 88' lang='lat' dir='ltr'><strong>ferebatur.</strong></span> <span class='ocrx_word' id='word_1_298' title='bbox 1053 2680 1116 2735; x_wconf 91' lang='lat' dir='ltr'><strong><em>X</em></strong></span> <span class='ocrx_word' id='word_1_299' title='bbox 1129 2680 1180 2735; x_wconf 91' lang='lat' dir='ltr'><strong><em>V</em></strong></span> <span class='ocrx_word' id='word_1_300' title='bbox 1209 2683 1283 2734; x_wconf 87' lang='grc'><strong>47</strong></span> <span class='ocrx_word' id='word_1_301' title='bbox 1327 2678 1400 2748; x_wconf 87' lang='lat' dir='ltr'><strong>(S.</strong></span> <span class='ocrx_word' id='word_1_302' title='bbox 1439 2678 1733 2749; x_wconf 87' lang='lat' dir='ltr'><strong>Papinius,</strong></span> <span class='ocrx_word' id='word_1_303' title='bbox 1786 2694 1955 2748; x_wconf 90' lang='lat' dir='ltr'><strong>quem</strong></span> <span class='ocrx_word' id='word_1_304' title='bbox 2010 2678 2295 2733; x_wconf 86' lang='lat' dir='ltr'><strong>consulem</strong></span> <span class='ocrx_word' id='word_1_305' title='bbox 2348 2679 2611 2749; x_wconf 86' lang='lat' dir='ltr'><strong>uidimus,</strong></span> 
     </span>
     <span class='ocr_line' id='line_1_30' title="bbox 306 2756 2615 2832; baseline -0.001 -17"><span class='ocrx_word' id='word_1_306' title='bbox 306 2760 524 2831; x_wconf 87' lang='lat' dir='ltr'><strong>primus</strong></span> <span class='ocrx_word' id='word_1_307' title='bbox 580 2760 821 2829; x_wconf 75' lang='lat' dir='ltr'><strong>utraque</strong></span> <span class='ocrx_word' id='word_1_308' title='bbox 869 2758 1114 2831; x_wconf 81' lang='lat' dir='ltr'><strong>[zizipha</strong></span> <span class='ocrx_word' id='word_1_309' title='bbox 1160 2763 1218 2815; x_wconf 91' lang='lat' dir='ltr'><strong>et</strong></span> <span class='ocrx_word' id='word_1_310' title='bbox 1261 2758 1518 2832; x_wconf 86' lang='lat' dir='ltr'><strong>tubures]</strong></span> <span class='ocrx_word' id='word_1_311' title='bbox 1571 2757 1770 2814; x_wconf 89' lang='lat' dir='ltr'><strong>attulit</strong></span> <span class='ocrx_word' id='word_1_312' title='bbox 1818 2756 1939 2812; x_wconf 89' lang='lat' dir='ltr'><strong>diui</strong></span> <span class='ocrx_word' id='word_1_313' title='bbox 1993 2758 2238 2830; x_wconf 87' lang='lat' dir='ltr'><strong>Augusti</strong></span> <span class='ocrx_word' id='word_1_314' title='bbox 2292 2758 2615 2815; x_wconf 89' lang='lat' dir='ltr'><strong>nouissimis</strong></span> 
     </span>
     <span class='ocr_line' id='line_1_31' title="bbox 308 2837 2615 2912; baseline 0 -17"><span class='ocrx_word' id='word_1_315' title='bbox 308 2840 710 2911; x_wconf 82' lang='lat' dir='ltr'><strong>temporibus);</strong></span> <span class='ocrx_word' id='word_1_316' title='bbox 749 2844 824 2895; x_wconf 89' lang='grc'><strong>83</strong></span> <span class='ocrx_word' id='word_1_317' title='bbox 850 2839 1062 2911; x_wconf 89' lang='lat' dir='ltr'><strong>(omnia</strong></span> <span class='ocrx_word' id='word_1_318' title='bbox 1087 2840 1228 2895; x_wconf 85' lang='lat' dir='ltr'><strong>haec</strong></span> <span class='ocrx_word' id='word_1_319' title='bbox 1257 2840 1514 2912; x_wconf 89' lang='lat' dir='ltr'><strong>[cottana</strong></span> <span class='ocrx_word' id='word_1_320' title='bbox 1541 2842 1601 2894; x_wconf 87' lang='lat' dir='ltr'><strong>et</strong></span> <span class='ocrx_word' id='word_1_321' title='bbox 1638 2838 1876 2912; x_wconf 86' lang='lat' dir='ltr'><strong>caricas]</strong></span> <span class='ocrx_word' id='word_1_322' title='bbox 1904 2838 1963 2892; x_wconf 91' lang='lat' dir='ltr'><strong>in</strong></span> <span class='ocrx_word' id='word_1_323' title='bbox 1992 2837 2237 2894; x_wconf 86' lang='lat' dir='ltr'><strong>Albense</strong></span> <span class='ocrx_word' id='word_1_324' title='bbox 2266 2856 2361 2894; x_wconf 89' lang='lat' dir='ltr'><strong>rus</strong></span> <span class='ocrx_word' id='word_1_325' title='bbox 2389 2856 2421 2894; x_wconf 90' lang='lat' dir='ltr'><strong>e</strong></span> <span class='ocrx_word' id='word_1_326' title='bbox 2452 2838 2615 2908; x_wconf 81' lang='lat' dir='ltr'><strong>Syria</strong></span> 
     </span>
     <span class='ocr_line' id='line_1_32' title="bbox 307 2918 2616 2990; baseline -0.001 -13"><span class='ocrx_word' id='word_1_327' title='bbox 307 2920 510 2977; x_wconf 88' lang='lat' dir='ltr'><strong>intulit</strong></span> <span class='ocrx_word' id='word_1_328' title='bbox 543 2920 605 2975; x_wconf 89' lang='lat' dir='ltr'><strong>L.</strong></span> <span class='ocrx_word' id='word_1_329' title='bbox 636 2919 922 2989; x_wconf 81' lang='lat' dir='ltr'><strong>Vitellius,</strong></span> <span class='ocrx_word' id='word_1_330' title='bbox 967 2918 1066 2990; x_wconf 89' lang='lat' dir='ltr'><strong>qui</strong></span> <span class='ocrx_word' id='word_1_331' title='bbox 1111 2923 1312 2990; x_wconf 84' lang='lat' dir='ltr'><strong>postea</strong></span> <span class='ocrx_word' id='word_1_332' title='bbox 1357 2936 1553 2976; x_wconf 89' lang='lat' dir='ltr'><strong>censor</strong></span> <span class='ocrx_word' id='word_1_333' title='bbox 1587 2919 1716 2986; x_wconf 85' lang='lat' dir='ltr'><strong>fuit,</strong></span> <span class='ocrx_word' id='word_1_334' title='bbox 1763 2934 1889 2974; x_wconf 87' lang='lat' dir='ltr'><strong>cum</strong></span> <span class='ocrx_word' id='word_1_335' title='bbox 1924 2918 2149 2989; x_wconf 84' lang='lat' dir='ltr'><strong>legatus</strong></span> <span class='ocrx_word' id='word_1_336' title='bbox 2184 2919 2245 2973; x_wconf 94' lang='lat' dir='ltr'><strong>in</strong></span> <span class='ocrx_word' id='word_1_337' title='bbox 2283 2936 2351 2975; x_wconf 91' lang='lat' dir='ltr'><strong>ea</strong></span> <span class='ocrx_word' id='word_1_338' title='bbox 2386 2919 2616 2989; x_wconf 88' lang='lat' dir='ltr'><strong>prouin-</strong></span> 
     </span>
     <span class='ocr_line' id='line_1_33' title="bbox 309 3000 2615 3071; baseline -0.001 -14"><span class='ocrx_word' id='word_1_339' title='bbox 309 3002 404 3059; x_wconf 78' lang='lat' dir='ltr'><strong>cia</strong></span> <span class='ocrx_word' id='word_1_340' title='bbox 439 3005 606 3069; x_wconf 83' lang='lat' dir='ltr'><strong>esset,</strong></span> <span class='ocrx_word' id='word_1_341' title='bbox 644 3001 968 3056; x_wconf 88' lang='lat' dir='ltr'><strong>nouissimis</strong></span> <span class='ocrx_word' id='word_1_342' title='bbox 1005 3000 1196 3055; x_wconf 84' lang='lat' dir='ltr'><strong>Tiberi</strong></span> <span class='ocrx_word' id='word_1_343' title='bbox 1233 3000 1490 3056; x_wconf 85' lang='lat' dir='ltr'><strong>Caesaris</strong></span> <span class='ocrx_word' id='word_1_344' title='bbox 1525 3000 1924 3071; x_wconf 77' lang='lat' dir='ltr'><strong>temporibus)3</strong></span> <span class='ocrx_word' id='word_1_345' title='bbox 1980 3004 2269 3056; x_wconf 82' lang='lat'><strong><em>135—137</em></strong></span> <span class='ocrx_word' id='word_1_346' title='bbox 2305 3000 2615 3071; x_wconf 84' lang='lat' dir='ltr'><strong>(Tiberium</strong></span> 
     </span>
     <span class='ocr_line' id='line_1_34' title="bbox 307 3078 2615 3153; baseline -0.001 -16"><span class='ocrx_word' id='word_1_347' title='bbox 307 3081 628 3153; x_wconf 84' lang='lat' dir='ltr'><strong>principem</strong></span> <span class='ocrx_word' id='word_1_348' title='bbox 683 3084 920 3137; x_wconf 86' lang='lat' dir='ltr'><strong>tonante</strong></span> <span class='ocrx_word' id='word_1_349' title='bbox 974 3080 1131 3136; x_wconf 89' lang='lat' dir='ltr'><strong>caelo</strong></span> <span class='ocrx_word' id='word_1_350' title='bbox 1181 3080 1437 3137; x_wconf 87' lang='lat' dir='ltr'><strong>coronari</strong></span> <span class='ocrx_word' id='word_1_351' title='bbox 1490 3096 1560 3136; x_wconf 87' lang='lat' dir='ltr'><strong>ea</strong></span> <span class='ocrx_word' id='word_1_352' title='bbox 1614 3080 1823 3153; x_wconf 84' lang='lat' dir='ltr'><strong>[lauro]</strong></span> <span class='ocrx_word' id='word_1_353' title='bbox 1880 3078 2109 3135; x_wconf 88' lang='lat' dir='ltr'><strong>solitum</strong></span> <span class='ocrx_word' id='word_1_354' title='bbox 2166 3080 2357 3135; x_wconf 87' lang='lat' dir='ltr'><strong>ferunt</strong></span> <span class='ocrx_word' id='word_1_355' title='bbox 2420 3084 2615 3135; x_wconf 85' lang='lat' dir='ltr'><strong>contra</strong></span> 
     </span>
     <span class='ocr_line' id='line_1_35' title="bbox 306 3159 2615 3233; baseline -0.001 -16"><span class='ocrx_word' id='word_1_356' title='bbox 306 3162 614 3217; x_wconf 81' lang='lat' dir='ltr'><strong>fulminum</strong></span> <span class='ocrx_word' id='word_1_357' title='bbox 659 3164 863 3217; x_wconf 88' lang='lat' dir='ltr'><strong>metus.</strong></span> <span class='ocrx_word' id='word_1_358' title='bbox 929 3164 1064 3216; x_wconf 87' lang='lat' dir='ltr'><strong>sunt</strong></span> <span class='ocrx_word' id='word_1_359' title='bbox 1108 3164 1167 3215; x_wconf 88' lang='lat' dir='ltr'><strong>et</strong></span> <span class='ocrx_word' id='word_1_360' title='bbox 1211 3160 1363 3215; x_wconf 90' lang='lat' dir='ltr'><strong>circa</strong></span> <span class='ocrx_word' id='word_1_361' title='bbox 1407 3159 1598 3215; x_wconf 89' lang='lat' dir='ltr'><strong>diuom</strong></span> <span class='ocrx_word' id='word_1_362' title='bbox 1646 3162 1965 3231; x_wconf 82' lang='lat' dir='ltr'><strong>Augustum</strong></span> <span class='ocrx_word' id='word_1_363' title='bbox 2011 3162 2219 3215; x_wconf 83' lang='lat' dir='ltr'><strong>euenta</strong></span> <span class='ocrx_word' id='word_1_364' title='bbox 2273 3161 2395 3215; x_wconf 89' lang='lat' dir='ltr'><strong>eius</strong></span> <span class='ocrx_word' id='word_1_365' title='bbox 2440 3161 2615 3233; x_wconf 88' lang='lat' dir='ltr'><strong>digna</strong></span> 
     </span>
     <span class='ocr_line' id='line_1_36' title="bbox 309 3240 2613 3313; baseline -0.001 -16"><span class='ocrx_word' id='word_1_366' title='bbox 309 3244 646 3298; x_wconf 87' lang='lat' dir='ltr'><strong>memoratu.</strong></span> <span class='ocrx_word' id='word_1_367' title='bbox 713 3258 958 3311; x_wconf 89' lang='lat' dir='ltr'><strong>namque</strong></span> <span class='ocrx_word' id='word_1_368' title='bbox 995 3244 1054 3295; x_wconf 91' lang='lat' dir='ltr'><strong>et</strong></span> <span class='ocrx_word' id='word_1_369' title='bbox 1091 3258 1144 3313; x_wconf 88' lang='lat' dir='ltr'><strong>q.</strong></span> <span class='ocrx_word' id='word_1_370' title='bbox 1175 3244 1256 3312; x_wconf 90' lang='lat' dir='ltr'><strong>s.).</strong></span> <span class='ocrx_word' id='word_1_371' title='bbox 1316 3241 1475 3296; x_wconf 89' lang='lat' dir='ltr'><strong>XVI</strong></span> <span class='ocrx_word' id='word_1_372' title='bbox 1501 3245 1647 3297; x_wconf 91' lang='grc'><strong>2-4</strong></span> <span class='ocrx_word' id='word_1_373' title='bbox 1684 3244 1837 3311; x_wconf 91' lang='lat' dir='ltr'><strong>(sunt</strong></span> <span class='ocrx_word' id='word_1_374' title='bbox 1873 3257 2006 3296; x_wconf 91' lang='lat' dir='ltr'><strong>uero</strong></span> <span class='ocrx_word' id='word_1_375' title='bbox 2044 3243 2102 3297; x_wconf 89' lang='lat' dir='ltr'><strong>et</strong></span> <span class='ocrx_word' id='word_1_376' title='bbox 2136 3240 2197 3295; x_wconf 89' lang='lat' dir='ltr'><strong>in</strong></span> <span class='ocrx_word' id='word_1_377' title='bbox 2234 3241 2613 3311; x_wconf 88' lang='lat' dir='ltr'><strong>septentrione</strong></span> 
     </span>
     <span class='ocr_line' id='line_1_37' title="bbox 307 3319 2609 3391; baseline -0 -14"><span class='ocrx_word' id='word_1_378' title='bbox 307 3324 470 3379; x_wconf 83' lang='lat' dir='ltr'><strong>uisae</strong></span> <span class='ocrx_word' id='word_1_379' title='bbox 515 3321 684 3378; x_wconf 87' lang='lat' dir='ltr'><strong>nobis</strong></span> <span class='ocrx_word' id='word_1_380' title='bbox 732 3319 1080 3377; x_wconf 89' lang='lat' dir='ltr'><strong>Chaucorum</strong></span> <span class='ocrx_word' id='word_1_381' title='bbox 1126 3322 1224 3391; x_wconf 89' lang='lat' dir='ltr'><strong>qui</strong></span> <span class='ocrx_word' id='word_1_382' title='bbox 1278 3321 1518 3377; x_wconf 89' lang='lat' dir='ltr'><strong>maiores</strong></span> <span class='ocrx_word' id='word_1_383' title='bbox 1575 3320 1927 3391; x_wconf 90' lang='lat' dir='ltr'><strong>minoresque</strong></span> <span class='ocrx_word' id='word_1_384' title='bbox 1974 3321 2335 3391; x_wconf 85' lang='lat' dir='ltr'><strong>appellantur</strong></span> <span class='ocrx_word' id='word_1_385' title='bbox 2380 3324 2439 3375; x_wconf 90' lang='lat' dir='ltr'><strong>et</strong></span> <span class='ocrx_word' id='word_1_386' title='bbox 2485 3340 2536 3390; x_wconf 94' lang='lat' dir='ltr'><strong>q.</strong></span> <span class='ocrx_word' id='word_1_387' title='bbox 2568 3340 2609 3376; x_wconf 94' lang='lat' dir='ltr'><strong>s.</strong></span> 
     </span>
     <span class='ocr_line' id='line_1_38' title="bbox 309 3400 2613 3473; baseline -0 -16"><span class='ocrx_word' id='word_1_388' title='bbox 309 3404 382 3457; x_wconf 89' lang='lat' dir='ltr'><strong>de</strong></span> <span class='ocrx_word' id='word_1_389' title='bbox 415 3420 612 3459; x_wconf 87' lang='lat' dir='ltr'><strong>eorum</strong></span> <span class='ocrx_word' id='word_1_390' title='bbox 649 3402 811 3473; x_wconf 87' lang='lat' dir='ltr'><strong>uita).</strong></span> <span class='ocrx_word' id='word_1_391' title='bbox 861 3402 922 3457; x_wconf 90' lang='lat' dir='ltr'><strong><em>X</em></strong></span> <span class='ocrx_word' id='word_1_392' title='bbox 935 3404 1056 3459; x_wconf 92' lang='lat' dir='ltr'><strong>VII</strong></span> <span class='ocrx_word' id='word_1_393' title='bbox 1084 3408 1118 3457; x_wconf 83' lang='lat'><strong><em>5</em></strong></span> <span class='ocrx_word' id='word_1_394' title='bbox 1156 3402 1248 3472; x_wconf 89' lang='lat' dir='ltr'><strong>(de</strong></span> <span class='ocrx_word' id='word_1_395' title='bbox 1284 3402 1443 3458; x_wconf 87' lang='lat' dir='ltr'><strong>lotis:</strong></span> <span class='ocrx_word' id='word_1_396' title='bbox 1483 3402 1833 3458; x_wconf 68' lang='lat' dir='ltr'><strong>«iurauerunt</strong></span> <span class='ocrx_word' id='word_1_397' title='bbox 1860 3434 1925 3444; x_wconf 89' lang='lat'>—</span> <span class='ocrx_word' id='word_1_398' title='bbox 1956 3402 2031 3456; x_wconf 86' lang='lat' dir='ltr'><strong>ad</strong></span> <span class='ocrx_word' id='word_1_399' title='bbox 2068 3400 2307 3457; x_wconf 85' lang='lat' dir='ltr'><strong>Neronis</strong></span> <span class='ocrx_word' id='word_1_400' title='bbox 2342 3402 2613 3473; x_wconf 88' lang='lat' dir='ltr'><strong>principis</strong></span> 
     </span>
     <span class='ocr_line' id='line_1_39' title="bbox 308 3481 2613 3553; baseline 0 -15"><span class='ocrx_word' id='word_1_401' title='bbox 308 3482 608 3551; x_wconf 83' lang='lat' dir='ltr'><strong>incendia,</strong></span> <span class='ocrx_word' id='word_1_402' title='bbox 654 3483 864 3551; x_wconf 89' lang='lat' dir='ltr'><strong>quibus</strong></span> <span class='ocrx_word' id='word_1_403' title='bbox 915 3482 1188 3539; x_wconf 86' lang='lat' dir='ltr'><strong>cremauit</strong></span> <span class='ocrx_word' id='word_1_404' title='bbox 1231 3482 1454 3553; x_wconf 89' lang='lat' dir='ltr'><strong>urbem,</strong></span> <span class='ocrx_word' id='word_1_405' title='bbox 1509 3482 1675 3537; x_wconf 88' lang='lat' dir='ltr'><strong>anuis</strong></span> <span class='ocrx_word' id='word_1_406' title='bbox 1722 3502 1897 3537; x_wconf 62' lang='lat' dir='ltr'><strong>cmxxx</strong></span> <span class='ocrx_word' id='word_1_407' title='bbox 1940 3484 2139 3553; x_wconf 88' lang='lat' dir='ltr'><strong>postea</strong></span> <span class='ocrx_word' id='word_1_408' title='bbox 2194 3482 2351 3538; x_wconf 90' lang='lat' dir='ltr'><strong>cultu</strong></span> <span class='ocrx_word' id='word_1_409' title='bbox 2402 3481 2613 3538; x_wconf 87' lang='lat' dir='ltr'><strong>uirides</strong></span> 
     </span>
     <span class='ocr_line' id='line_1_40' title="bbox 309 3562 2613 3636; baseline -0.001 -17"><span class='ocrx_word' id='word_1_410' title='bbox 309 3565 698 3635; x_wconf 85' lang='lat' dir='ltr'><strong>iuuenesque).</strong></span> <span class='ocrx_word' id='word_1_411' title='bbox 753 3565 816 3619; x_wconf 91' lang='lat' dir='ltr'><strong><em>X</em></strong></span> <span class='ocrx_word' id='word_1_412' title='bbox 830 3564 984 3619; x_wconf 90' lang='lat' dir='ltr'><strong><em>VIII</em></strong></span> <span class='ocrx_word' id='word_1_413' title='bbox 1015 3568 1084 3621; x_wconf 87' lang='lat'><strong>94</strong></span> <span class='ocrx_word' id='word_1_414' title='bbox 1107 3581 1184 3635; x_wconf 76' lang='lat' dir='ltr'><strong>sq.</strong></span> <span class='ocrx_word' id='word_1_415' title='bbox 1223 3562 1400 3634; x_wconf 88' lang='lat' dir='ltr'><strong>(misit</strong></span> <span class='ocrx_word' id='word_1_416' title='bbox 1436 3580 1504 3619; x_wconf 87' lang='lat' dir='ltr'><strong>ex</strong></span> <span class='ocrx_word' id='word_1_417' title='bbox 1540 3580 1606 3619; x_wconf 87' lang='grc'><strong>00</strong></span> <span class='ocrx_word' id='word_1_418' title='bbox 1644 3564 1768 3619; x_wconf 88' lang='grc'><strong>1000</strong></span> <span class='ocrx_word' id='word_1_419' title='bbox 1806 3563 2073 3635; x_wconf 77' lang='lat' dir='ltr'><strong>[Byzacio</strong></span> <span class='ocrx_word' id='word_1_420' title='bbox 2118 3563 2341 3618; x_wconf 81' lang='lat' dir='ltr'><strong>Africae</strong></span> <span class='ocrx_word' id='word_1_421' title='bbox 2390 3564 2613 3636; x_wconf 87' lang='lat' dir='ltr'><strong>campo]</strong></span> 
     </span>
     <span class='ocr_line' id='line_1_41' title="bbox 313 3641 2613 3716; baseline -0.001 -16"><span class='ocrx_word' id='word_1_422' title='bbox 313 3643 452 3700; x_wconf 85' lang='lat' dir='ltr'><strong>diuo</strong></span> <span class='ocrx_word' id='word_1_423' title='bbox 489 3646 750 3715; x_wconf 86' lang='lat' dir='ltr'><strong>Augusto</strong></span> <span class='ocrx_word' id='word_1_424' title='bbox 785 3646 1116 3714; x_wconf 89' lang='lat' dir='ltr'><strong>procurator</strong></span> <span class='ocrx_word' id='word_1_425' title='bbox 1153 3642 1272 3698; x_wconf 88' lang='lat' dir='ltr'><strong>eius</strong></span> <span class='ocrx_word' id='word_1_426' title='bbox 1309 3660 1380 3699; x_wconf 87' lang='lat' dir='ltr'><strong>ex</strong></span> <span class='ocrx_word' id='word_1_427' title='bbox 1417 3661 1528 3699; x_wconf 90' lang='lat' dir='ltr'><strong>uno</strong></span> <span class='ocrx_word' id='word_1_428' title='bbox 1567 3660 1744 3715; x_wconf 89' lang='lat' dir='ltr'><strong>grano</strong></span> <span class='ocrx_word' id='word_1_429' title='bbox 1774 3643 1997 3716; x_wconf 87' lang='lat' dir='ltr'><strong>[tritici]</strong></span> <span class='ocrx_word' id='word_1_430' title='bbox 2028 3662 2158 3697; x_wconf 91' lang='grc'><strong>0000</strong></span> <span class='ocrx_word' id='word_1_431' title='bbox 2195 3642 2391 3712; x_wconf 86' lang='lat' dir='ltr'><strong>paucis</strong></span> <span class='ocrx_word' id='word_1_432' title='bbox 2428 3641 2613 3698; x_wconf 88' lang='lat' dir='ltr'><strong>minus</strong></span> 
     </span>
     <span class='ocr_line' id='line_1_42' title="bbox 307 3722 2613 3797; baseline -0 -19"><span class='ocrx_word' id='word_1_433' title='bbox 307 3724 589 3797; x_wconf 85' lang='lat' dir='ltr'><strong>germina,</strong></span> <span class='ocrx_word' id='word_1_434' title='bbox 619 3727 954 3793; x_wconf 84' lang='lat' dir='ltr'><strong>exstantque</strong></span> <span class='ocrx_word' id='word_1_435' title='bbox 984 3724 1053 3777; x_wconf 89' lang='lat' dir='ltr'><strong>de</strong></span> <span class='ocrx_word' id='word_1_436' title='bbox 1083 3739 1150 3779; x_wconf 86' lang='lat' dir='ltr'><strong>ea</strong></span> <span class='ocrx_word' id='word_1_437' title='bbox 1178 3741 1238 3778; x_wconf 90' lang='lat' dir='ltr'><strong>re</strong></span> <span class='ocrx_word' id='word_1_438' title='bbox 1267 3723 1559 3795; x_wconf 86' lang='lat' dir='ltr'><strong>epistulae.</strong></span> <span class='ocrx_word' id='word_1_439' title='bbox 1616 3723 1775 3778; x_wconf 88' lang='lat' dir='ltr'><strong>misit</strong></span> <span class='ocrx_word' id='word_1_440' title='bbox 1811 3726 1869 3778; x_wconf 91' lang='lat' dir='ltr'><strong>et</strong></span> <span class='ocrx_word' id='word_1_441' title='bbox 1895 3724 2107 3778; x_wconf 87' lang='lat' dir='ltr'><strong>Neroni</strong></span> <span class='ocrx_word' id='word_1_442' title='bbox 2146 3722 2408 3779; x_wconf 89' lang='lat' dir='ltr'><strong>similiter</strong></span> <span class='ocrx_word' id='word_1_443' title='bbox 2445 3742 2613 3777; x_wconf 61' lang='lat' dir='ltr'><strong>cccix</strong></span> 
     </span>
     <span class='ocr_line' id='line_1_43' title="bbox 309 3803 2615 3876; baseline -0.001 -16"><span class='ocrx_word' id='word_1_444' title='bbox 309 3805 556 3875; x_wconf 86' lang='lat' dir='ltr'><strong>stipulas</strong></span> <span class='ocrx_word' id='word_1_445' title='bbox 585 3820 656 3859; x_wconf 87' lang='lat' dir='ltr'><strong>ex</strong></span> <span class='ocrx_word' id='word_1_446' title='bbox 683 3821 796 3859; x_wconf 92' lang='lat' dir='ltr'><strong>uno</strong></span> <span class='ocrx_word' id='word_1_447' title='bbox 818 3807 1032 3876; x_wconf 88' lang='lat' dir='ltr'><strong>grano).</strong></span> <span class='ocrx_word' id='word_1_448' title='bbox 1073 3804 1232 3859; x_wconf 89' lang='lat' dir='ltr'><strong><em>XIX</em></strong></span> <span class='ocrx_word' id='word_1_449' title='bbox 1255 3808 1328 3859; x_wconf 87' lang='grc'><strong>24</strong></span> <span class='ocrx_word' id='word_1_450' title='bbox 1348 3803 1512 3874; x_wconf 88' lang='lat' dir='ltr'><strong>(Vela</strong></span> <span class='ocrx_word' id='word_1_451' title='bbox 1535 3822 1719 3873; x_wconf 86' lang='lat' dir='ltr'><strong>nuper</strong></span> <span class='ocrx_word' id='word_1_452' title='bbox 1744 3807 1804 3858; x_wconf 91' lang='lat' dir='ltr'><strong>et</strong></span> <span class='ocrx_word' id='word_1_453' title='bbox 1830 3804 2014 3859; x_wconf 86' lang='lat' dir='ltr'><strong>colore</strong></span> <span class='ocrx_word' id='word_1_454' title='bbox 2043 3804 2205 3871; x_wconf 86' lang='lat' dir='ltr'><strong>caeli,</strong></span> <span class='ocrx_word' id='word_1_455' title='bbox 2236 3803 2483 3869; x_wconf 84' lang='lat' dir='ltr'><strong>stellata,</strong></span> <span class='ocrx_word' id='word_1_456' title='bbox 2512 3820 2615 3873; x_wconf 90' lang='lat' dir='ltr'><strong>per</strong></span> 
     </span>
     <span class='ocr_line' id='line_1_44' title="bbox 307 3883 2611 3956; baseline -0.001 -15"><span class='ocrx_word' id='word_1_457' title='bbox 307 3885 572 3942; x_wconf 78' lang='lat' dir='ltr'><strong>rudentis</strong></span> <span class='ocrx_word' id='word_1_458' title='bbox 599 3884 714 3939; x_wconf 82' lang='lat' dir='ltr'><strong>iere</strong></span> <span class='ocrx_word' id='word_1_459' title='bbox 743 3884 917 3941; x_wconf 80' lang='lat' dir='ltr'><strong>etiam</strong></span> <span class='ocrx_word' id='word_1_460' title='bbox 943 3883 1004 3939; x_wconf 85' lang='lat' dir='ltr'><strong>in</strong></span> <span class='ocrx_word' id='word_1_461' title='bbox 1041 3885 1474 3956; x_wconf 71' lang='lat' dir='ltr'><strong>amphitheatris</strong></span> <span class='ocrx_word' id='word_1_462' title='bbox 1501 3885 1774 3956; x_wconf 85' lang='lat' dir='ltr'><strong>principis</strong></span> <span class='ocrx_word' id='word_1_463' title='bbox 1802 3884 2078 3955; x_wconf 83' lang='lat' dir='ltr'><strong>Neronis).</strong></span> <span class='ocrx_word' id='word_1_464' title='bbox 2118 3884 2416 3941; x_wconf 84' lang='lat' dir='ltr'><strong><em>XXXIII</em></strong></span> <span class='ocrx_word' id='word_1_465' title='bbox 2438 3888 2511 3939; x_wconf 86' lang='grc'><strong>32</strong></span> <span class='ocrx_word' id='word_1_466' title='bbox 2532 3902 2611 3953; x_wconf 77' lang='lat' dir='ltr'><strong>sq.</strong></span> 
     </span>
     <span class='ocr_line' id='line_1_45' title="bbox 307 3964 2611 4037; baseline -0.001 -16"><span class='ocrx_word' id='word_1_467' title='bbox 307 3966 550 4037; x_wconf 84' lang='lat' dir='ltr'><strong>(Tiberii</strong></span> <span class='ocrx_word' id='word_1_468' title='bbox 587 3966 812 4020; x_wconf 87' lang='lat' dir='ltr'><strong>demum</strong></span> <span class='ocrx_word' id='word_1_469' title='bbox 849 3966 1174 4037; x_wconf 86' lang='lat' dir='ltr'><strong>principatu</strong></span> <span class='ocrx_word' id='word_1_470' title='bbox 1211 3982 1359 4023; x_wconf 90' lang='lat' dir='ltr'><strong>nono</strong></span> <span class='ocrx_word' id='word_1_471' title='bbox 1398 3981 1546 4021; x_wconf 90' lang='lat' dir='ltr'><strong>anno</strong></span> <span class='ocrx_word' id='word_1_472' title='bbox 1582 3965 1645 4020; x_wconf 89' lang='lat' dir='ltr'><strong>in</strong></span> <span class='ocrx_word' id='word_1_473' title='bbox 1682 3966 1959 4021; x_wconf 84' lang='lat' dir='ltr'><strong>unitatem</strong></span> <span class='ocrx_word' id='word_1_474' title='bbox 1996 3965 2153 4020; x_wconf 89' lang='lat' dir='ltr'><strong>uenit</strong></span> <span class='ocrx_word' id='word_1_475' title='bbox 2180 3968 2441 4034; x_wconf 88' lang='lat' dir='ltr'><strong>equester</strong></span> <span class='ocrx_word' id='word_1_476' title='bbox 2476 3964 2611 4019; x_wconf 83' lang='lat' dir='ltr'><strong>ordo</strong></span> 
     </span>
     <span class='ocr_line' id='line_1_46' title="bbox 309 4045 2610 4117; baseline -0.001 -14"><span class='ocrx_word' id='word_1_477' title='bbox 309 4052 370 4102; x_wconf 72' lang='lat' dir='ltr'><strong>et</strong></span> <span class='ocrx_word' id='word_1_478' title='bbox 405 4066 460 4117; x_wconf 89' lang='lat' dir='ltr'><strong>q.</strong></span> <span class='ocrx_word' id='word_1_479' title='bbox 493 4050 588 4117; x_wconf 69' lang='lat'><strong>0.);</strong></span> <span class='ocrx_word' id='word_1_480' title='bbox 626 4050 699 4102; x_wconf 84' lang='lat'><strong>63</strong></span> <span class='ocrx_word' id='word_1_481' title='bbox 733 4046 838 4117; x_wconf 80' lang='lat' dir='ltr'><strong>(De</strong></span> <span class='ocrx_word' id='word_1_482' title='bbox 875 4045 1223 4117; x_wconf 77' lang='lat' dir='ltr'><strong>Agrippinae</strong></span> <span class='ocrx_word' id='word_1_483' title='bbox 1261 4046 1609 4115; x_wconf 73' lang='lat' dir='ltr'><strong>indumento,</strong></span> <span class='ocrx_word' id='word_1_484' title='bbox 1649 4049 1762 4102; x_wconf 74' lang='lat' dir='ltr'><strong>uid.</strong></span> <span class='ocrx_word' id='word_1_485' title='bbox 1784 4065 1845 4117; x_wconf 79' lang='lat' dir='ltr'><strong>p.</strong></span> <span class='ocrx_word' id='word_1_486' title='bbox 1873 4049 2049 4116; x_wconf 71' lang='lat' dir='ltr'><strong>cm&#39;m).</strong></span> <span class='ocrx_word' id='word_1_487' title='bbox 2104 4046 2610 4115; x_wconf 74' lang='lat' dir='ltr'><strong><em>XXXV2008qq.</em></strong></span> 
     </span>
     <span class='ocr_line' id='line_1_47' title="bbox 307 4126 2613 4199; baseline -0.001 -18"><span class='ocrx_word' id='word_1_488' title='bbox 307 4129 402 4198; x_wconf 88' lang='lat' dir='ltr'><strong>(de</strong></span> <span class='ocrx_word' id='word_1_489' title='bbox 441 4126 754 4182; x_wconf 90' lang='lat' dir='ltr'><strong>honoribus</strong></span> <span class='ocrx_word' id='word_1_490' title='bbox 790 4126 1072 4182; x_wconf 88' lang='lat' dir='ltr'><strong>libertinis</strong></span> <span class='ocrx_word' id='word_1_491' title='bbox 1111 4126 1213 4181; x_wconf 91' lang='lat' dir='ltr'><strong>sub</strong></span> <span class='ocrx_word' id='word_1_492' title='bbox 1252 4126 1488 4182; x_wconf 88' lang='lat' dir='ltr'><strong>Claudio</strong></span> <span class='ocrx_word' id='word_1_493' title='bbox 1525 4127 1775 4199; x_wconf 87' lang='lat' dir='ltr'><strong>habitis).</strong></span> <span class='ocrx_word' id='word_1_494' title='bbox 1862 4128 2048 4182; x_wconf 91' lang='lat' dir='ltr'><strong>XXX</strong></span> <span class='ocrx_word' id='word_1_495' title='bbox 2059 4126 2146 4182; x_wconf 90' lang='lat' dir='ltr'><strong><em>VI</em></strong></span> <span class='ocrx_word' id='word_1_496' title='bbox 2175 4130 2286 4181; x_wconf 87' lang='grc'><strong>122</strong></span> <span class='ocrx_word' id='word_1_497' title='bbox 2322 4126 2425 4195; x_wconf 85' lang='grc' dir='ltr'><strong>(Βο</strong></span> <span class='ocrx_word' id='word_1_498' title='bbox 2463 4142 2613 4194; x_wconf 88' lang='lat' dir='ltr'><strong>aqua</strong></span> 
     </span>
     <span class='ocr_line' id='line_1_48' title="bbox 309 4206 2613 4279; baseline -0.001 -15"><span class='ocrx_word' id='word_1_499' title='bbox 309 4206 556 4264; x_wconf 82' lang='lat' dir='ltr'><strong>Claudia</strong></span> <span class='ocrx_word' id='word_1_500' title='bbox 601 4207 918 4277; x_wconf 88' lang='lat' dir='ltr'><strong>emissoque</strong></span> <span class='ocrx_word' id='word_1_501' title='bbox 965 4208 1094 4262; x_wconf 89' lang='lat' dir='ltr'><strong>lacu</strong></span> <span class='ocrx_word' id='word_1_502' title='bbox 1133 4206 1388 4278; x_wconf 85' lang='lat' dir='ltr'><strong>Fucino);</strong></span> <span class='ocrx_word' id='word_1_503' title='bbox 1439 4212 1546 4264; x_wconf 87' lang='lat'><strong>163</strong></span> <span class='ocrx_word' id='word_1_504' title='bbox 1585 4206 1825 4277; x_wconf 86' lang='lat' dir='ltr'><strong>(Nerone</strong></span> <span class='ocrx_word' id='word_1_505' title='bbox 1862 4208 2117 4279; x_wconf 89' lang='lat' dir='ltr'><strong>principe</strong></span> <span class='ocrx_word' id='word_1_506' title='bbox 2154 4207 2214 4261; x_wconf 89' lang='lat' dir='ltr'><strong>in</strong></span> <span class='ocrx_word' id='word_1_507' title='bbox 2253 4206 2613 4276; x_wconf 90' lang='lat' dir='ltr'><strong>Cappadocia</strong></span> 
     </span>
     <span class='ocr_line' id='line_1_49' title="bbox 307 4286 2613 4359; baseline -0.001 -16"><span class='ocrx_word' id='word_1_508' title='bbox 307 4292 569 4359; x_wconf 80' lang='lat' dir='ltr'><strong>repertus</strong></span> <span class='ocrx_word' id='word_1_509' title='bbox 607 4290 695 4343; x_wconf 89' lang='lat' dir='ltr'><strong>est</strong></span> <span class='ocrx_word' id='word_1_510' title='bbox 721 4318 792 4329; x_wconf 90' lang='lat'><strong>—-</strong></span> <span class='ocrx_word' id='word_1_511' title='bbox 817 4287 1135 4358; x_wconf 84' lang='lat' dir='ltr'><strong>phengites.</strong></span> <span class='ocrx_word' id='word_1_512' title='bbox 1163 4320 1232 4329; x_wconf 94' lang='lat'><em>—</em></span> <span class='ocrx_word' id='word_1_513' title='bbox 1269 4287 1378 4343; x_wconf 89' lang='lat' dir='ltr'><strong>hoc</strong></span> <span class='ocrx_word' id='word_1_514' title='bbox 1415 4291 1805 4343; x_wconf 85' lang='lat' dir='ltr'><strong>construxerat</strong></span> <span class='ocrx_word' id='word_1_515' title='bbox 1850 4287 2049 4343; x_wconf 87' lang='lat' dir='ltr'><strong>aedem</strong></span> <span class='ocrx_word' id='word_1_516' title='bbox 2094 4286 2393 4354; x_wconf 79' lang='lat' dir='ltr'><strong>Fortunae,</strong></span> <span class='ocrx_word' id='word_1_517' title='bbox 2440 4302 2613 4356; x_wconf 87' lang='lat' dir='ltr'><strong>quam</strong></span> 
     </span>
     <span class='ocr_line' id='line_1_50' title="bbox 311 4366 2613 4441; baseline -0.001 -18"><span class='ocrx_word' id='word_1_518' title='bbox 311 4368 510 4425; x_wconf 83' lang='lat' dir='ltr'><strong>Seiani</strong></span> <span class='ocrx_word' id='word_1_519' title='bbox 567 4366 888 4439; x_wconf 84' lang='lat' dir='ltr'><strong>appellant,</strong></span> <span class='ocrx_word' id='word_1_520' title='bbox 935 4372 994 4423; x_wconf 90' lang='lat' dir='ltr'><strong>et</strong></span> <span class='ocrx_word' id='word_1_521' title='bbox 1029 4386 1084 4437; x_wconf 86' lang='lat' dir='ltr'><strong>q.</strong></span> <span class='ocrx_word' id='word_1_522' title='bbox 1114 4372 1196 4441; x_wconf 87' lang='lat' dir='ltr'><strong>s.).</strong></span> <span class='ocrx_word' id='word_1_523' title='bbox 1263 4368 1446 4425; x_wconf 88' lang='lat' dir='ltr'><strong>XXX</strong></span> <span class='ocrx_word' id='word_1_524' title='bbox 1459 4369 1580 4425; x_wconf 92' lang='lat' dir='ltr'><strong>VII</strong></span> <span class='ocrx_word' id='word_1_525' title='bbox 1609 4374 1684 4423; x_wconf 86' lang='lat'><strong>50</strong></span> <span class='ocrx_word' id='word_1_526' title='bbox 1739 4369 2039 4435; x_wconf 88' lang='lat' dir='ltr'><strong>(Domitius</strong></span> <span class='ocrx_word' id='word_1_527' title='bbox 2094 4368 2243 4423; x_wconf 88' lang='lat' dir='ltr'><strong>Nero</strong></span> <span class='ocrx_word' id='word_1_528' title='bbox 2295 4367 2359 4422; x_wconf 89' lang='lat' dir='ltr'><strong>in</strong></span> <span class='ocrx_word' id='word_1_529' title='bbox 2412 4368 2613 4423; x_wconf 88' lang='lat' dir='ltr'><strong>ceteris</strong></span> 
     </span>
    </p>
   </div>
   <div class='ocr_carea' id='block_1_3' title="bbox 417 4458 2187 4531">
    <p class='ocr_par' dir='ltr' id='par_1_3' title="bbox 417 4458 2187 4531">
     <span class='ocr_line' id='line_1_51' title="bbox 417 4458 2187 4531; baseline -0.001 -11"><span class='ocrx_word' id='word_1_530' title='bbox 417 4476 1205 4531; x_wconf 52' lang='lat' dir='ltr'><strong>&amp;marmarum</strong></span> <span class='ocrx_word' id='word_1_531' title='bbox 2112 4458 2187 4511; x_wconf 87' lang='lat' dir='ltr'><strong><em>XI</em></strong></span> 
     </span>
    </p>
   </div>
  </div>
 </body>
</html>
