3234 5034
569 351 857 401 cxxxxn
1062 331 1157 386 DE
1197 329 1660 387 SCRIPTORVM
1697 329 1884 385 VITIS
1919 329 2014 384 ΕΤ
2053 330 2370 386 SCRIPTIS

564 501 805 563 uidetur
848 500 1133 562 tribuisse
1180 493 1404 584 (neque
1450 501 1609 562 enim
1657 501 1790 560 fieri
1823 502 2042 580 potuit,
2099 509 2166 562 ut
2209 502 2386 561 etiam
2435 502 2868 564 consuetudine

564 600 723 660 hunc
786 600 1163 679 imperatoris
1230 601 1324 660 sui
1380 595 1672 658 ‘fratrem’
1731 593 2160 682 contingeret),
2217 597 2394 660 fidem
2455 609 2652 662 autem
2713 604 2868 680 eiuS‚

566 701 671 778 qui
729 699 905 759 etiam
965 699 1027 758 in
1088 699 1213 758 uita
1264 695 1579 758 admodum
1631 699 2084 776 superstitiosus
2132 705 2292 758 esset
2346 700 2533 773 (Ptin.
2571 699 2680 776 28,
2727 701 2866 776 29),

563 795 720 858 haud
780 798 977 876 magni
1038 795 1409 876 aestimabat3
1465 814 1581 875 qua
1647 794 1718 855 de
1780 814 1956 856 causa
2011 794 2296 856 miracula
2343 797 2474 858 eius
2521 796 2618 858 uel
2668 797 2866 859 tribus

565 893 968 957 consulatibus
1031 893 1195 954 fulsit
1260 895 1367 971 (sr.
1418 894 1473 954 1.
1530 893 1589 954 2.
1653 893 1754 954 12.
1810 893 1915 954 21.
1972 893 2076 954 22.
2127 893 2228 954 23.
2275 894 2381 956 24.
2427 895 2532 956 25.
2581 896 2699 972 30)
2763 896 2866 957 uel

563 993 731 1054 illum
792 991 1034 1053 credere
1095 991 1310 1053 adiecit
1355 992 1463 1069 (fr.
1504 993 1559 1053 1.
1606 991 1712 1052 28.
1751 991 1867 1066 32)
1915 999 2017 1052 aut
2061 991 2286 1053 uidisse
2335 994 2491 1067 (uid.
2525 1013 2594 1071 p.
2636 999 2868 1070 cxxxx)

561 1090 661 1152 uel
708 1110 773 1152 se
820 1093 1026 1152 mirari
1073 1090 1181 1167 (fr.
1219 1090 1323 1151 22.
1373 1091 1505 1165 24).
1598 1091 1788 1150 maior
1843 1097 2041 1150 tamen
2095 1091 2228 1152 eius
2281 1093 2343 1152 in
2393 1094 2660 1154 numeris
2707 1092 2866 1154 loco-

564 1208 698 1251 rum
744 1188 1047 1267 diligentia
1094 1189 1205 1250 suit
1250 1189 1497 1262 (Bruma
1522 1207 1590 1266 p.
1619 1188 1710 1248 27
1725 1191 1900 1264 sqq).
2009 1245 2014 1249 .

740 1287 1092 1366 Fragmenta
1152 1294 1348 1348 autem
1404 1285 1662 1347 Muciani
1717 1304 1832 1347 non
1891 1285 2082 1348 solum
2137 1288 2198 1348 in
2258 1286 2428 1350 libris
2477 1287 2545 1349 X.
2605 1287 2866 1350 XXXIII.

562 1385 771 1446 XXXV
790 1379 862 1471 ¹),
920 1403 1173 1465 quomm
1228 1383 1457 1445 indices
1515 1402 1650 1444 eum
1709 1393 2076 1464 enumerant,
2128 1377 2331 1447 t'extus
2386 1389 2623 1466 omittit,
2678 1386 2868 1449 multa

564 1483 719 1564 apud
782 1483 1041 1544 Plinium
1104 1482 1288 1544 latere
1350 1502 1486 1544 cum
1546 1501 1655 1562 per
1709 1499 1773 1543 se
1829 1481 2134 1563 probabile
2191 1492 2377 1564 esset,
2441 1485 2616 1546 multi
2671 1494 2739 1547 ut
2793 1504 2868 1547 ea

563 1591 859 1662 eruerent,
906 1601 1143 1662 operam
1192 1575 1558 1666 dederunt.²)
1606 1583 1736 1660 ipse
1781 1590 1980 1642 tamen
2025 1601 2101 1643 ne
2138 1583 2200 1642 in
2239 1582 2350 1644 hoc
2386 1581 2619 1646 lubrico
2655 1603 2870 1664 campo

563 1699 843 1761 errarem,
902 1683 964 1741 in
1011 1700 1129 1761 quo
1177 1687 1339 1741 certa
1384 1678 1648 1742 subsidia
1697 1679 2037 1760 deficerent,
2083 1698 2194 1741 nec
2230 1681 2326 1742 his
2363 1683 2725 1744 coniecturis
2771 1685 2866 1743 in-

565 1779 719 1841 dulsi
780 1797 890 1842 nec
948 1781 1271 1858 fragmenta
1328 1781 1390 1840 in
1445 1778 1716 1839 ordinem
1772 1778 2095 1859 quendam,
2156 1799 2335 1859 quem
2381 1779 2692 1842 Mucianus
2745 1782 2872 1842 iter

563 1897 737 1941 suum
800 1887 1153 1959 tempusque
1212 1883 1455 1938 secutus
1510 1875 1864 1938 obser-nasse
1923 1876 2250 1956 uideretur,
2307 1878 2580 1958 redigere
2637 1881 2872 1941 tentaui

562 1995 675 2038 nec
717 1979 1001 2038 minutias
1034 1975 1309 2056 aliasque
1356 1993 1561 2038 eorum
1608 1993 1706 2036 res
1745 1973 1815 2036 ab
1853 1974 2100 2036 historia
2139 1975 2526 2038 abhorrentes
2563 1996 2870 2039 commen-

562 2077 715 2138 tario
760 2075 1061 2137 illustrare
1108 2073 1327 2136 studui.

740 2173 855 2235 Alii
910 2175 1232 2253 scriptores
1279 2175 1410 2234 eius
1454 2189 1605 2252 opus
1653 2189 1770 2232 non
1817 2173 2155 2234 citauerunt
2199 2191 2394 2254 neque
2437 2175 2500 2234 in
2550 2177 2654 2253 eis,
2709 2193 2870 2255 quae

564 2273 637 2334 de
680 2272 971 2334 bitumine
1019 2279 1080 2332 et
1117 2270 1403 2333 Sodomiti
1450 2270 1581 2331 lacu
1628 2269 1856 2332 Plinius
1903 2278 1964 2331 et
2009 2270 2294 2350 Iosephus
2331 2273 2393 2333 in
2429 2269 2586 2334 bello
2624 2271 2870 2334 ludaico

561 2373 721 2433 inter
765 2389 839 2432 se·
878 2371 1315 2432 consentientes
1364 2369 1644 2448 afferunt,
1692 2371 1870 2429 etiam
1915 2369 2076 2430 hunc
2123 2388 2193 2431 eo
2240 2389 2415 2432 usum
2464 2389 2598 2432 esse
2645 2370 2866 2432 Nissen

565 2472 666 2544 (m.
689 2471 803 2531 Βῆ.
816 2470 949 2531 ΧΧ
959 2469 1050 2529 VI
1055 2487 1122 2547 p.
1144 2469 1303 2543 541)
1326 2475 1488 2529 recte
1516 2467 1882 2528 conclusisse
1910 2466 2167 2529 uidetur.
2217 2469 2463 2530 forsitan
2491 2471 2622 2532 eius
2651 2471 2862 2531 notitia

562 2587 635 2630 ex
684 2566 1107 2647 chorographia
1154 2565 1419 2627 Pliniana
1474 2567 1535 2625 in
1608 2564 1797 2626 Solini
1862 2564 2218 2628 collectanea
2274 2567 2515 2629 fluxerit
2570 2569 2797 2643 (Reliq.
2829 2569 2880 2629 I

548 2687 618 2746 p.
663 2660 973 2750 cocus-q.)

745 2923 795 2992 1)
831 2918 895 2974 In
934 2919 1040 2974 hoc
1075 2917 1221 2972 libro
1258 2918 1468 2973 citatur
1501 2918 1798 2972 Mucianus
1839 2923 1870 2984 ἦ
1903 2922 2021 2983 163,
2061 2933 2242 2986 neque
2281 2918 2472 2973 tamen
2513 2935 2652 2988 opus
2681 2917 2868 2972 curio-

563 3001 751 3055 sitatis
798 3002 900 3054 aut
944 2998 1472 3054 commentariorum
1518 2999 1619 3053 sed
1665 2996 1845 3052 oratio
1891 2997 1953 3051 in
1999 2997 2176 3052 altero
2223 2997 2518 3052 consulatu
2568 3017 2618 3052 a..
2649 2999 2868 3070 70s823

560 3080 779 3148 habita,
818 3078 977 3137 cuius
1014 3077 1252 3134 facetias
1290 3077 1507 3132 Plinius
1544 3077 1818 3132 memoria
1853 3077 2178 3133 retinuerat.
2238 3078 2521 3132 orationes
2561 3083 2710 3133 certe
2737 3077 2868 3132 Mu-

562 3161 711 3217 ciani
750 3161 933 3216 editas
980 3175 1101 3214 esse
1146 3175 1425 3228 nusquam
1470 3158 1758 3228 proditum
1797 3161 1896 3214 est.
1963 3157 2118 3212 locus
2155 3157 2256 3213 ille
2291 3157 2386 3213 hie
2423 3161 2532 3216 est:
2582 3160 2706 3214 Nos
2739 3175 2870 3213 eum

560 3259 734 3296 uotam
772 3240 1069 3311 (patinam)
1097 3241 1303 3310 Aesopi
1338 3240 1746 3311 trayoediarum
1771 3240 2057 3295 histrionis
2083 3240 2146 3294 in
2173 3245 2384 3294 natura
2411 3239 2608 3294 auium
2633 3239 2706 3310 (X
2737 3243 2868 3308 141)

562 3332 859 3387 diceremus
896 3330 1002 3386 HS
1039 3332 1084 3387 Ο
1114 3331 1335 3396 stetisse,
1378 3347 1491 3385 non
1535 3330 1726 3384 dubito
1773 3329 2093 3399 indignatos
2139 3329 2391 3399 leyentis;
2445 3337 2522 3396 at,
2581 3329 2870 3395 Hercules,

574 3421 825 3476 Vitellius
870 3421 933 3474 in
974 3422 1304 3490 principatu
1347 3435 1449 3474 suo
1478 3420 1588 3490 [Χ]
1612 3419 1720 3473 HS
1777 3419 2026 3474 condidit
2071 3420 2358 3488 patinam,
2418 3421 2515 3474 cui
2573 3419 2870 3486 faciendae

560 3503 770 3570 fornax
796 3502 859 3554 in
886 3502 1094 3570 campis
1130 3501 1489 3567 exaedificata
1526 3505 1619 3566 est,
1658 3500 1918 3568 quoniam
1955 3515 2014 3553 eo
2044 3501 2300 3568 peruenit
2329 3499 2576 3566 luxuria,
2604 3505 2668 3554 ut
2699 3501 2865 3554 etiam

561 3583 758 3649 fictilia
806 3581 992 3650 pluris
1044 3587 1285 3635 constent
1334 3597 1501 3648 quam
1554 3580 1826 3634 mam-rina.
1875 3585 2104 3648 propter
2147 3579 2293 3634 hanc
2339 3579 2649 3635 Mucianus
2693 3581 2868 3634 altero

562 3663 853 3718 consulatu
880 3677 978 3716 suo
1006 3661 1069 3715 in
1095 3663 1473 3730 conquestione
1502 3659 1860 3728 exprobrauit
1879 3661 2209 3727 patinarum
2238 3659 2478 3729 paludes
2513 3659 2724 3715 Vitellii
2755 3677 2866 3715 me-

562 3745 793 3810 moriae,
840 3759 955 3796 non
998 3743 1101 3796 illa
1146 3743 1404 3809 foediore,
1448 3742 1607 3795 cuius
1643 3757 1852 3795 ueneno
1894 3741 2196 3808 Asprenati
2239 3755 2333 3794 reo
2372 3741 2598 3796 Caesius
2631 3741 2874 3796 Seuemoe

562 3830 846 3878 accusator
881 3823 1143 3877 obiciebat
1178 3823 1426 3877 interisse
1462 3821 1733 3876 conuiuas
1763 3819 2004 3875 CXXX.

742 3907 795 3974 2)
832 3900 1064 3973 Brieger
1109 3903 1196 3957 De
1239 3903 1375 3970 font.
1416 3903 1536 3956 libr.
1578 3901 2127 3956 XXXIII—XXX
2139 3901 2226 3956 VI
2257 3902 2407 3956 Plin.
2437 3919 2492 3955 n.
2521 3901 2571 3955 h.
2603 3919 2656 3971 p.
2691 3907 2760 3956 60
2781 3919 2868 3971 sq.

562 3985 753 4038 Brunn
808 3982 845 4039 l.
884 4001 926 4037 ε.
966 4002 1018 4054 p.
1059 3987 1286 4037 41—44.
1373 3979 1677 4034 Oemichen
1724 3981 1875 4035 Plin.
1915 3981 2070 4036 Stud.
2119 3999 2172 4051 p.
2217 3987 2512 4036 141—149.
2597 3981 2868 4037 Muenzer

565 4064 626 4134 Q.
656 4065 709 4118 d.
742 4065 891 4119 Plin.
930 4081 984 4132 p.
1016 4066 1315 4131 aaa—396,
1355 4060 1470 4116 alii.
