<?xml version="1.0" encoding="UTF-8"?>
<!DOCTYPE html PUBLIC "-//W3C//DTD XHTML 1.0 Transitional//EN"
    "http://www.w3.org/TR/xhtml1/DTD/xhtml1-transitional.dtd">
<html xmlns="http://www.w3.org/1999/xhtml" xml:lang="en" lang="en">
 <head>
  <title>
</title>
<meta http-equiv="Content-Type" content="text/html;charset=utf-8" />
  <meta name='ocr-system' content='tesseract 3.04.00' />
  <meta name='ocr-capabilities' content='ocr_page ocr_carea ocr_par ocr_line ocrx_word'/>
</head>
<body>
  <div class='ocr_page' id='page_1' title='image "./historicorvmrom00petegoog_0109.png"; bbox 0 0 3234 5034; ppageno 0'>
   <div class='ocr_carea' id='block_1_1' title="bbox 606 340 2447 398">
    <p class='ocr_par' dir='ltr' id='par_1_1' title="bbox 606 340 2447 398">
     <span class='ocr_line' id='line_1_1' title="bbox 606 340 2447 398; baseline 0.005 -10"><span class='ocrx_word' id='word_1_1' title='bbox 606 343 974 390; x_wconf 82' lang='lat' dir='ltr'><strong><em>Lxxxxvnl</em></strong></span> <span class='ocrx_word' id='word_1_2' title='bbox 1129 341 1224 394; x_wconf 87' lang='lat' dir='ltr'><strong><em>DE</em></strong></span> <span class='ocrx_word' id='word_1_3' title='bbox 1264 340 1729 396; x_wconf 79' lang='lat' dir='ltr'><strong>SCRIPTORVM</strong></span> <span class='ocrx_word' id='word_1_4' title='bbox 1767 342 1958 396; x_wconf 88' lang='lat' dir='ltr'><strong>VITIS</strong></span> <span class='ocrx_word' id='word_1_5' title='bbox 1998 341 2092 398; x_wconf 87' lang='lat' dir='ltr'><strong><em>ET</em></strong></span> <span class='ocrx_word' id='word_1_6' title='bbox 2132 342 2447 397; x_wconf 82' lang='lat' dir='ltr'><strong>SCRIPTIS</strong></span> 
     </span>
    </p>
   </div>
   <div class='ocr_carea' id='block_1_2' title="bbox 1371 507 2140 583">
    <p class='ocr_par' dir='ltr' id='par_1_2' title="bbox 1371 507 2140 583">
     <span class='ocr_line' id='line_1_2' title="bbox 1371 507 2140 583; baseline 0.001 -3"><span class='ocrx_word' id='word_1_7' title='bbox 1371 507 1841 581; x_wconf 85' lang='lat' dir='ltr'><strong>OCTAVIVS</strong></span> <span class='ocrx_word' id='word_1_8' title='bbox 1899 508 2140 583; x_wconf 89' lang='lat' dir='ltr'><strong>RVSO</strong></span> 
     </span>
    </p>
   </div>
   <div class='ocr_carea' id='block_1_3' title="bbox 602 661 2922 2414">
    <p class='ocr_par' dir='ltr' id='par_1_3' title="bbox 602 661 2922 2414">
     <span class='ocr_line' id='line_1_3' title="bbox 782 661 2912 753; baseline 0.002 -25"><span class='ocrx_word' id='word_1_9' title='bbox 782 668 869 728; x_wconf 77' lang='lat' dir='ltr'><strong><em>Ad</em></strong></span> <span class='ocrx_word' id='word_1_10' title='bbox 932 665 1161 728; x_wconf 83' lang='lat' dir='ltr'><strong>Horatii</strong></span> <span class='ocrx_word' id='word_1_11' title='bbox 1222 678 1328 729; x_wconf 86' lang='lat' dir='ltr'><strong><em>sat.</em></strong></span> <span class='ocrx_word' id='word_1_12' title='bbox 1368 668 1391 729; x_wconf 86' lang='lat'>1</span> <span class='ocrx_word' id='word_1_13' title='bbox 1440 665 1481 729; x_wconf 86' lang='lat'><strong>3</strong></span> <span class='ocrx_word' id='word_1_14' title='bbox 1530 661 1738 752; x_wconf 89' lang='lat' dir='ltr'><strong><em>(quam</em></strong></span> <span class='ocrx_word' id='word_1_15' title='bbox 1805 670 2045 748; x_wconf 80' lang='lat' dir='ltr'><strong>scripsit</strong></span> <span class='ocrx_word' id='word_1_16' title='bbox 2111 689 2159 730; x_wconf 88' lang='lat' dir='ltr'><strong><em>a.</em></strong></span> <span class='ocrx_word' id='word_1_17' title='bbox 2207 670 2333 730; x_wconf 82' lang='lat' dir='ltr'><strong><em>fere</em></strong></span> <span class='ocrx_word' id='word_1_18' title='bbox 2381 664 2666 753; x_wconf 80' lang='grc'><strong><em>371717)</em></strong></span> <span class='ocrx_word' id='word_1_19' title='bbox 2715 689 2774 732; x_wconf 84' lang='grc' dir='ltr'><strong><em>ιι.</em></strong></span> <span class='ocrx_word' id='word_1_20' title='bbox 2825 667 2912 732; x_wconf 70' lang='lat'><strong><em>86</em></strong></span> 
     </span>
     <span class='ocr_line' id='line_1_4' title="bbox 614 765 2915 843; baseline 0.001 -17"><span class='ocrx_word' id='word_1_21' title='bbox 614 765 810 828; x_wconf 86' lang='lat' dir='ltr'><strong><em>Odisti</em></strong></span> <span class='ocrx_word' id='word_1_22' title='bbox 862 775 921 828; x_wconf 89' lang='lat' dir='ltr'><strong><em>et</em></strong></span> <span class='ocrx_word' id='word_1_23' title='bbox 970 767 1144 843; x_wconf 72' lang='lat' dir='ltr'><strong><em>fuqis</em></strong></span> <span class='ocrx_word' id='word_1_24' title='bbox 1189 775 1257 827; x_wconf 89' lang='lat' dir='ltr'><strong><em>ut</em></strong></span> <span class='ocrx_word' id='word_1_25' title='bbox 1312 767 1618 828; x_wconf 76' lang='lat' dir='ltr'><strong><em>Rusonem</em></strong></span> <span class='ocrx_word' id='word_1_26' title='bbox 1667 769 1908 828; x_wconf 84' lang='lat' dir='ltr'><strong><em>debitor</em></strong></span> <span class='ocrx_word' id='word_1_27' title='bbox 1953 771 2137 842; x_wconf 88' lang='lat' dir='ltr'><strong><em>aeris,</em></strong></span> <span class='ocrx_word' id='word_1_28' title='bbox 2185 772 2293 843; x_wconf 85' lang='lat' dir='ltr'><strong><em>qui</em></strong></span> <span class='ocrx_word' id='word_1_29' title='bbox 2335 773 2474 843; x_wconf 89' lang='lat' dir='ltr'><strong><em>nisi,</em></strong></span> <span class='ocrx_word' id='word_1_30' title='bbox 2531 786 2668 829; x_wconf 85' lang='lat' dir='ltr'><strong><em>cum</em></strong></span> <span class='ocrx_word' id='word_1_31' title='bbox 2705 773 2915 830; x_wconf 77' lang='lat' dir='ltr'><em>tristes</em></span> 
     </span>
     <span class='ocr_line' id='line_1_5' title="bbox 602 865 2912 942; baseline 0.001 -18"><span class='ocrx_word' id='word_1_32' title='bbox 602 867 822 925; x_wconf 89' lang='lat' dir='ltr'><strong><em>misero</em></strong></span> <span class='ocrx_word' id='word_1_33' title='bbox 879 883 1108 926; x_wconf 88' lang='lat' dir='ltr'><strong><em>uenere</em></strong></span> <span class='ocrx_word' id='word_1_34' title='bbox 1160 865 1480 942; x_wconf 79' lang='lat' dir='ltr'><em>kalendae,</em></span> <span class='ocrx_word' id='word_1_35' title='bbox 1526 868 1866 926; x_wconf 81' lang='lat' dir='ltr'><strong><em>mercedem</em></strong></span> <span class='ocrx_word' id='word_1_36' title='bbox 1913 875 2021 926; x_wconf 88' lang='lat' dir='ltr'><strong><em>aut</em></strong></span> <span class='ocrx_word' id='word_1_37' title='bbox 2065 883 2339 927; x_wconf 79' lang='lat' dir='ltr'><strong><em>nummos</em></strong></span> <span class='ocrx_word' id='word_1_38' title='bbox 2383 869 2547 928; x_wconf 89' lang='lat' dir='ltr'><strong><em>unde</em></strong></span> <span class='ocrx_word' id='word_1_39' title='bbox 2593 869 2757 928; x_wconf 90' lang='lat' dir='ltr'><strong><em>unde</em></strong></span> <span class='ocrx_word' id='word_1_40' title='bbox 2803 884 2912 927; x_wconf 79' lang='lat' dir='ltr'><strong><em>ex-</em></strong></span> 
     </span>
     <span class='ocr_line' id='line_1_6' title="bbox 603 963 2914 1040; baseline 0.001 -18"><span class='ocrx_word' id='word_1_41' title='bbox 603 967 809 1038; x_wconf 85' lang='lat' dir='ltr'><strong><em>tricat,</em></strong></span> <span class='ocrx_word' id='word_1_42' title='bbox 858 980 1109 1024; x_wconf 89' lang='lat' dir='ltr'><strong><em>amaras</em></strong></span> <span class='ocrx_word' id='word_1_43' title='bbox 1140 972 1439 1039; x_wconf 80' lang='lat' dir='ltr'><strong><em>porrecto</em></strong></span> <span class='ocrx_word' id='word_1_44' title='bbox 1486 966 1698 1039; x_wconf 71' lang='lat' dir='ltr'><strong><em>iuyulo</em></strong></span> <span class='ocrx_word' id='word_1_45' title='bbox 1743 965 2036 1025; x_wconf 79' lang='lat' dir='ltr'><em>historias</em></span> <span class='ocrx_word' id='word_1_46' title='bbox 2082 969 2366 1040; x_wconf 81' lang='lat' dir='ltr'><strong><em>captiuus</em></strong></span> <span class='ocrx_word' id='word_1_47' title='bbox 2401 972 2468 1025; x_wconf 93' lang='lat' dir='ltr'><strong><em>ut</em></strong></span> <span class='ocrx_word' id='word_1_48' title='bbox 2503 967 2697 1025; x_wconf 87' lang='lat' dir='ltr'><strong><em>audit.</em></strong></span> <span class='ocrx_word' id='word_1_49' title='bbox 2763 963 2914 1025; x_wconf 86' lang='lat' dir='ltr'><strong><em>haec</em></strong></span> 
     </span>
     <span class='ocr_line' id='line_1_7' title="bbox 603 1056 2916 1144; baseline 0.002 -25"><span class='ocrx_word' id='word_1_50' title='bbox 603 1059 909 1120; x_wconf 88' lang='lat' dir='ltr'><strong><em>adnotauit</em></strong></span> <span class='ocrx_word' id='word_1_51' title='bbox 953 1059 1305 1140; x_wconf 79' lang='lat' dir='ltr'><strong><em>Porphyrio:</em></strong></span> <span class='ocrx_word' id='word_1_52' title='bbox 1381 1061 1678 1122; x_wconf 87' lang='lat' dir='ltr'><strong><em>Octauius</em></strong></span> <span class='ocrx_word' id='word_1_53' title='bbox 1724 1062 1892 1122; x_wconf 85' lang='lat' dir='ltr'><strong><em>Ruso</em></strong></span> <span class='ocrx_word' id='word_1_54' title='bbox 1908 1056 1959 1144; x_wconf 88' lang='lat'><strong><em>¹)</em></strong></span> <span class='ocrx_word' id='word_1_55' title='bbox 2008 1063 2273 1124; x_wconf 84' lang='lat' dir='ltr'><strong><em>acerbus</em></strong></span> <span class='ocrx_word' id='word_1_56' title='bbox 2329 1061 2654 1139; x_wconf 78' lang='lat' dir='ltr'><strong><em>fenerator</em></strong></span> <span class='ocrx_word' id='word_1_57' title='bbox 2712 1061 2916 1139; x_wconf 78' lang='lat' dir='ltr'><strong><em>fuisse</em></strong></span> 
     </span>
     <span class='ocr_line' id='line_1_8' title="bbox 603 1160 2913 1239; baseline 0.001 -22"><span class='ocrx_word' id='word_1_58' title='bbox 603 1160 903 1232; x_wconf 86' lang='lat' dir='ltr'><strong><em>traditur,</em></strong></span> <span class='ocrx_word' id='word_1_59' title='bbox 951 1161 1111 1219; x_wconf 90' lang='lat' dir='ltr'><strong><em>idem</em></strong></span> <span class='ocrx_word' id='word_1_60' title='bbox 1152 1162 1425 1235; x_wconf 77' lang='lat' dir='ltr'><strong><em>scriplor</em></strong></span> <span class='ocrx_word' id='word_1_61' title='bbox 1468 1160 1897 1239; x_wconf 71' lang='lat' dir='ltr'><strong><em>historiarum,</em></strong></span> <span class='ocrx_word' id='word_1_62' title='bbox 1945 1163 2033 1221; x_wconf 88' lang='lat' dir='ltr'><strong><em>ad</em></strong></span> <span class='ocrx_word' id='word_1_63' title='bbox 2074 1178 2228 1236; x_wconf 82' lang='lat' dir='ltr'><strong><em>quas</em></strong></span> <span class='ocrx_word' id='word_1_64' title='bbox 2273 1163 2621 1221; x_wconf 86' lang='lat' dir='ltr'><strong><em>audiendas</em></strong></span> <span class='ocrx_word' id='word_1_65' title='bbox 2673 1163 2913 1236; x_wconf 61' lang='lat' dir='ltr'><strong><em>signifi-</em></strong></span> 
     </span>
     <span class='ocr_line' id='line_1_9' title="bbox 604 1256 2916 1337; baseline 0.001 -21"><span class='ocrx_word' id='word_1_66' title='bbox 604 1265 706 1316; x_wconf 83' lang='lat' dir='ltr'><strong><em>cat</em></strong></span> <span class='ocrx_word' id='word_1_67' title='bbox 758 1259 1000 1317; x_wconf 85' lang='lat' dir='ltr'><strong><em>solitum</em></strong></span> <span class='ocrx_word' id='word_1_68' title='bbox 1057 1256 1255 1334; x_wconf 78' lang='lat' dir='ltr'><strong><em>fuisse</em></strong></span> <span class='ocrx_word' id='word_1_69' title='bbox 1318 1275 1540 1333; x_wconf 72' lang='lat' dir='ltr'><strong><em>coqere</em></strong></span> <span class='ocrx_word' id='word_1_70' title='bbox 1604 1259 1908 1318; x_wconf 83' lang='lat' dir='ltr'><strong><em>debitores</em></strong></span> <span class='ocrx_word' id='word_1_71' title='bbox 1969 1275 2137 1337; x_wconf 86' lang='lat' dir='ltr'><strong><em>suos,</em></strong></span> <span class='ocrx_word' id='word_1_72' title='bbox 2193 1260 2414 1334; x_wconf 78' lang='lat' dir='ltr'><strong><em>quibus</em></strong></span> <span class='ocrx_word' id='word_1_73' title='bbox 2465 1262 2702 1319; x_wconf 85' lang='lat' dir='ltr'><strong><em>seilicet</em></strong></span> <span class='ocrx_word' id='word_1_74' title='bbox 2757 1261 2916 1319; x_wconf 89' lang='lat' dir='ltr'><strong><em>talia</em></strong></span> 
     </span>
     <span class='ocr_line' id='line_1_10' title="bbox 604 1351 2916 1431; baseline 0.001 -18"><span class='ocrx_word' id='word_1_75' title='bbox 604 1355 828 1414; x_wconf 83' lang='lat' dir='ltr'><strong><em>audire</em></strong></span> <span class='ocrx_word' id='word_1_76' title='bbox 866 1371 1076 1431; x_wconf 79' lang='lat' dir='ltr'><strong><em>poena</em></strong></span> <span class='ocrx_word' id='word_1_77' title='bbox 1126 1358 1504 1431; x_wconf 68' lang='lat' dir='ltr'><strong><em>arduis-sima</em></strong></span> <span class='ocrx_word' id='word_1_78' title='bbox 1560 1365 1699 1416; x_wconf 87' lang='lat' dir='ltr'><strong><em>erat</em></strong></span> <span class='ocrx_word' id='word_1_79' title='bbox 1710 1377 1733 1428; x_wconf 92' lang='lat'><em>;</em></span> <span class='ocrx_word' id='word_1_80' title='bbox 1789 1362 1994 1416; x_wconf 83' lang='lat' dir='ltr'><strong><em>contra</em></strong></span> <span class='ocrx_word' id='word_1_81' title='bbox 2040 1355 2192 1416; x_wconf 82' lang='lat' dir='ltr'><strong><em>Acro</em></strong></span> <span class='ocrx_word' id='word_1_82' title='bbox 2249 1354 2322 1416; x_wconf 91' lang='lat' dir='ltr'><strong><em>ad</em></strong></span> <span class='ocrx_word' id='word_1_83' title='bbox 2384 1351 2755 1417; x_wconf 75' lang='lat' dir='ltr'><strong><em>‘historias’.·</em></strong></span> <span class='ocrx_word' id='word_1_84' title='bbox 2820 1361 2916 1416; x_wconf 85' lang='lat' dir='ltr'><strong><em>in-</em></strong></span> 
     </span>
     <span class='ocr_line' id='line_1_11' title="bbox 604 1450 2920 1530; baseline 0.001 -18"><span class='ocrx_word' id='word_1_85' title='bbox 604 1455 819 1528; x_wconf 86' lang='lat' dir='ltr'><strong><em>iurias,</em></strong></span> <span class='ocrx_word' id='word_1_86' title='bbox 849 1456 1266 1529; x_wconf 77' lang='lat' dir='ltr'><strong><em>contumelias,</em></strong></span> <span class='ocrx_word' id='word_1_87' title='bbox 1303 1450 1529 1513; x_wconf 87' lang='lat' dir='ltr'><strong><em>addens</em></strong></span> <span class='ocrx_word' id='word_1_88' title='bbox 1565 1459 1792 1514; x_wconf 89' lang='lat' dir='ltr'><strong><em>tamen:</em></strong></span> <span class='ocrx_word' id='word_1_89' title='bbox 1831 1455 1941 1514; x_wconf 81' lang='lat' dir='ltr'><strong><em>Ast</em></strong></span> <span class='ocrx_word' id='word_1_90' title='bbox 1975 1455 2080 1516; x_wconf 77' lang='lat' dir='ltr'><strong><em>hic</em></strong></span> <span class='ocrx_word' id='word_1_91' title='bbox 2119 1457 2340 1528; x_wconf 80' lang='lat' dir='ltr'><strong><em>allusit,</em></strong></span> <span class='ocrx_word' id='word_1_92' title='bbox 2379 1459 2668 1530; x_wconf 82' lang='lat' dir='ltr'><strong><em>quoniam</em></strong></span> <span class='ocrx_word' id='word_1_93' title='bbox 2715 1457 2920 1515; x_wconf 88' lang='lat' dir='ltr'><strong><em>malus</em></strong></span> 
     </span>
     <span class='ocr_line' id='line_1_12' title="bbox 602 1550 2914 1631; baseline 0.001 -21"><span class='ocrx_word' id='word_1_94' title='bbox 602 1551 1137 1627; x_wconf 71' lang='lat' dir='ltr'><strong><em>historioyraphus</em></strong></span> <span class='ocrx_word' id='word_1_95' title='bbox 1174 1553 1409 1611; x_wconf 85' lang='lat' dir='ltr'><strong><em>dieitur</em></strong></span> <span class='ocrx_word' id='word_1_96' title='bbox 1439 1550 1650 1627; x_wconf 86' lang='lat' dir='ltr'><strong><em>fuisse.</em></strong></span> <span class='ocrx_word' id='word_1_97' title='bbox 1717 1553 1889 1613; x_wconf 94' lang='lat' dir='ltr'><strong><em>cuius</em></strong></span> <span class='ocrx_word' id='word_1_98' title='bbox 1928 1553 2255 1613; x_wconf 84' lang='lat' dir='ltr'><strong><em>testimonii</em></strong></span> <span class='ocrx_word' id='word_1_99' title='bbox 2290 1559 2458 1631; x_wconf 88' lang='lat' dir='ltr'><strong><em>parte</em></strong></span> <span class='ocrx_word' id='word_1_100' title='bbox 2499 1553 2699 1631; x_wconf 85' lang='lat' dir='ltr'><strong><em>priore</em></strong></span> <span class='ocrx_word' id='word_1_101' title='bbox 2738 1553 2914 1612; x_wconf 87' lang='lat' dir='ltr'><strong><em>nisus</em></strong></span> 
     </span>
     <span class='ocr_line' id='line_1_13' title="bbox 606 1645 2918 1728; baseline 0.001 -22"><span class='ocrx_word' id='word_1_102' title='bbox 606 1645 943 1728; x_wconf 80' lang='lat' dir='ltr'><strong><em>Nipperdey</em></strong></span> <span class='ocrx_word' id='word_1_103' title='bbox 981 1665 1075 1726; x_wconf 81' lang='lat' dir='ltr'><strong><em>op.</em></strong></span> <span class='ocrx_word' id='word_1_104' title='bbox 1092 1668 1159 1725; x_wconf 81' lang='lat' dir='ltr'><strong><em>p.</em></strong></span> <span class='ocrx_word' id='word_1_105' title='bbox 1191 1647 1323 1708; x_wconf 80' lang='grc'><strong><em>498</em></strong></span> <span class='ocrx_word' id='word_1_106' title='bbox 1340 1667 1427 1725; x_wconf 84' lang='lat' dir='ltr'><strong><em>sq.</em></strong></span> <span class='ocrx_word' id='word_1_107' title='bbox 1475 1666 1613 1708; x_wconf 89' lang='lat' dir='ltr'><strong><em>eum</em></strong></span> <span class='ocrx_word' id='word_1_108' title='bbox 1652 1651 1812 1710; x_wconf 89' lang='lat' dir='ltr'><strong><em>inter</em></strong></span> <span class='ocrx_word' id='word_1_109' title='bbox 1849 1666 2052 1710; x_wconf 88' lang='lat' dir='ltr'><strong><em>rerum</em></strong></span> <span class='ocrx_word' id='word_1_110' title='bbox 2091 1651 2414 1728; x_wconf 72' lang='lat' dir='ltr'><strong><em>scriptores</em></strong></span> <span class='ocrx_word' id='word_1_111' title='bbox 2453 1649 2650 1712; x_wconf 89' lang='lat' dir='ltr'><strong><em>locum</em></strong></span> <span class='ocrx_word' id='word_1_112' title='bbox 2688 1649 2918 1710; x_wconf 85' lang='lat' dir='ltr'><strong><em>hahere</em></strong></span> 
     </span>
     <span class='ocr_line' id='line_1_14' title="bbox 605 1745 2917 1828; baseline 0 -23"><span class='ocrx_word' id='word_1_113' title='bbox 605 1745 810 1807; x_wconf 90' lang='lat' dir='ltr'><strong><em>noluit.</em></strong></span> <span class='ocrx_word' id='word_1_114' title='bbox 870 1764 967 1807; x_wconf 88' lang='lat' dir='ltr'><strong><em>res</em></strong></span> <span class='ocrx_word' id='word_1_115' title='bbox 1004 1764 1146 1807; x_wconf 88' lang='lat' dir='ltr'><strong><em>sane</em></strong></span> <span class='ocrx_word' id='word_1_116' title='bbox 1186 1764 1317 1807; x_wconf 89' lang='lat' dir='ltr'><strong><em>esse</em></strong></span> <span class='ocrx_word' id='word_1_117' title='bbox 1348 1747 1575 1806; x_wconf 88' lang='lat' dir='ltr'><strong><em>incerta</em></strong></span> <span class='ocrx_word' id='word_1_118' title='bbox 1604 1745 1877 1828; x_wconf 88' lang='lat' dir='ltr'><strong><em>uidetur;</em></strong></span> <span class='ocrx_word' id='word_1_119' title='bbox 1925 1764 2060 1807; x_wconf 92' lang='lat' dir='ltr'><strong><em>nam</em></strong></span> <span class='ocrx_word' id='word_1_120' title='bbox 2099 1764 2236 1808; x_wconf 88' lang='lat' dir='ltr'><strong><em>cum</em></strong></span> <span class='ocrx_word' id='word_1_121' title='bbox 2271 1746 2367 1808; x_wconf 87' lang='lat' dir='ltr'><strong><em>bis</em></strong></span> <span class='ocrx_word' id='word_1_122' title='bbox 2405 1745 2562 1827; x_wconf 90' lang='lat' dir='ltr'><strong><em>apud</em></strong></span> <span class='ocrx_word' id='word_1_123' title='bbox 2601 1745 2917 1807; x_wconf 82' lang='lat' dir='ltr'><strong><em>Horatium</em></strong></span> 
     </span>
     <span class='ocr_line' id='line_1_15' title="bbox 604 1843 2920 1924; baseline 0 -20"><span class='ocrx_word' id='word_1_124' title='bbox 604 1852 912 1923; x_wconf 76' lang='lat' dir='ltr'><strong><em>praeterea</em></strong></span> <span class='ocrx_word' id='word_1_125' title='bbox 960 1863 1073 1905; x_wconf 82' lang='lat' dir='ltr'><strong><em>uox</em></strong></span> <span class='ocrx_word' id='word_1_126' title='bbox 1120 1844 1505 1904; x_wconf 79' lang='lat' dir='ltr'><strong><em>historiarum</em></strong></span> <span class='ocrx_word' id='word_1_127' title='bbox 1553 1846 1912 1924; x_wconf 86' lang='lat' dir='ltr'><strong><em>inueniatur,</em></strong></span> <span class='ocrx_word' id='word_1_128' title='bbox 1961 1843 2146 1905; x_wconf 89' lang='lat' dir='ltr'><strong><em>semel</em></strong></span> <span class='ocrx_word' id='word_1_129' title='bbox 2185 1846 2402 1918; x_wconf 84' lang='lat' dir='ltr'><strong><em>(carm.</em></strong></span> <span class='ocrx_word' id='word_1_130' title='bbox 2435 1846 2550 1905; x_wconf 91' lang='lat' dir='ltr'><strong><em>III</em></strong></span> <span class='ocrx_word' id='word_1_131' title='bbox 2591 1846 2648 1923; x_wconf 88' lang='lat'><strong><em>7,</em></strong></span> <span class='ocrx_word' id='word_1_132' title='bbox 2679 1845 2765 1904; x_wconf 86' lang='lat'><strong><em>19</em></strong></span> <span class='ocrx_word' id='word_1_133' title='bbox 2791 1849 2920 1920; x_wconf 82' lang='lat' dir='ltr'><strong><em>sq.)</em></strong></span> 
     </span>
     <span class='ocr_line' id='line_1_16' title="bbox 605 1941 2922 2022; baseline 0 -20"><span class='ocrx_word' id='word_1_134' title='bbox 605 1942 677 2002; x_wconf 89' lang='lat' dir='ltr'><strong><em>ad</em></strong></span> <span class='ocrx_word' id='word_1_135' title='bbox 708 1941 935 2002; x_wconf 79' lang='lat' dir='ltr'><strong><em>fabulas</em></strong></span> <span class='ocrx_word' id='word_1_136' title='bbox 963 1942 1389 2022; x_wconf 84' lang='lat' dir='ltr'><strong><em>mythologicas</em></strong></span> <span class='ocrx_word' id='word_1_137' title='bbox 1420 1943 1696 2022; x_wconf 86' lang='lat' dir='ltr'><strong><em>pertinet,</em></strong></span> <span class='ocrx_word' id='word_1_138' title='bbox 1726 1943 1913 2004; x_wconf 88' lang='lat' dir='ltr'><strong><em>semel</em></strong></span> <span class='ocrx_word' id='word_1_139' title='bbox 1941 1941 2014 2003; x_wconf 90' lang='lat' dir='ltr'><strong><em>ad</em></strong></span> <span class='ocrx_word' id='word_1_140' title='bbox 2053 1961 2150 2004; x_wconf 90' lang='lat' dir='ltr'><strong><em>res</em></strong></span> <span class='ocrx_word' id='word_1_141' title='bbox 2179 1941 2472 2003; x_wconf 85' lang='lat' dir='ltr'><strong><em>Romanas</em></strong></span> <span class='ocrx_word' id='word_1_142' title='bbox 2513 1943 2618 2016; x_wconf 92' lang='lat' dir='ltr'><strong><em>(II</em></strong></span> <span class='ocrx_word' id='word_1_143' title='bbox 2643 1943 2746 2018; x_wconf 85' lang='lat'><strong><em>12,</em></strong></span> <span class='ocrx_word' id='word_1_144' title='bbox 2767 1943 2922 2018; x_wconf 80' lang='lat' dir='ltr'><strong><em>9sq.</em></strong></span> 
     </span>
     <span class='ocr_line' id='line_1_17' title="bbox 606 2042 2922 2118; baseline 0 -19"><span class='ocrx_word' id='word_1_145' title='bbox 606 2049 789 2116; x_wconf 85' lang='lat' dir='ltr'><strong><em>tuque</em></strong></span> <span class='ocrx_word' id='word_1_146' title='bbox 823 2042 1217 2116; x_wconf 81' lang='lat' dir='ltr'><strong><em>pedestribus</em></strong></span> <span class='ocrx_word' id='word_1_147' title='bbox 1254 2043 1421 2102; x_wconf 87' lang='lat' dir='ltr'><strong><em>dices</em></strong></span> <span class='ocrx_word' id='word_1_148' title='bbox 1458 2042 1738 2102; x_wconf 76' lang='lat' dir='ltr'><strong><em>historiis</em></strong></span> <span class='ocrx_word' id='word_1_149' title='bbox 1765 2045 2015 2118; x_wconf 82' lang='lat' dir='ltr'><strong><em>proelia</em></strong></span> <span class='ocrx_word' id='word_1_150' title='bbox 2053 2042 2383 2118; x_wconf 84' lang='lat' dir='ltr'><strong><em>Caesaris),</em></strong></span> <span class='ocrx_word' id='word_1_151' title='bbox 2431 2058 2665 2102; x_wconf 86' lang='lat' dir='ltr'><strong><em>amarae</em></strong></span> <span class='ocrx_word' id='word_1_152' title='bbox 2713 2050 2922 2101; x_wconf 90' lang='lat' dir='ltr'><strong><em>autem</em></strong></span> 
     </span>
     <span class='ocr_line' id='line_1_18' title="bbox 603 2136 2922 2218; baseline 0 -21"><span class='ocrx_word' id='word_1_153' title='bbox 603 2136 1046 2217; x_wconf 87' lang='lat' dir='ltr'><strong><em>qualescunque</em></strong></span> <span class='ocrx_word' id='word_1_154' title='bbox 1097 2136 1353 2199; x_wconf 87' lang='lat' dir='ltr'><strong><em>debitori</em></strong></span> <span class='ocrx_word' id='word_1_155' title='bbox 1402 2137 1662 2199; x_wconf 80' lang='lat' dir='ltr'><strong><em>fuerunt.</em></strong></span> <span class='ocrx_word' id='word_1_156' title='bbox 1719 2137 1868 2200; x_wconf 89' lang='lat' dir='ltr'><strong><em>nihil</em></strong></span> <span class='ocrx_word' id='word_1_157' title='bbox 1917 2147 2112 2200; x_wconf 89' lang='lat' dir='ltr'><strong><em>tamen</em></strong></span> <span class='ocrx_word' id='word_1_158' title='bbox 2162 2147 2268 2218; x_wconf 79' lang='lat' dir='ltr'><strong><em>est,</em></strong></span> <span class='ocrx_word' id='word_1_159' title='bbox 2317 2157 2426 2200; x_wconf 90' lang='lat' dir='ltr'><strong><em>cur</em></strong></span> <span class='ocrx_word' id='word_1_160' title='bbox 2475 2138 2545 2200; x_wconf 91' lang='lat' dir='ltr'><strong><em>de</em></strong></span> <span class='ocrx_word' id='word_1_161' title='bbox 2593 2137 2922 2218; x_wconf 71' lang='lat' dir='ltr'><strong><em>Porphyri-</em></strong></span> 
     </span>
     <span class='ocr_line' id='line_1_19' title="bbox 604 2235 2922 2316; baseline 0.001 -22"><span class='ocrx_word' id='word_1_162' title='bbox 604 2237 736 2295; x_wconf 90' lang='lat' dir='ltr'><strong><em>onis</em></strong></span> <span class='ocrx_word' id='word_1_163' title='bbox 776 2237 1265 2315; x_wconf 79' lang='lat' dir='ltr'><strong><em>interpretatione</em></strong></span> <span class='ocrx_word' id='word_1_164' title='bbox 1304 2235 1660 2298; x_wconf 79' lang='lat' dir='ltr'><strong><em>dubitemuS.</em></strong></span> <span class='ocrx_word' id='word_1_165' title='bbox 1720 2239 1962 2298; x_wconf 86' lang='lat' dir='ltr'><strong><em>nomine</em></strong></span> <span class='ocrx_word' id='word_1_166' title='bbox 2000 2237 2243 2316; x_wconf 85' lang='lat' dir='ltr'><strong><em>quidem</em></strong></span> <span class='ocrx_word' id='word_1_167' title='bbox 2281 2255 2351 2298; x_wconf 91' lang='lat' dir='ltr'><strong><em>eo</em></strong></span> <span class='ocrx_word' id='word_1_168' title='bbox 2396 2256 2545 2297; x_wconf 90' lang='lat' dir='ltr'><strong><em>usus</em></strong></span> <span class='ocrx_word' id='word_1_169' title='bbox 2592 2245 2681 2297; x_wconf 85' lang='lat' dir='ltr'><strong><em>est</em></strong></span> <span class='ocrx_word' id='word_1_170' title='bbox 2728 2239 2922 2297; x_wconf 87' lang='lat' dir='ltr'><strong><em>etiam</em></strong></span> 
     </span>
     <span class='ocr_line' id='line_1_20' title="bbox 605 2331 2600 2414; baseline 0.001 -21"><span class='ocrx_word' id='word_1_171' title='bbox 605 2341 885 2412; x_wconf 84' lang='lat' dir='ltr'><strong><em>quaestor</em></strong></span> <span class='ocrx_word' id='word_1_172' title='bbox 930 2331 1171 2412; x_wconf 87' lang='lat' dir='ltr'><strong><em>quidam</em></strong></span> <span class='ocrx_word' id='word_1_173' title='bbox 1218 2333 1387 2395; x_wconf 86' lang='lat' dir='ltr'><strong><em>Marii</em></strong></span> <span class='ocrx_word' id='word_1_174' title='bbox 1435 2333 1591 2394; x_wconf 88' lang='lat' dir='ltr'><strong><em>bello</em></strong></span> <span class='ocrx_word' id='word_1_175' title='bbox 1639 2335 1989 2414; x_wconf 81' lang='lat' dir='ltr'><strong><em>Iugurthino</em></strong></span> <span class='ocrx_word' id='word_1_176' title='bbox 2038 2337 2212 2408; x_wconf 86' lang='lat' dir='ltr'><strong><em>(Sall.</em></strong></span> <span class='ocrx_word' id='word_1_177' title='bbox 2249 2336 2382 2411; x_wconf 70' lang='lat' dir='ltr'><strong><em>luy.</em></strong></span> <span class='ocrx_word' id='word_1_178' title='bbox 2427 2335 2600 2410; x_wconf 81' lang='grc'><em>104).</em></span> 
     </span>
    </p>
   </div>
   <div class='ocr_carea' id='block_1_4' title="bbox 1481 2528 2033 2603">
    <p class='ocr_par' dir='ltr' id='par_1_4' title="bbox 1481 2528 2033 2603">
     <span class='ocr_line' id='line_1_21' title="bbox 1481 2528 2033 2603; baseline 0.002 -1"><span class='ocrx_word' id='word_1_179' title='bbox 1481 2531 1553 2602; x_wconf 87' lang='lat' dir='ltr'><strong><em>C.</em></strong></span> <span class='ocrx_word' id='word_1_180' title='bbox 1612 2528 2033 2603; x_wconf 86' lang='lat' dir='ltr'><strong>FVRNIVS</strong></span> 
     </span>
    </p>
   </div>
   <div class='ocr_carea' id='block_1_5' title="bbox 596 2689 2930 3454">
    <p class='ocr_par' dir='ltr' id='par_1_5' title="bbox 596 2689 2930 3454">
     <span class='ocr_line' id='line_1_22' title="bbox 782 2689 2926 2770; baseline 0 -21"><span class='ocrx_word' id='word_1_181' title='bbox 782 2689 975 2751; x_wconf 84' lang='lat' dir='ltr'><strong><em>Etiam</em></strong></span> <span class='ocrx_word' id='word_1_182' title='bbox 1021 2690 1199 2751; x_wconf 90' lang='lat' dir='ltr'><strong><em>huius</em></strong></span> <span class='ocrx_word' id='word_1_183' title='bbox 1256 2691 1539 2752; x_wconf 85' lang='lat' dir='ltr'><strong><em>historiae</em></strong></span> <span class='ocrx_word' id='word_1_184' title='bbox 1589 2689 1802 2752; x_wconf 84' lang='lat' dir='ltr'><strong><em>dubiae</em></strong></span> <span class='ocrx_word' id='word_1_185' title='bbox 1850 2699 2015 2768; x_wconf 92' lang='lat' dir='ltr'><strong><em>sunt,</em></strong></span> <span class='ocrx_word' id='word_1_186' title='bbox 2063 2692 2341 2770; x_wconf 85' lang='lat' dir='ltr'><strong><em>quoniam</em></strong></span> <span class='ocrx_word' id='word_1_187' title='bbox 2388 2689 2513 2751; x_wconf 91' lang='lat' dir='ltr'><strong><em>solo</em></strong></span> <span class='ocrx_word' id='word_1_188' title='bbox 2559 2689 2926 2751; x_wconf 82' lang='lat' dir='ltr'><strong><em>scholiastae</em></strong></span> 
     </span>
     <span class='ocr_line' id='line_1_23' title="bbox 604 2783 2928 2868; baseline 0 -21"><span class='ocrx_word' id='word_1_189' title='bbox 604 2787 928 2868; x_wconf 88' lang='lat' dir='ltr'><strong><em>Cruquiani</em></strong></span> <span class='ocrx_word' id='word_1_190' title='bbox 997 2789 1338 2849; x_wconf 87' lang='lat' dir='ltr'><strong><em>testimonio</em></strong></span> <span class='ocrx_word' id='word_1_191' title='bbox 1398 2796 1892 2850; x_wconf 82' lang='lat' dir='ltr'><strong><em>commemoratae</em></strong></span> <span class='ocrx_word' id='word_1_192' title='bbox 1949 2797 2112 2866; x_wconf 90' lang='lat' dir='ltr'><strong><em>sunt,</em></strong></span> <span class='ocrx_word' id='word_1_193' title='bbox 2171 2788 2242 2850; x_wconf 88' lang='lat' dir='ltr'><strong><em>de</em></strong></span> <span class='ocrx_word' id='word_1_194' title='bbox 2299 2785 2575 2849; x_wconf 82' lang='lat' dir='ltr'><strong><em>‘candido</em></strong></span> <span class='ocrx_word' id='word_1_195' title='bbox 2639 2787 2864 2848; x_wconf 87' lang='lat' dir='ltr'><strong><em>Furnio</em></strong></span> <span class='ocrx_word' id='word_1_196' title='bbox 2883 2783 2928 2866; x_wconf 80' lang='lat'><strong><em>’,</em></strong></span> 
     </span>
     <span class='ocr_line' id='line_1_24' title="bbox 606 2885 2922 2967; baseline -0 -21"><span class='ocrx_word' id='word_1_197' title='bbox 606 2887 777 2947; x_wconf 86' lang='lat' dir='ltr'><strong><em>cuius</em></strong></span> <span class='ocrx_word' id='word_1_198' title='bbox 817 2885 1037 2947; x_wconf 89' lang='lat' dir='ltr'><strong><em>iudicio</em></strong></span> <span class='ocrx_word' id='word_1_199' title='bbox 1078 2903 1143 2947; x_wconf 90' lang='lat' dir='ltr'><strong><em>se</em></strong></span> <span class='ocrx_word' id='word_1_200' title='bbox 1181 2885 1421 2966; x_wconf 91' lang='lat' dir='ltr'><strong><em>probari</em></strong></span> <span class='ocrx_word' id='word_1_201' title='bbox 1460 2885 1737 2947; x_wconf 88' lang='lat' dir='ltr'><strong><em>Horatius</em></strong></span> <span class='ocrx_word' id='word_1_202' title='bbox 1772 2896 1886 2948; x_wconf 87' lang='lat' dir='ltr'><strong><em>sat.</em></strong></span> <span class='ocrx_word' id='word_1_203' title='bbox 1918 2889 1959 2948; x_wconf 94' lang='lat' dir='ltr'><em>I</em></span> <span class='ocrx_word' id='word_1_204' title='bbox 1992 2887 2092 2962; x_wconf 85' lang='lat'><strong><em>10,</em></strong></span> <span class='ocrx_word' id='word_1_205' title='bbox 2123 2887 2211 2947; x_wconf 86' lang='grc'><strong><em>86</em></strong></span> <span class='ocrx_word' id='word_1_206' title='bbox 2247 2895 2426 2967; x_wconf 85' lang='lat' dir='ltr'><strong><em>optat,</em></strong></span> <span class='ocrx_word' id='word_1_207' title='bbox 2472 2887 2620 2947; x_wconf 90' lang='lat' dir='ltr'><strong><em>haec</em></strong></span> <span class='ocrx_word' id='word_1_208' title='bbox 2658 2885 2922 2946; x_wconf 81' lang='lat' dir='ltr'><strong><em>afferen-</em></strong></span> 
     </span>
     <span class='ocr_line' id='line_1_25' title="bbox 608 2983 2920 3061; baseline 0 -18"><span class='ocrx_word' id='word_1_209' title='bbox 608 2985 709 3043; x_wconf 85' lang='lat' dir='ltr'><strong><em>tis:</em></strong></span> <span class='ocrx_word' id='word_1_210' title='bbox 758 2985 1029 3044; x_wconf 83' lang='lat' dir='ltr'><strong><em>Furnius</em></strong></span> <span class='ocrx_word' id='word_1_211' title='bbox 1063 2985 1464 3046; x_wconf 78' lang='lat' dir='ltr'><strong><em>historiarum</em></strong></span> <span class='ocrx_word' id='word_1_212' title='bbox 1497 2987 1625 3058; x_wconf 78' lang='lat' dir='ltr'><strong><em>fide</em></strong></span> <span class='ocrx_word' id='word_1_213' title='bbox 1663 2993 1722 3045; x_wconf 89' lang='lat' dir='ltr'><strong><em>et</em></strong></span> <span class='ocrx_word' id='word_1_214' title='bbox 1757 2989 2066 3061; x_wconf 71' lang='lat' dir='ltr'><strong><em>eleqantia</em></strong></span> <span class='ocrx_word' id='word_1_215' title='bbox 2105 2989 2347 3046; x_wconf 85' lang='lat' dir='ltr'><strong><em>claruit.</em></strong></span> <span class='ocrx_word' id='word_1_216' title='bbox 2421 2984 2530 3045; x_wconf 80' lang='lat' dir='ltr'><strong><em>fuit</em></strong></span> <span class='ocrx_word' id='word_1_217' title='bbox 2567 2985 2666 3044; x_wconf 89' lang='lat' dir='ltr'><strong><em>hic</em></strong></span> <span class='ocrx_word' id='word_1_218' title='bbox 2701 2983 2920 3044; x_wconf 83' lang='lat' dir='ltr'><strong><em>consul</em></strong></span> 
     </span>
     <span class='ocr_line' id='line_1_26' title="bbox 606 3076 2928 3162; baseline 0 -22"><span class='ocrx_word' id='word_1_219' title='bbox 606 3100 654 3140; x_wconf 89' lang='lat' dir='ltr'><strong><em>a.</em></strong></span> <span class='ocrx_word' id='word_1_220' title='bbox 700 3076 969 3161; x_wconf 75' lang='lat' dir='ltr'><strong><em>17s737‚</em></strong></span> <span class='ocrx_word' id='word_1_221' title='bbox 1024 3091 1410 3162; x_wconf 85' lang='lat' dir='ltr'><strong><em>posteaquam</em></strong></span> <span class='ocrx_word' id='word_1_222' title='bbox 1465 3080 1619 3142; x_wconf 86' lang='lat' dir='ltr'><strong><em>bello</em></strong></span> <span class='ocrx_word' id='word_1_223' title='bbox 1678 3082 1843 3143; x_wconf 87' lang='lat' dir='ltr'><strong><em>ciuili</em></strong></span> <span class='ocrx_word' id='word_1_224' title='bbox 1891 3081 2201 3144; x_wconf 87' lang='lat' dir='ltr'><strong><em>Octauiani</em></strong></span> <span class='ocrx_word' id='word_1_225' title='bbox 2256 3091 2456 3161; x_wconf 88' lang='lat' dir='ltr'><strong><em>partes</em></strong></span> <span class='ocrx_word' id='word_1_226' title='bbox 2511 3089 2752 3142; x_wconf 89' lang='lat' dir='ltr'><strong><em>secutus</em></strong></span> <span class='ocrx_word' id='word_1_227' title='bbox 2801 3089 2928 3160; x_wconf 85' lang='lat' dir='ltr'><strong><em>est,</em></strong></span> 
     </span>
     <span class='ocr_line' id='line_1_27' title="bbox 606 3181 2921 3260; baseline 0 -21"><span class='ocrx_word' id='word_1_228' title='bbox 606 3197 741 3239; x_wconf 79' lang='lat' dir='ltr'><strong><em>cum</em></strong></span> <span class='ocrx_word' id='word_1_229' title='bbox 788 3186 957 3260; x_wconf 88' lang='lat' dir='ltr'><strong><em>pater</em></strong></span> <span class='ocrx_word' id='word_1_230' title='bbox 1003 3182 1231 3240; x_wconf 88' lang='lat' dir='ltr'><strong><em>amicus</em></strong></span> <span class='ocrx_word' id='word_1_231' title='bbox 1278 3181 1517 3240; x_wconf 78' lang='lat' dir='ltr'><strong><em>Antonii</em></strong></span> <span class='ocrx_word' id='word_1_232' title='bbox 1564 3187 1741 3258; x_wconf 87' lang='lat' dir='ltr'><strong><em>esset,</em></strong></span> <span class='ocrx_word' id='word_1_233' title='bbox 1787 3181 2124 3260; x_wconf 80' lang='lat' dir='ltr'><strong><em>uigintique</em></strong></span> <span class='ocrx_word' id='word_1_234' title='bbox 2173 3181 2345 3240; x_wconf 88' lang='lat' dir='ltr'><strong><em>annis</em></strong></span> <span class='ocrx_word' id='word_1_235' title='bbox 2392 3189 2527 3258; x_wconf 91' lang='lat' dir='ltr'><strong><em>post</em></strong></span> <span class='ocrx_word' id='word_1_236' title='bbox 2564 3197 2700 3240; x_wconf 90' lang='lat' dir='ltr'><strong><em>cum</em></strong></span> <span class='ocrx_word' id='word_1_237' title='bbox 2737 3187 2921 3259; x_wconf 86' lang='lat' dir='ltr'><strong><em>patre</em></strong></span> 
     </span>
     <span class='ocr_line' id='line_1_28' title="bbox 606 3274 2930 3356; baseline -0 -18"><span class='ocrx_word' id='word_1_238' title='bbox 606 3275 677 3338; x_wconf 88' lang='lat' dir='ltr'><strong><em>ab</em></strong></span> <span class='ocrx_word' id='word_1_239' title='bbox 725 3275 1083 3356; x_wconf 83' lang='lat' dir='ltr'><strong><em>Hieronymo</em></strong></span> <span class='ocrx_word' id='word_1_240' title='bbox 1130 3278 1289 3338; x_wconf 87' lang='lat' dir='ltr'><strong><em>inter</em></strong></span> <span class='ocrx_word' id='word_1_241' title='bbox 1334 3274 1551 3338; x_wconf 82' lang='lat' dir='ltr'><strong><em>‘claros</em></strong></span> <span class='ocrx_word' id='word_1_242' title='bbox 1598 3275 1888 3338; x_wconf 89' lang='lat' dir='ltr'><strong><em>oratores’</em></strong></span> <span class='ocrx_word' id='word_1_243' title='bbox 1931 3286 2278 3338; x_wconf 87' lang='lat' dir='ltr'><strong><em>numeratur</em></strong></span> <span class='ocrx_word' id='word_1_244' title='bbox 2317 3280 2434 3351; x_wconf 85' lang='lat' dir='ltr'><strong><em>(ad</em></strong></span> <span class='ocrx_word' id='word_1_245' title='bbox 2468 3297 2522 3339; x_wconf 89' lang='lat' dir='ltr'><strong><em>a.</em></strong></span> <span class='ocrx_word' id='word_1_246' title='bbox 2555 3279 2700 3338; x_wconf 84' lang='lat' dir='ltr'><strong><em>Abr.</em></strong></span> <span class='ocrx_word' id='word_1_247' title='bbox 2734 3275 2930 3338; x_wconf 82' lang='grc'><em>1980</em></span> 
     </span>
     <span class='ocr_line' id='line_1_29' title="bbox 596 3375 2585 3454; baseline 0 -18"><span class='ocrx_word' id='word_1_248' title='bbox 596 3393 664 3452; x_wconf 82' lang='lat' dir='ltr'><strong><em>p.</em></strong></span> <span class='ocrx_word' id='word_1_249' title='bbox 700 3375 829 3435; x_wconf 87' lang='lat'><strong><em>139</em></strong></span> <span class='ocrx_word' id='word_1_250' title='bbox 870 3377 1007 3436; x_wconf 69' lang='lat' dir='ltr'><strong><em>Sele.</em></strong></span> <span class='ocrx_word' id='word_1_251' title='bbox 1038 3377 1161 3435; x_wconf 86' lang='lat' dir='ltr'><strong><em>uid.</em></strong></span> <span class='ocrx_word' id='word_1_252' title='bbox 1196 3376 1560 3453; x_wconf 71' lang='lat' dir='ltr'><strong><em>Prosopoyr.</em></strong></span> <span class='ocrx_word' id='word_1_253' title='bbox 1590 3379 1728 3454; x_wconf 81' lang='lat' dir='ltr'><strong><em>imp.</em></strong></span> <span class='ocrx_word' id='word_1_254' title='bbox 1760 3377 1930 3438; x_wconf 85' lang='lat' dir='ltr'><strong><em>Rom.</em></strong></span> <span class='ocrx_word' id='word_1_255' title='bbox 1963 3377 2122 3452; x_wconf 85' lang='lat' dir='ltr'><strong><em>Hp.</em></strong></span> <span class='ocrx_word' id='word_1_256' title='bbox 2156 3375 2285 3437; x_wconf 85' lang='lat'><strong><em>103</em></strong></span> <span class='ocrx_word' id='word_1_257' title='bbox 2321 3395 2377 3437; x_wconf 84' lang='grc' dir='ltr'><strong><em>η.</em></strong></span> <span class='ocrx_word' id='word_1_258' title='bbox 2409 3376 2585 3450; x_wconf 81' lang='grc'><em>415).</em></span> 
     </span>
    </p>
   </div>
   <div class='ocr_carea' id='block_1_6' title="bbox 1364 3569 2157 3645">
    <p class='ocr_par' dir='ltr' id='par_1_6' title="bbox 1364 3569 2157 3645">
     <span class='ocr_line' id='line_1_30' title="bbox 1364 3569 2157 3645; baseline -0.003 -1"><span class='ocrx_word' id='word_1_259' title='bbox 1364 3570 1832 3644; x_wconf 84' lang='lat' dir='ltr'><strong>OCTAVIVS</strong></span> <span class='ocrx_word' id='word_1_260' title='bbox 1887 3569 2157 3645; x_wconf 86' lang='lat' dir='ltr'><strong>MVSA</strong></span> 
     </span>
    </p>
   </div>
   <div class='ocr_carea' id='block_1_7' title="bbox 607 3730 2928 4048">
    <p class='ocr_par' dir='ltr' id='par_1_7' title="bbox 607 3730 2928 4006">
     <span class='ocr_line' id='line_1_31' title="bbox 785 3730 2928 3812; baseline 0 -21"><span class='ocrx_word' id='word_1_261' title='bbox 785 3730 1023 3792; x_wconf 87' lang='lat' dir='ltr'><strong><em>Ccrtius</em></strong></span> <span class='ocrx_word' id='word_1_262' title='bbox 1068 3730 1465 3792; x_wconf 85' lang='lat' dir='ltr'><strong><em>iudicabimus</em></strong></span> <span class='ocrx_word' id='word_1_263' title='bbox 1513 3731 1584 3793; x_wconf 87' lang='lat' dir='ltr'><strong><em>de</em></strong></span> <span class='ocrx_word' id='word_1_264' title='bbox 1634 3732 1812 3793; x_wconf 87' lang='lat' dir='ltr'><strong><em>tertio</em></strong></span> <span class='ocrx_word' id='word_1_265' title='bbox 1851 3733 2160 3812; x_wconf 83' lang='lat' dir='ltr'><strong><em>scriptore,</em></strong></span> <span class='ocrx_word' id='word_1_266' title='bbox 2199 3749 2230 3792; x_wconf 97' lang='lat' dir='ltr'><strong><em>a</em></strong></span> <span class='ocrx_word' id='word_1_267' title='bbox 2268 3749 2387 3811; x_wconf 89' lang='lat' dir='ltr'><strong><em>quo</em></strong></span> <span class='ocrx_word' id='word_1_268' title='bbox 2425 3732 2702 3792; x_wconf 85' lang='lat' dir='ltr'><strong><em>historias</em></strong></span> <span class='ocrx_word' id='word_1_269' title='bbox 2747 3749 2928 3792; x_wconf 81' lang='lat' dir='ltr'><strong><em>com-</em></strong></span> 
     </span>
     <span class='ocr_line' id='line_1_32' title="bbox 607 3827 2924 3909; baseline 0 -19"><span class='ocrx_word' id='word_1_270' title='bbox 607 3831 830 3908; x_wconf 85' lang='lat' dir='ltr'><strong><em>positas</em></strong></span> <span class='ocrx_word' id='word_1_271' title='bbox 868 3847 1000 3890; x_wconf 91' lang='lat' dir='ltr'><strong><em>esse</em></strong></span> <span class='ocrx_word' id='word_1_272' title='bbox 1040 3847 1109 3890; x_wconf 84' lang='lat' dir='ltr'><strong><em>ex</em></strong></span> <span class='ocrx_word' id='word_1_273' title='bbox 1148 3831 1343 3909; x_wconf 86' lang='lat' dir='ltr'><strong><em>poetis</em></strong></span> <span class='ocrx_word' id='word_1_274' title='bbox 1382 3827 1684 3890; x_wconf 85' lang='lat' dir='ltr'><strong><em>discimus.</em></strong></span> <span class='ocrx_word' id='word_1_275' title='bbox 1733 3847 1872 3891; x_wconf 90' lang='lat' dir='ltr'><strong><em>nam</em></strong></span> <span class='ocrx_word' id='word_1_276' title='bbox 1911 3838 1971 3890; x_wconf 90' lang='lat' dir='ltr'><strong><em>et</em></strong></span> <span class='ocrx_word' id='word_1_277' title='bbox 2007 3837 2252 3909; x_wconf 86' lang='lat' dir='ltr'><strong><em>propter</em></strong></span> <span class='ocrx_word' id='word_1_278' title='bbox 2287 3827 2602 3890; x_wconf 87' lang='lat' dir='ltr'><strong><em>Octauium</em></strong></span> <span class='ocrx_word' id='word_1_279' title='bbox 2641 3845 2924 3908; x_wconf 83' lang='lat' dir='ltr'><strong><em>praema-</em></strong></span> 
     </span>
     <span class='ocr_line' id='line_1_33' title="bbox 610 3925 2927 4048; baseline 0.002 -62"><span class='ocrx_word' id='word_1_280' title='bbox 610 3935 738 3987; x_wconf 86' lang='lat' dir='ltr'><strong><em>tura</em></strong></span> <span class='ocrx_word' id='word_1_281' title='bbox 775 3936 963 3988; x_wconf 86' lang='lat' dir='ltr'><strong><em>morte</em></strong></span> <span class='ocrx_word' id='word_1_282' title='bbox 994 3936 1227 4048; x_wconf 86' lang='lat' dir='ltr'><strong><em>raptum</em></strong></span> <span class='ocrx_word' id='word_1_283' title='bbox 1256 3925 1577 3988; x_wconf 86' lang='lat' dir='ltr'><strong><em>Romanam</em></strong></span> <span class='ocrx_word' id='word_1_284' title='bbox 1608 3928 1920 3988; x_wconf 86' lang='lat' dir='ltr'><strong><em>historiam</em></strong></span> <span class='ocrx_word' id='word_1_285' title='bbox 1950 3926 2130 3988; x_wconf 83' lang='lat' dir='ltr'><strong><em>deflet</em></strong></span> <span class='ocrx_word' id='word_1_286' title='bbox 2157 3929 2287 3988; x_wconf 90' lang='lat' dir='ltr'><strong><em>siue</em></strong></span> <span class='ocrx_word' id='word_1_287' title='bbox 2320 3926 2612 4006; x_wconf 84' lang='lat' dir='ltr'><strong><em>Vergilius</em></strong></span> <span class='ocrx_word' id='word_1_288' title='bbox 2638 3928 2770 3987; x_wconf 87' lang='lat' dir='ltr'><strong><em>siue</em></strong></span> <span class='ocrx_word' id='word_1_289' title='bbox 2805 3931 2927 4006; x_wconf 79' lang='lat' dir='ltr'><strong><em>qui</em></strong></span> 
     </span>
    </p>
   </div>
   <div class='ocr_carea' id='block_1_8' title="bbox 659 4041 1044 4049">
    <p class='ocr_par' dir='ltr' id='par_1_8' title="bbox 659 4041 1044 4049">
     <span class='ocr_line' id='line_1_34' title="bbox 659 4041 1044 4049; baseline -0.003 0"><span class='ocrx_word' id='word_1_290' title='bbox 659 4041 852 4049; x_wconf 76' lang='lat'><em>-——--</em></span> <span class='ocrx_word' id='word_1_291' title='bbox 989 4043 1044 4048; x_wconf 65' lang='grc'><strong><em>,-</em></strong></span> 
     </span>
    </p>
   </div>
   <div class='ocr_carea' id='block_1_9' title="bbox 606 4096 2934 4409">
    <p class='ocr_par' dir='ltr' id='par_1_9' title="bbox 606 4096 2934 4328">
     <span class='ocr_line' id='line_1_35' title="bbox 607 4096 2934 4170; baseline 0.001 -18"><span class='ocrx_word' id='word_1_292' title='bbox 607 4098 817 4153; x_wconf 74' lang='lat' dir='ltr'><strong><em>citatae</em></strong></span> <span class='ocrx_word' id='word_1_293' title='bbox 864 4099 1004 4164; x_wconf 81' lang='lat' dir='ltr'><strong><em>sint,</em></strong></span> <span class='ocrx_word' id='word_1_294' title='bbox 1051 4096 1326 4169; x_wconf 81' lang='lat' dir='ltr'><strong><em>originem</em></strong></span> <span class='ocrx_word' id='word_1_295' title='bbox 1372 4097 1577 4152; x_wconf 86' lang='lat' dir='ltr'><strong><em>ducere</em></strong></span> <span class='ocrx_word' id='word_1_296' title='bbox 1622 4101 1836 4167; x_wconf 75' lang='lat' dir='ltr'><strong><em>potest,</em></strong></span> <span class='ocrx_word' id='word_1_297' title='bbox 1883 4099 2164 4153; x_wconf 78' lang='lat' dir='ltr'><strong><em>duxerunt</em></strong></span> <span class='ocrx_word' id='word_1_298' title='bbox 2207 4098 2528 4170; x_wconf 76' lang='lat' dir='ltr'><strong><em>fragmenta</em></strong></span> <span class='ocrx_word' id='word_1_299' title='bbox 2575 4114 2609 4152; x_wconf 79' lang='lat' dir='ltr'><strong><em>a</em></strong></span> <span class='ocrx_word' id='word_1_300' title='bbox 2655 4097 2934 4154; x_wconf 70' lang='lat' dir='ltr'><strong><em>charisio</em></strong></span> 
     </span>
     <span class='ocr_line' id='line_1_36' title="bbox 606 4175 2930 4248; baseline 0 -15"><span class='ocrx_word' id='word_1_301' title='bbox 606 4181 851 4247; x_wconf 75' lang='lat' dir='ltr'><strong><em>seruata,</em></strong></span> <span class='ocrx_word' id='word_1_302' title='bbox 896 4177 1047 4247; x_wconf 84' lang='lat' dir='ltr'><strong><em>quod</em></strong></span> <span class='ocrx_word' id='word_1_303' title='bbox 1088 4179 1321 4248; x_wconf 76' lang='lat' dir='ltr'><strong><em>propter</em></strong></span> <span class='ocrx_word' id='word_1_304' title='bbox 1352 4175 1744 4233; x_wconf 80' lang='lat' dir='ltr'><strong><em>Woelfflinnm</em></strong></span> <span class='ocrx_word' id='word_1_305' title='bbox 1781 4178 1818 4234; x_wconf 91' lang='lat' dir='ltr'><strong><em>l.</em></strong></span> <span class='ocrx_word' id='word_1_306' title='bbox 1849 4196 1891 4235; x_wconf 83' lang='lat' dir='ltr'><strong><em>s.</em></strong></span> <span class='ocrx_word' id='word_1_307' title='bbox 1921 4179 1994 4233; x_wconf 83' lang='lat' dir='ltr'><strong><em>de</em></strong></span> <span class='ocrx_word' id='word_1_308' title='bbox 2029 4196 2084 4248; x_wconf 90' lang='lat' dir='ltr'><strong><em>p.</em></strong></span> <span class='ocrx_word' id='word_1_309' title='bbox 2119 4183 2238 4247; x_wconf 87' lang='lat'><strong><em>100,</em></strong></span> <span class='ocrx_word' id='word_1_310' title='bbox 2268 4184 2336 4232; x_wconf 75' lang='lat'><strong><em>23</em></strong></span> <span class='ocrx_word' id='word_1_311' title='bbox 2387 4179 2608 4234; x_wconf 77' lang='lat' dir='ltr'><strong><em>Veneris</em></strong></span> <span class='ocrx_word' id='word_1_312' title='bbox 2653 4179 2930 4234; x_wconf 76' lang='lat' dir='ltr'><strong><em>antistita</em></strong></span> 
     </span>
     <span class='ocr_line' id='line_1_37' title="bbox 609 4260 1079 4328; baseline -0.007 -13"><span class='ocrx_word' id='word_1_313' title='bbox 609 4260 829 4328; x_wconf 69' lang='lat' dir='ltr'><strong><em>Gupms</em></strong></span> <span class='ocrx_word' id='word_1_314' title='bbox 862 4275 1079 4313; x_wconf 88' lang='lat' dir='ltr'><strong><em>moneo.</em></strong></span> 
     </span>
    </p>

    <p class='ocr_par' dir='ltr' id='par_1_10' title="bbox 790 4338 1471 4409">
     <span class='ocr_line' id='line_1_38' title="bbox 790 4338 1471 4409; baseline -0.003 -17"><span class='ocrx_word' id='word_1_315' title='bbox 790 4343 840 4409; x_wconf 92' lang='lat'><strong><em>1)</em></strong></span> <span class='ocrx_word' id='word_1_316' title='bbox 876 4339 1059 4394; x_wconf 86' lang='lat' dir='ltr'><strong><em>Druso</em></strong></span> <span class='ocrx_word' id='word_1_317' title='bbox 1096 4339 1211 4394; x_wconf 83' lang='lat' dir='ltr'><strong><em>eod.</em></strong></span> <span class='ocrx_word' id='word_1_318' title='bbox 1246 4338 1471 4394; x_wconf 77' lang='lat' dir='ltr'><strong><em>Monac.</em></strong></span> 
     </span>
    </p>
   </div>
  </div>
 </body>
</html>
