3234 5034
415 1386 482 1433 42

397 1458 502 1523 “IT2

423 2667 492 2716 42

537 272 624 337 66
1041 271 1114 325 Μ.
1146 269 1508 325 VALERIVS
1545 269 1927 325 MESSALLA
1966 268 2335 323 CORVINVS

537 437 740 522 φύσει
785 442 1094 501 τοιοῦτον
1139 436 1328 501 ὄντα·
1387 432 1821 518 παυσαμένου
1868 429 1941 499 δὲ
1987 441 2109 498 τοῦ
2158 434 2433 499 δείπνου
2474 434 2851 515 λαβόμενον

537 544 653 619 τῆς
715 533 932 618 χειρὸς
1005 532 1217 597 αὐτοῦ
1291 533 1558 617 σφόδρα
1623 540 1949 597 τοσοῦτον
2014 534 2257 613 εἰπεῖν,
2330 531 2549 615 ὥσπερ
2616 532 2847 623 είῴθει

536 630 1185 716 φιλοφρονούμενος,
1225 626 1574 715 Ἑλληνικῇ
1620 638 1814 715 φωνῇ
1857 629 2331 714 “Μαρτύρομαί
2367 645 2461 711 σε,
2498 628 2849 709 Μεσσάλα,

535 729 741 796 ταύτὰ
815 729 1145 815 Πομπηίῳ
1215 728 1477 815 Μάγνῳ
1550 728 1832 812 πάσχειν
1906 726 2433 810 ἀναγκαζόμενος
2507 727 2619 793 διὰ
2690 738 2850 812 μιᾶς

534 828 744 913 μάχης
791 826 1152 911 ἀναρρῖψαι
1199 826 1318 891 τὸν
1362 825 1514 909 περὶ
1561 835 1675 909 τῆς
1720 824 2039 909 πατρίδος
2084 824 2318 907 κύβον.
2384 824 2655 909 ἀγαθὴν
2689 822 2847 910 μέν-
2907 847 2941 889 ι

535 950 639 991 τοι
695 924 916 1010 ψυχὴν
962 921 1214 1009 ἔχωμεν
1265 924 1358 999 εἰς
1403 924 1527 1007 τὴν
1573 924 1783 1009 τύχην
1830 922 2241 1007 ἀφορῶντες,
2286 914 2347 1011 ᾗ,
2393 921 2538 988 κᾶν·
2566 926 2851 1007 βουλευ-

538 1024 813 1105 σώμεθα
867 1032 1110 1104 κακῶς,
1164 1019 1470 1087 ἀπιστεῖν
1515 1020 1598 1086 οὐ
1657 1022 1699 1085 δ
1702 1022 1965 1087 ίκαιον’.
2052 1024 2271 1086 Ταῦτα
2320 1022 2593 1087 εἰπόντα
2638 1018 2855 1105 φησὶν

538 1121 574 1188 6
611 1121 972 1196 Μεσσάλας
1017 1123 1361 1185 τελευταῖα
1405 1120 1571 1204 πρὸς
1617 1118 1827 1185 αὐτὸν
1872 1118 2303 1184 ἀσπάσασθαι
2350 1120 2471 1184 τὸν
2516 1118 2852 1184 Κάσσιον·

539 1212 709 1285 εἶναι
758 1215 834 1284 δὲ
878 1215 1275 1301 κεκλημένος
1322 1218 1417 1293 εἰς
1457 1218 1581 1301 τὴν
1616 1216 1979 1301 ὑστεραίαν
2017 1214 2123 1281 ἐπὶ
2162 1218 2442 1282 δεῖπνον
2478 1215 2592 1281 ὑπ’
2636 1216 2853 1281 αὐτοῦ

539 1315 897 1401 γενέθλιον
943 1310 1172 1381 οὖσαν.
2884 1336 2947 1377 ιο

723 1412 837 1478 2*.
889 1419 1046 1479 Plut.
1085 1418 1258 1478 Brut.
1297 1417 1385 1477 42
1453 1413 1535 1477 ol
1585 1410 1659 1477 δὲ
1710 1416 1920 1494 [Bruti
1973 1421 2194 1478 milites
2238 1421 2302 1479 in
2347 1435 2569 1495 pugna
2622 1418 2854 1493 Philip·

529 1520 716 1594 pensi
742 1514 986 1593 priore]
1031 1512 1119 1595 μὴ
1157 1511 1655 1595 κυκλωσάμενοι
1702 1512 1859 1587 τοὺς
1896 1511 2237 1596 Καίσαρος
2274 1510 2443 1577 ἀλλὰ
2479 1513 2856 1595 συμπεσόν-

539 1633 647 1689 τες
703 1610 946 1696 ρᾳδίως
1001 1608 1123 1691 μὲν
1179 1606 1630 1693 ἀπετρέψαντο
1686 1608 2213 1692 τεταραγμένους
2276 1607 2388 1674 καὶ
2449 1608 2859 1693 διέφθειραν

541 1708 615 1774 έν
660 1718 887 1795 χεροῖν
929 1710 1081 1791 τρία
1127 1706 1422 1791 τάγματα
1465 1704 1578 1771 καὶ
1628 1706 2107 1771 συνεισέπεσον
2143 1708 2239 1783 εἰς
2285 1707 2361 1773 τὸ
2400 1708 2857 1790 στρατόπεδον

541 1816 684 1883 τοῖς
738 1806 1112 1890 φεύγουσιν
1165 1804 1297 1869 ὑπὸ
1355 1804 1566 1889 ῥύμης
1619 1812 1741 1869 τοῦ
1796 1814 2065 1888 κρατεῖν
2120 1804 2638 1889 συνενεχθέντες
2691 1802 2847 1885 μεθ’
2892 1826 2957 1867 ιε,

544 1902 800 1969 ἑαυτῶν
861 1899 1124 1988 ἔχοντες
1187 1902 1306 1967 τὸν
1362 1904 1687 1983 Βροῦτον.
1733 1939 1823 1948 -
1850 1900 2032 1985 ”Han
2089 1898 2164 1967 δὲ
2220 1903 2296 1967 τὸ
2341 1902 2549 1987 μέσον
2596 1899 2858 1979 ἐξεώκει

545 2004 732 2089 φόνῳ
777 2006 1001 2089 πολλῷ
1041 2002 1195 2078 τοὺς
1244 1997 1831 2084 ἀντιτεταγμένους
1888 1997 1998 2065 καὶ
2048 2005 2389 2077 παντελῶς
2434 1999 2651 2066 ἐδόκει
2696 2022 2858 2083 κρα-

543 2110 685 2165 τεῑν
751 2098 786 2164 6
852 2101 1180 2182 Βροῦτος,
1246 2098 1463 2181 ὥσπερ
1522 2096 1556 2162 ὁ
1624 2098 1920 2173 Κάσσιος
1983 2104 2393 2181 κρατεῖσθαι.
2414 2168 2427 2173 ,
2478 2096 2587 2165 καὶ
2652 2106 2866 2163 τοῦτο

544 2198 757 2282 μόνον
821 2196 1044 2261 αὐτῶν
1107 2195 1453 2279 διέφθειρε
1512 2197 1593 2259 τὰ
1646 2195 2026 2281 πράγματα,
2080 2205 2203 2261 τοῦ
2257 2192 2382 2280 μὲν
2437 2196 2532 2272 ὡς
2580 2206 2861 2261 νικῶντι

547 2298 824 2383 Κασσίῳ
879 2295 966 2379 μὴ
1020 2294 1506 2378 βοηθήσαντος,
1549 2301 1673 2358 τοῦ
1720 2288 1794 2358 δὲ
1840 2295 2147 2378 Βροῦτον
2193 2294 2285 2369 ὡς
2330 2291 2720 2360 ἀπολωλότα
2765 2294 2861 2378 μὴ
2894 2314 2961 2355 20

546 2396 1078 2477 περιμείναντος·
1153 2388 1293 2457 ἐπεὶ
1349 2399 1465 2474 τῆς
1519 2414 1594 2474 γε
1650 2394 1841 2475 νίκης
1896 2390 2061 2478 ὅρον
2108 2390 2144 2457 6
2190 2392 2551 2468 Μεσσάλας
2596 2394 2865 2456 τίθεται

545 2491 622 2555 τὸ
685 2500 863 2575 τρεῖς
927 2489 1160 2565 ἀετοὺς
1222 2487 1330 2553 καὶ
1406 2488 1620 2554 πολλὰ
1694 2498 1931 2572 σημεῖα
2005 2492 2237 2573 λαβεῖν
2299 2500 2435 2555 τῶν
2498 2490 2863 2573 πολεμίων,

549 2586 846 2665 ἐκείνους
889 2588 965 2654 δὲ
1009 2587 1236 2672 μηδέν.
1447 2664 1450 2667 ,
1545 2606 1551 2610 ·
2700 2592 2707 2599 '

729 2684 847 2752 3³¹².
897 2691 1052 2751 Plut.
1091 2690 1264 2749 Brut.
1304 2689 1392 2749 45
1436 2681 1728 2751 ’Ἑπεσον
1765 2681 1839 2749 δὲ
1876 2685 2135 2750 τούτων
2171 2684 2295 2769 μὲν
2336 2686 2617 2766 [militum
2662 2689 2868 2750 Cassii

446 2757 511 2805 12
536 2792 759 2866 priore
772 2805 994 2864 puqna
1024 2784 1426 2863 Philtppensi]
1457 2781 1929 2868 ὀκτακισχίλιοι
1968 2784 2097 2847 σὺν
2133 2792 2275 2858 τοῖς
2309 2780 2867 2865 στρατευομένοις
2898 2803 2967 2844 ιε»,

551 2881 861 2964 οἰκέταις,
917 2880 1035 2958 οὓς
1091 2882 1341 2965 Βρίγας
1397 2882 1433 2945 6
1492 2883 1795 2963 Βροῦτος
1838 2879 2159 2963 ὠνόμαζε·
2231 2890 2369 2946 τῶν
2416 2878 2475 2945 δ’
2534 2876 2866 2945 ἐναντίων

551 2980 913 3057 Μεσσάλας
959 2980 1167 3064 φησὶν
1213 2984 1479 3043 οἴεσθαι
1525 2979 1799 3055 πλείους
1844 2978 1885 3062 ἢ
1933 2980 2344 3055 διπλασίους.

729 3075 850 3144 4*.
907 3081 1044 3142 Tac.
1084 3099 1227 3142 ann.
1267 3082 1369 3141 IV
1407 3081 1494 3139 34
1549 3078 1821 3141 Messalla
1869 3079 2165 3142 Coruinus
2213 3082 2633 3160 imperatorem
2682 3098 2867 3140 suum

554 3180 824 3241 Cassium
871 3177 1268 3258 praedicabat.

735 3272 853 3340 5³⁸.
893 3278 1056 3338 Suet.
1094 3278 1253 3352 Aua.
1296 3277 1380 3336 74
1427 3274 1874 3337 Conuiuabatur
1905 3274 2271 3354 [Augustus]
2302 3274 2542 3338 assidue
2580 3294 2693 3336 nec
2728 3294 2865 3336 um·
2900 3294 2973 3334 ιο

556 3394 734 3456 quam
789 3376 906 3436 nisi
964 3381 1152 3453 recta,
1198 3393 1316 3435 non
1375 3375 1504 3435 sine
1560 3392 1774 3453 magno
1820 3373 2098 3435 ordinum
2144 3374 2573 3454 hominumque
2623 3372 2865 3434 dilectu.

555 3473 826 3535 Valerius
871 3470 1120 3533 Messala
1166 3470 1350 3533 tradit
1395 3474 1695 3533 neminem
1742 3490 2025 3551 umquam
2074 3471 2489 3533 libertinorum
2529 3470 2871 3533 adhibitum

735 3625 796 3682 8.
838 3626 920 3693 Cf.
953 3627 1099 3695 App.
1132 3626 1180 3679 b.
1210 3644 1254 3681 c.
1283 3626 1384 3680 IV
1404 3630 1513 3680 112
1564 3625 1680 3680 Τὸν
1718 3624 1774 3679 δ’
1818 3625 2069 3695 ἀριθμὸν
2105 3635 2217 3681 τῶν
2254 3620 2673 3681 ἀποθανόντων
2710 3624 2867 3679 εἰκά-

557 3700 711 3765 ζουσι
760 3706 872 3751 τῶν
927 3694 1028 3765 μὲν
1075 3696 1222 3767 ἀμφὶ
1266 3696 1366 3751 τὸν
1405 3694 1655 3751 Κάσσιον
1704 3697 1759 3758 ἐς
1806 3693 2243 3767 ὀκτακισχιλίους
2290 3696 2393 3751 σὺν
2428 3704 2546 3758 τοῖς
2580 3694 2875 3763 παρασπιΆ

559 3774 712 3835 ζουσι
747 3766 1067 3836 θεράπουσι
1104 3764 1390 3839 γενέσθαι,
1425 3776 1537 3822 τῶν
1574 3763 1633 3822 δ’
1676 3766 1824 3837 ἀμφὶ
1858 3766 1960 3823 τὸν
1998 3764 2261 3833 Καίσαρα
2298 3764 2651 3821 διπλασίονα.

743 3923 798 3978 1.
846 3916 1171 3998 λαβόμενος
1209 3935 1248 3988 ς
1473 3921 1531 3977 4.
1579 3926 1761 3978 ταῦτα
1797 3918 1934 3977 libre·
1971 3936 2118 3978 corr.
2148 3934 2189 3987 ς
2367 3920 2687 3997 παρασχεῖν
2722 3918 2872 3977 libri

551 4026 706 4085 corr.
735 4026 771 4075 ς
893 4010 949 4067 5.
989 4004 1136 4087 ὑπὲρ
1173 4026 1209 4075 ς
1350 4008 1406 4067 6.
1444 4005 1649 4086 ἔχομεν
1676 4008 1837 4082 uuly.
1866 4026 1971 4067 em.
2006 4007 2221 4067 Goraes
2359 4009 2415 4065 7.
2452 4002 2635 4067 εἰπὼν
2670 4006 2814 4065 libri

563 4100 620 4158 9.
658 4094 1019 4176 κεκλημένον
1045 4098 1203 4171 uulq.
1223 4112 1334 4157 em.
1357 4096 1615 4156 Simoni-3
1826 4089 1895 4175 2,
1946 4098 2046 4156 14.
2084 4093 2243 4175 χερσὶ
2266 4094 2527 4155 Simonis

743 4179 821 4266 3,
870 4188 970 4245 26.
1036 4184 1272 4266 Βρύγας
1315 4186 1474 4260 ιιιιῑρ.
1523 4184 1625 4259 (cf.
1676 4185 2087 4246 Oba-hammer
2141 4203 2235 4260 ap.
2276 4185 2706 4260 Pauly-wisa
2746 4184 2875 4246 III

561 4295 606 4336 c.
652 4279 782 4337 920
807 4275 920 4349 sq.)
1075 4270 1348 4352 ὀνομάζει
1381 4272 1659 4350 Schaefer
