3234 5034
635 312 760 358 vn1
1123 290 1220 343 DE
1259 290 1724 345 SCRIPTORVM
1762 288 1951 345 vl'l'ls
1988 289 2081 344 ΕΤ
2118 289 2437 345 SCRIPTIS

633 458 686 519 11
728 452 1029 536 13[15·]‚
1060 454 1120 517 2.
1167 457 1246 517 111
1289 454 1346 537 1,
1377 454 1488 539 11;
1537 454 1599 537 8,
1628 454 1698 540 3;
1744 454 1805 537 9,
1834 454 1896 538 6,
1935 457 2008 519 de
2050 456 2423 538 temporibus
2460 460 2587 521 suis
2624 460 2703 521 111
2744 456 2801 539 1,
2830 457 2936 541 24,

633 554 740 617 ubi
787 555 1034 618 Mueller
1087 574 1199 635 pro
1236 554 1486 617 Medicei
1533 558 1831 635 scriptura
1878 560 1943 617 in
1986 560 2325 619 secundum
2368 560 2593 619 librum
2636 561 2935 620 librorum

633 672 902 717 meorum
957 656 1199 734 scripsit
1261 659 1326 715 in
1379 656 1715 716 secundum
1768 656 1993 717 librum
2048 663 2381 732 temporum
2434 674 2723 731 meorum,
2769 664 2831 717 et
2882 655 2938 717 11

637 748 673 812 7
707 748 826 831 [9],
857 749 914 831 1,
958 751 1064 814 ubi
1111 771 1182 813 ex
1229 759 1498 832 tempore
1537 751 1834 832 epistulae
1882 770 2221 815 sermonem
2258 772 2393 815 esse
2430 762 2677 835 apparet
2713 754 2785 815 de
2822 754 2937 815 hoc

635 850 804 930 libro,
851 850 956 911 sed
1004 849 1163 931 quod
1207 850 1466 922 Quintus
1512 850 1699 912 frater
1742 858 2028 929 suaserat,
2069 848 2161 912 ‘ut
2194 854 2571 914 meminisset
2603 853 2763 914 Iouis
2804 871 2936 913 ora·

633 952 876 1029 tionem,
922 967 1073 1029 quae
1121 956 1282 1011 esset
1327 950 1390 1010 in
1437 956 1705 1010 extremo
1752 948 1879 1009 illo
1926 946 2123 1027 libro',
2170 949 2245 1010 ad
2299 968 2541 1012 carmen
2594 950 2937 1013 consulatus

635 1050 968 1127 reuocauit,
1029 1046 1188 1127 quod
1243 1046 1434 1108 solum
1479 1046 1883 1118 Quintilianus
1939 1054 2001 1107 et
2051 1045 2650 1111 Pseudo-Sallustius
2696 1050 2937 1111 nouisse

633 1144 918 1207 uidentur
964 1147 1119 1219 (uid.
1149 1146 1324 1223 infra
1336 1164 1406 1222 p.
1436 1166 1550 1205 11⁷1
1581 1147 1670 1224 fr.
1701 1147 1759 1206 5.
1789 1147 1848 1207 6.
1877 1144 1967 1219 8).

811 1242 1100 1315 Quartum
1165 1243 1422 1324 denique
1487 1261 1723 1323 poema,
1788 1243 1945 1323 quod
2008 1243 2127 1306 huc
2190 1246 2511 1325 pertineat,
2568 1253 2659 1308 est
2712 1245 2936 1307 Marii.

635 1344 735 1403 cui
797 1340 1114 1403 scribendo
1173 1360 1292 1422 quo
1352 1360 1506 1404 anno
1565 1360 1811 1422 operam
1872 1340 2131 1422 dederit,
2192 1344 2523 1425 nescimus3
2584 1345 2937 1423 perfecerat,

633 1458 772 1501 cum
817 1439 987 1501 libris
1034 1442 1160 1501 suis
1207 1439 1280 1501 de
1327 1439 1558 1520 legibus
1611 1442 1985 1521 prooemium
2031 1443 2466 1520 praemitteret,
2512 1441 2619 1503 sed
2666 1460 2743 1503 ne
2790 1441 2937 1505 illud

635 1537 876 1619 quidem
933 1545 1189 1616 constat,
1235 1544 1440 1600 utrum
1486 1538 1600 1599 hoc
1646 1540 1983 1619 scripserit,
2044 1556 2181 1599 cum
2228 1538 2302 1599 ad
2348 1538 2495 1602 illud
2533 1557 2683 1620 opus
2729 1538 2938 1620 adgre-

635 1635 896 1715 deretur,
935 1654 986 1698 a.
1016 1636 1140 1697 fere
1179 1632 1265 1697 52
1268 1632 1302 1717 s
1306 1633 1342 1697 7
1347 1632 1453 1716 02,
1491 1654 1566 1697 an
1605 1654 1743 1698 cum
1788 1636 2183 1717 inperfectum
2230 1644 2601 1718 retractaret,
2642 1656 2719 1699 m.
2748 1638 2939 1718 Aprili

635 1754 685 1796 a.
721 1729 1000 1815 46s708,
1045 1742 1222 1813 atque
1269 1743 1515 1814 propter
1559 1734 1715 1796 hanc
1760 1733 2207 1815 dubitationem,
2250 1745 2456 1797 utrum
2492 1736 2762 1815 Marium,
2798 1754 2937 1797 cum

636 1852 780 1895 suus
827 1834 980 1894 ciuis
1026 1832 1262 1911 fuisset,
1308 1851 1384 1893 an
1429 1850 1566 1893 cum
1614 1832 1888 1893 Caesaris
1934 1841 2219 1911 cognatus
2269 1841 2331 1895 et
2384 1836 2449 1895 in
2504 1852 2573 1895 re
2616 1853 2673 1914 p.
2712 1842 2938 1913 auctor,

635 1930 938 1993 celebrare
985 1930 1279 2010 maluerit,
1326 1949 1417 2011 an,
1463 1933 1746 2012 quoniam
1792 1950 1929 1993 cum
1970 1939 2225 2011 utroque
2260 1930 2705 1994 necessitudine
2742 1931 2939 2013 aliqua

635 2033 988 2092 coniunctus
1054 2037 1207 2109 erat,
1272 2031 1402 2109 ipse
1466 2048 1576 2109 per
1639 2028 1891 2091 Marium
1958 2028 2029 2090 ad
2088 2029 2359 2091 Caesaris
2424 2029 2771 2110 dignitatem
2838 2030 2937 2092 ad-

635 2146 880 2209 spirare.

812 2226 1080 2306 Denique
1129 2225 1202 2287 ab
1248 2225 1553 2288 anecdotis
1599 2225 1719 2289 illis
1767 2226 2190 2308 Theopompiis
2224 2224 2294 2288 R.
2330 2225 2530 2287 Hirzel
2571 2230 2672 2300 (m.
2704 2228 2819 2289 Bk.
2850 2228 2939 2287 47

621 2345 690 2403 p.
710 2324 860 2387 368.
897 2326 1124 2400 Dialoy
1154 2326 1195 2385 Ι
1223 2324 1356 2385 547
1371 2326 1489 2400 sq.)
1521 2332 1582 2385 et
1607 2323 1715 2385 Ed.
1736 2324 2035 2385 Schwartz
2064 2326 2299 2398 (Herm.
2318 2325 2407 2385 32
2430 2342 2501 2402 p.
2520 2324 2680 2400 558)
2714 2318 2939 2407 “Hocc-

635 2420 965 2484 κλείδειον
1009 2418 1278 2501 aliquid’,
1323 2423 1386 2483 in
1433 2440 1552 2502 quo
1598 2421 1985 2502 conponendo
2030 2429 2167 2503 post
2204 2422 2475 2484 Caesaris
2510 2430 2763 2485 mortem
2802 2442 2939 2485 uer-

635 2520 895 2600 sabatur,
942 2528 1106 2583 recte
1155 2519 1557 2582 distinxerunt
1609 2528 1783 2582 antea
1830 2520 2009 2600 uulgo
2056 2539 2195 2582 cum
2242 2522 2330 2581 eis
2377 2521 2708 2583 confusum.
2800 2539 2941 2583 nam

637 2618 865 2698 Cicero,
901 2620 1184 2699 quoniam
1212 2627 1274 2679 et
1301 2621 1393 2680 sui
1432 2621 1623 2699 ipsius
1660 2626 1721 2680 et
1756 2618 1919 2681 illius
1956 2618 2155 2681 caedis
2192 2638 2327 2680 eum
2366 2618 2709 2699 paenitebat
2734 2622 2939 2683 etiam

637 2736 841 2780 mense
891 2717 1076 2798 Aprili
1123 2724 1378 2778 exeunte
1419 2717 1669 2796 Atticus,
1715 2725 1783 2778 ut
1827 2736 1893 2778 se
1939 2717 2225 2779 historiae
2274 2716 2458 2797 daret,
2504 2725 2775 2779 suaserat
2818 2721 2939 2796 (ep.

637 2818 806 2877 XIV
844 2816 948 2891 14,
978 2816 1066 2895 5),
1115 2822 1241 2877 tum
1287 2814 1457 2895 Maio,
1505 2823 1572 2877 ut
1617 2810 1785 2897 “Hp.
1822 2812 2069 2895 aliquid'
2118 2815 2431 2896 scriberet,
2476 2834 2615 2877 cum
2660 2824 2723 2877 et
2766 2834 2938 2895 argu-

637 2920 904 2975 mentum
937 2911 1392 2992 couponendum
1432 2922 1494 2974 et
1529 2912 1834 2974 scribendi
1870 2922 2107 2992 tempus
2143 2915 2437 2975 maturius
2476 2913 2941 2993 exspectandum

639 3030 770 3073 esse
825 3009 1260 3091 respondisset,
1314 3012 1507 3091 primo
1564 3019 1949 3073 recusauerat
1996 3013 2158 3086 (XV
2187 3013 2246 3087 4,
2275 3012 2365 3092 3),
2422 3029 2499 3072 m.
2536 3011 2686 3073 lulio
2741 3019 2940 3073 autem

639 3130 710 3171 eo
757 3107 1080 3171 inclinabat
1093 3102 1163 3193 ¹),
1199 3106 1462 3189 Octobri,
1511 3128 1647 3171 cum
1696 3112 1925 3172 amicus
1970 3115 2135 3170 tanto
2180 3126 2362 3189 opere
2406 3108 2656 3171 consilio
2693 3128 2800 3171 suo
2841 3109 2941 3172 de-

640 3209 985 3287 lectaretur,
1044 3207 1322 3287 promisit
1367 3206 1474 3269 sed
1520 3210 1845 3288 quaesiuit,
1891 3208 2065 3289 quale
2110 3206 2294 3269 uellet
2344 3226 2475 3269 esse
2524 3210 2685 3283 (XV
2717 3210 2820 3285 13,
2849 3210 2939 3284 3).

639 3316 764 3368 tum
819 3323 966 3367 uero
1022 3304 1206 3366 altum
1259 3304 1332 3367 de
1379 3324 1450 3367 eo
1497 3305 1830 3386 silentium,
1877 3309 1990 3368 etsi
2038 3324 2103 3367 se
2154 3306 2365 3369 ardere
2414 3306 2611 3368 studio
2658 3306 2943 3369 historiae

639 3423 717 3465 m.
764 3402 1090 3466 Nouembri
1146 3401 1217 3464 ad
1273 3403 1532 3465 Atticum
1589 3406 1831 3484 scripsit
1886 3405 2084 3475 (XVI
2113 3405 2240 3481 13⁶,
2278 3405 2367 3479 2).
2462 3404 2535 3466 de
2591 3412 2941 3485 argumento

641 3512 838 3563 tamen
896 3520 966 3562 ex
1029 3500 1152 3561 sola
1205 3502 1641 3580 significatione
1690 3494 2237 3583 “Hpoenzscoaov’
2306 3502 2595 3583 quaedam
2660 3502 2943 3583 colligere

639 3616 972 3681 possumus.
1065 3616 1202 3659 nam
1249 3597 1456 3660 Cicero
1503 3598 1853 3661 Heraclidae
1898 3598 2146 3679 Pontici,
2202 3618 2357 3679 cum,
2404 3600 2564 3681 quod
2608 3600 2945 3681 puerilibus

642 3697 854 3760 fabulis
891 3697 1075 3759 libros
1113 3699 1518 3777 respersisset,
1555 3700 1612 3759 ei
1652 3696 2039 3779 exprobraret
2076 3700 2183 3772 (dc
2218 3706 2343 3760 nat.
2374 3700 2431 3759 d.
2462 3699 2505 3759 Ῑ
2534 3700 2638 3775 13,
2666 3700 2803 3779 34),
2840 3699 2943 3761 ad-

641 3799 890 3858 mirator
914 3803 1043 3857 erat
1063 3797 1558 3877 potissimumque
1584 3798 1713 3859 eius
1740 3795 2124 3876 dialogorum,
2147 3795 2367 3877 quibus
2396 3796 2468 3858 de
2498 3796 2767 3858 moribus
2796 3796 2944 3859 alios

641 3896 931 3973 homines,
977 3895 1234 3955 maxime
1281 3896 1573 3975 antiquoS,
1618 3894 1986 3975 disputantes
2024 3895 2261 3955 fecerat.
2317 3896 2519 3975 itaque
2556 3898 2619 3957 in
2658 3893 2829 3956 libris
2866 3899 2946 3958 de

644 4014 714 4055 re
735 3996 994 4071 publica
1041 4010 1378 4054 sermonem
1416 3992 1692 4054 Africano
1740 3994 1988 4073 eiusque
2034 3994 2245 4053 amicis
2282 3992 2555 4054 attribuit
2598 4012 2793 4073 neque
2838 3992 2943 4055 ob·

824 4228 877 4296 1)
913 4224 1015 4278 XV
1054 4230 1193 4295 2‘1‚2
1231 4224 1304 4294 (V
1337 4242 1466 4281 non.
1508 4225 1721 4297 Quint.)
1758 4227 2026 4282 emendam
2062 4227 2281 4297 aliquid
2310 4225 2446 4296 710„
2484 4228 2631 4297 quod
2668 4229 2835 4283 lateat
2880 4231 2947 4283 in

644 4308 914 4361 Mauo-ia
939 4306 1069 4374 tuis,
1086 4304 1215 4359 XVI
1243 4312 1294 4373 2,
1315 4311 1348 4359 6
1367 4304 1440 4375 (V
1465 4306 1542 4361 id.
1565 4304 1928 4377 Quint.)‘H9.‚
1946 4308 1998 4362 ai
2016 4308 2391 4363 Bmmdisimn
2416 4308 2581 4375 salui,
2610 4308 2944 4364 adorimur.
